2594 4980
312 728 366 795 IN
398 725 511 794 LOC.
537 725 632 792 LIB.
661 725 750 791 LXI
783 724 996 794 LIVIANI.
1118 724 1186 797 385

126 883 138 904 a
155 851 251 913 etiam
268 848 351 909 ultra
368 861 506 909 mortem
520 844 654 909 extendi
668 844 759 925 odia,
773 860 823 924 et,
837 846 955 908 amisso
967 847 1099 933 spiritu,
1114 870 1188 913 cor·

125 982 138 1005 «
155 972 216 1037 pus
236 948 380 1010 exanime
400 946 541 1009 ludibrio
557 962 589 1009 et
608 946 710 1032 poenis
729 946 902 1010 destinari:
922 949 949 1010 si
966 947 1007 1010 ad
1022 951 1205 1039 Cartltagi··

126 1082 138 1105 «ι
154 1073 229 1112 nem
253 1065 309 1111 aut
326 1048 535 1111 Numantiam
560 1047 710 1110 Tiberius
733 1045 918 1128 cecidisset,
935 1047 1189 1114 induciis-factis

128 1185 139 1206 ιι
158 1150 198 1228 ad
215 1149 413 1236 sepulturam
427 1149 529 1235 repeti
544 1148 679 1212 cadaver
692 1147 812 1235 potuit;
830 1170 889 1211 nec
906 1149 993 1213 enim
1010 1150 1060 1213 vel
1080 1150 1189 1214 inleu-

127 1286 140 1308 «
157 1252 274 1315 sissimi
293 1251 400 1312 hostes
417 1250 586 1313 funeribus
603 1249 787 1312 occisorum
804 1248 960 1313 invident.

171 1353 274 1415 XXV.
299 1384 311 1406 ι
328 1351 390 1414 Sed
407 1352 439 1412 in
459 1352 518 1415 hac
533 1351 615 1414 urbe
634 1373 702 1437 quo
721 1351 854 1414 evaserit
870 1352 1075 1438 improbitas,
1091 1350 1189 1418 vides.

128 1488 140 1510 u
157 1455 210 1518 Me
226 1455 391 1517 miseram!
408 1452 488 1538 quid
505 1474 565 1539 ego
585 1453 671 1529 scio,
686 1452 712 1514 si
727 1473 793 1514 non
808 1449 935 1514 llumini
949 1468 1004 1515 aut
1018 1454 1098 1516 mari
1115 1477 1191 1519 mox

128 1589 141 1611 a
158 1555 406 1644 supplicandum
421 1556 498 1634 erit,
510 1571 548 1616 ut
560 1575 679 1640 corpus
694 1553 988 1617 contumulandum
1001 1555 1189 1619 restituant!
1289 1543 1291 1549 ⁵

127 1690 140 1714 a
157 1680 232 1720 narn
250 1657 328 1744 quid
346 1678 485 1742 usquam
506 1671 653 1718 sanctum
670 1655 964 1740 intemeratumque
987 1677 1055 1717 esse
1075 1672 1193 1741 queat,

128 1792 141 1815 «
159 1760 213 1822 ubi
236 1759 385 1822 Tiberius
402 1756 504 1820 occidi
522 1754 653 1842 potuit?
666 1754 745 1841 quid
758 1776 835 1816 vero
850 1755 985 1841 posthac
998 1771 1055 1818 aut
1068 1756 1194 1845 legibus

129 1893 142 1915 «
159 1860 285 1940 credas,
302 1875 358 1922 aut
374 1881 472 1944 quam
487 1858 580 1920 ⁴ultra
598 1878 689 1943 spem
703 1855 821 1918 habeas
837 1855 871 1918 in
887 1857 987 1919 tutela
1005 1855 1168 1921 deorum?
1182 1888 1195 1913 ι

129 1962 219 2024 Inter
233 1962 302 2024 hoec
319 1955 637 2023 lamenta‘Gracchus
654 1959 829 2037 clementer
843 1957 953 2021 laxatis
967 1959 1109 2022 mulieris
1125 1982 1195 2022 arn·

130 2062 295 2150 plexibus,
312 2062 425 2124 tacitus
444 2083 517 2123 curn
533 2059 644 2122 amicis
661 2057 784 2147 digredi
799 2059 916 2146 coepit:
934 2058 1067 2136 mulier,
1087 2076 1196 2149 togam

130 2161 278 2223 abeuntis
294 2159 494 2247 prehendere
510 2176 646 2239 conata,
667 2159 805 2247 procidit
821 2160 934 2240 humi3
952 2184 1121 2248 quumque
1139 2161 1198 2227 diu

132 2264 201 2325 sine
213 2285 291 2325 voce
301 2262 468 2341 jacuisset,
480 2262 605 2324 tollitur
617 2285 635 2323 a
649 2261 765 2336 servis,
780 2277 812 2324 et
826 2261 859 2322 in
873 2260 957 2323 aedes
972 2263 1077 2325 fratris
1091 2264 1197 2328 Crassi

131 2363 329 2449 deportatur.
349 2363 443 2424 Caius
459 2378 556 2448 atque
575 2362 725 2442 Fulvius,
740 2362 868 2426 sociatis
886 2363 919 2424 in
936 2364 1101 2427 Aventino
1117 2387 1197 2429 con·

131 2465 227 2544 siliis,
243 2463 342 2527 aedem
360 2463 470 2526 Dianae
488 2462 644 2525 muniunt
658 2482 666 2526 t
683 2466 779 2527 etrum
793 2485 894 2527 servos
909 2464 957 2527 ad
964 2465 1084 2550 pileum
1100 2488 1200 2530 voca·

132 2582 197 2644 tos,
212 2588 394 2654 quanquam
408 2567 472 2626 sine
487 2586 640 2641 successu,
656 2563 789 2650 quidam
805 2579 952 2626 auctores
966 2564 1199 2651 prodiderunt;

133 2665 222 2753 quod
239 2665 371 2752 placidis
392 2665 459 2728 Caii
479 2663 624 2727 moribus
642 2686 756 2751 parum
780 2664 949 2752 congruit,
974 2665 1035 2728 nisi
1060 2667 1144 2729 forte
1163 2667 1198 2728 in

133 2781 277 2828 extremo
307 2764 451 2850 periculo
479 2763 606 2825 nullum
636 2784 705 2826 esse
734 2762 1013 2828 contemnendum
1042 2766 1199 2830 auxilium

133 2866 334 2930 existimavit.

179 2967 297 3030 XXVI.
322 2965 371 3028 Ne
388 2979 496 3026 tamen
512 2962 691 3050 quidquam
704 2962 882 3028 retinendae
898 2962 1079 3027 concordie
1092 2965 1200 3029 inten-

135 3086 238 3132 tatum
265 3068 479 3153 relinqueret,
504 3065 620 3128 Fulvio
646 3064 824 3152 persuasit,
849 3079 887 3128 ut
913 3063 1074 3145 Quintum
1098 3066 1201 3132 lilium

138 3172 296 3233 minorem
323 3165 535 3230 cum'infulis
558 3165 700 3229 mitteret
723 3165 756 3228 in
783 3165 914 3245 lorum,
932 3166 1134 3250 existimans,
1157 3168 1202 3233 ob

137 3271 355 3334 innocentiam
376 3266 619 3347 adolescentiae,
638 3267 814 3356 gratiosum
838 3267 928 3332 hunc
951 3285 983 3331 et
1006 3268 1119 3333 utilem
1139 3270 1202 3335 im'·

139 3370 298 3458 petrandae
314 3370 385 3456 paci
403 3368 543 3456 legatum
565 3370 655 3431 fore:
680 3391 821 3455 namque
836 3392 960 3433 annum
978 3356 1203 3436 duodevicesi-

140 3494 229 3532 mum
252 3471 392 3533 necdum
415 3487 654 3558 transgressus,
670 3470 811 3558 ingenua
827 3469 941 3533 forme
958 3460 1204 3558 pulchritudine

140 3570 323 3635 excellebat.
347 3575 453 3657 Atque
467 3571 520 3633 hic
546 3571 602 3633 ubi
627 3569 753 3633 vultum
776 3570 972 3633 verecundia
997 3589 1030 3634 et
1055 3573 1204 3660 lacrymis

140 3670 310 3759 perfusus,
337 3670 487 3734 mandata
515 3670 661 3733 modeste
685 3693 723 3732 ac
745 3668 897 3733 decenter
921 3673 1091 3758 exposuit,
1118 3673 1206 3739 haud

142 3773 234 3859 pauci
255 3772 461 3858 praesentium
482 3771 523 3834 ad
544 3771 748 3835 conditiones
768 3771 986 3851 inclinabant,
1006 3794 1109 3861 quum
1124 3775 1205 3862 Opi-

142 3873 225 3935 mius
242 3871 374 3933 consul:
390 3902 402 3925 ι
416 3872 524 3958 Ipsos,
543 3871 666 3958 inquit,
680 3871 791 3934 venire
806 3872 919 3957 positis
933 3874 1030 3937 armis
1043 3874 1204 3963 oportuit,

142 4008 153 4029 tt
171 3996 269 4060 seque
285 3987 414 4034 senatus
431 3971 563 4034 arbitrio
581 3972 787 4059 permittere:
805 3987 842 4034 tu
865 3972 964 4059 iffl'tur
985 3973 1054 4036 haec
1074 3975 1205 4037 ntmtia·

143 4109 154 4128 «ι
172 4092 263 4138 turus
279 4073 385 4154 abito,
400 4090 449 4154 et,
468 4072 529 4135 nisi
544 4087 682 4160 acceptat
695 4069 899 4136 conditiones
913 4091 1028 4155 erunt,
1043 4096 1084 4137 ne
1100 4095 1206 4138 rerer-

144 4211 155 4231 ιι
173 4195 258 4240 tuor.
278 4209 289 4231 u

180 4357 195 4420 5
209 4357 291 4404 m.
304 4356 410 4419 Appbn.
425 4382 457 4391 —
469 4357 540 4404 Oros.
548 4354 581 4416 V,
594 4369 633 4400 ra.
648 4380 682 4389 -
696 4352 816 4401 Plutarch.
829 4352 891 4417 -s
905 4351 1071 4401 XXVLVcll.
1084 4354 1123 4411 ll,
1134 4369 1158 4414 e.
1175 4379 1206 4392 ··-

144 4437 266 4484 Plutarch.
278 4464 312 4472 -
328 4439 435 4503 Appian.

271 4535 327 4600 IX.
994 4527 1040 4598 25
