2594 4980
279 655 337 723 IN
369 656 481 727 LOC·
507 660 602 730 LIB.
630 661 775 729 XLVII
804 663 1017 734 LIVIANI.
1138 672 1183 764 39

117 774 356 860 mgbtrats'bus·
369 775 493 842 obedire
509 780 651 845 timent.
673 781 788 868 ltaque
806 780 930 847 dimissi
950 784 1068 850 deinde
1085 805 1182 871 sunt,

116 876 237 940 mulctae
254 875 398 941 maxima
408 895 500 966 parte
511 881 641 946 remissa
652 929 662 962 ,
679 895 716 944 ut
733 879 771 945 de
783 885 959 971 quingentis
974 900 1096 951 centron
1106 902 1180 952 tan-

113 978 273 1043 tummodo
291 976 414 1044 talettta
430 982 611 1069 penderent.

153 1079 276 1144 XXVI.
293 1081 431 1146 Interim
449 1084 483 1146 in
505 1084 581 1149 Asia
592 1083 715 1148 bellum
728 1085 815 1148 inter
831 1085 974 1149 Attalum
989 1103 1021 1150 et
1033 1089 1180 1155 Prusiam
1201 1097 1203 1102 '

112 1203 200 1270 reges
213 1200 398 1248 exarserat:
413 1208 480 1273 quo
493 1186 628 1251 inferior
641 1188 782 1268 Attalns,
794 1209 898 1275 quum
915 1187 956 1250 ab
970 1188 1063 1252 hoste
1083 1212 1179 1279 urge·

111 1299 211 1365 retur,
223 1283 260 1350 P.
274 1286 431 1368 Lentulo,
446 1288 504 1376 qui
518 1304 640 1353 tumen
649 1289 723 1356 Asia
736 1289 968 1369 revertebatur,
984 1289 1178 1354 Athenaeum

113 1382 242 1450 intrem
258 1386 408 1469 adjunxit
417 1438 427 1471 ,
436 1404 474 1455 ut
482 1404 624 1456 seuatwn
636 1390 677 1454 de
688 1389 778 1458 rebus
791 1391 933 1455 omnibus
946 1392 1106 1453 certiorem
1115 1389 1181 1475 sa·

112 1500 206 1567 seret,
224 1510 266 1551 ac
283 1488 334 1552 ud
357 1513 446 1579 opem
467 1493 525 1556 sibi
544 1495 622 1557 serio
637 1491 814 1582 femndam
839 1493 1027 1556 hortaretur.
1047 1490 1179 1555 Miserat

115 1602 203 1652 antea
218 1588 355 1677 quidem
366 1591 609 1674 Andronicum,
621 1593 678 1681 qui
694 1593 825 1658 doceret
841 1593 968 1672 Patres,
980 1614 1003 1653 a·
1022 1593 1135 1655 Prusia
1147 1614 1179 1654 se
1287 1648 1292 1657 ,

115 1688 285 1778 infestari:
301 1691 360 1757 sed
377 1693 413 1758 bi
433 1695 543 1782 potius
564 1694 728 1778 arbitrati,
747 1695 891 1760 Attalum
906 1693 1048 1780 Bithyno
1066 1692 1177 1754 immi·

116 1808 243 1857 nentem
257 1815 371 1882 parere
383 1797 445 1861 sibi
459 1797 661 1885 probabilem
678 1820 781 1861 cause
793 1797 948 1886 speciem,
961 1817 1029 1858 rem
1043 1794 1177 1880 insuper
1213 1874 1223 1886 κ

116 1889 312 1978 babuerunt;
326 1919 368 1961 eo
382 1899 499 1988 magis,
516 1899 607 1987 quod
622 1917 656 1964 et
668 1900 877 1980 Nicomedes,
891 1897 975 1962 fitius
989 1895 1125 1976 Prusiae,
1144 1909 1177 1958 et

115 1989 231 2082 legunt
246 1995 435 2086 Antiphilus
446 2000 619 2090 negabant,
631 2001 811 2090 quidquam
824 2022 939 2065 eorum
953 1998 1073 2063 lactum
1081 2003 1177 2083 ,qu'ae

115 2095 319 2163 Andronicus
330 2098 461 2166 diceret.
478 2102 579 2167 Paulo
596 2119 705 2166 autem
721 2118 812 2189 post,
822 2123 946 2187 quum,
958 2100 1029 2186 ipso
1043 2117 1175 2160 rumore

116 2214 158 2258 res
172 2198 374 2284 perferente,
387 2200 535 2267 viderent
549 2204 678 2279 Patres,
696 2224 763 2265 non
780 2223 849 2265 esse
865 2198 958 2264 nihili
967 2197 1078 2285 ,quod
1088 2197 1173 2261 ucci-

116 2292 205 2363 disset
209 2322 339 2390 neque
349 2318 457 2367 tamen
465 2305 579 2390 (prule
589 2318 674 2368 esset
680 2301 825 2390 hqndo
836 2317 970 2389 possent
980 2298 1170 2387 intelligere,

113 2394 271 2475 iusserunt
293 2403 330 2466 L.
347 2393 523 2491 Apuleium
545 2419 578 2468 et
594 2405 630 2469 C
646 2403 835 2469 Petronium
856 2401 897 2466 ad
919 2423 970 2465 res
992 2422 1106 2488 regum
1123 2400 1173 2462 in·
1216 2410 1219 2415 '

115 2499 342 2588 trospiciendas
358 2501 528 2591 proficisci.
548 2504 718 2569 Venerunt
741 2503 858 2568 deinde
880 2504 916 2567 L.
939 2501 1116 2581 Lentulus,
1140 2516 1173 2564 et

115 2599 488 2689 reginfraterAtheneus.
499 2606 656 2670 Lentulus
670 2627 773 2694 quum
782 2604 981 2670 asiaticarum
991 2623 1100 2665 rerum
1114 2615 1174 2663 sta·

115 2714 194 2783 tuns,
209 2704 342 2792 qualem
358 2705 428 2793 ipse
442 2706 582 2787 viderat,
598 2708 799 2795 exposuisset
815 2705 982 2784 Patribus;
998 2703 1169 2768 confestim
1244 2694 1248 2703 ¹

113 2807 211 2868 vocari
221 2806 419 2873 Athenaeum
430 2808 464 2871 in
484 2809 606 2873 curiam
617 2809 752 2896 placuit,
762 2824 796 2872 et
808 2830 868 2894 pro
883 2805 1105 2870 benevolentia
1121 2824 1171 2866 se·

113 2919 200 2969 nanis
215 2905 254 2968 in
268 2928 377 2996 regem
386 2908 529 2973 Attalum
545 2909 661 2997 legatio
677 2907 806 2973 decreta
812 2930 907 2995 ‚quae
922 2906 1067 2969 Prusiam
1084 2902 1171 2966 bello

111 3003 234 3081 inheret
250 3007 420 3074 amnone.

147 3111 289 3175 XXVII.
305 3111 446 3177 Profecti
457 3128 621 3177 sunteum
636 3112 792 3177 Athenaeo
807 3111 844 3174 C.
858 3056 1012 3173 Claudius
1024 3103 1170 3184 Centho,

112 3209 142 3275 b
160 3212 376 3295 Hortensius,
393 3216 429 3279 L.
448 3214 688 3280 Aurunculeius
705 3212 811 3303 legati.
832 3211 942 3275 Tum
934 3226 1051 3274 iterum
1074 3227 1169 3271 causa

111 3311 312 3379 ethnicorum
328 3317 475 3380 exsulum
491 3331 622 3381 tractata
635 3332 685 3381 est
694 3316 728 3379 in
739 3331 869 3395 senatu,
884 3335 987 3402 quum
1001 3311 1076 3378 de‘'
1056 3333 1096 3375 ns
1107 3310 1169 3374 Xe·

111 3432 171 3476 non
182 3414 357 3505 AEgiensis,
367 3433 400 3480 et
408 3417 549 3482 Telecles
558 3419 726 3506 Tegeates,
738 3417 835 3482 verba
844 3416 1005 3496 fecissent,
1019 3413 1167 3501 nihilque

110 3515 237 3602 propius
249 3516 389 3598 factum,
406 3539 505 3605 quam
521 3533 559 3582 ut
571 3518 829 3599 dimitterentur;
848 3518 910 3582 nisi
927 3520 963 3581 Α.
980 3516 1167 3579 Postumius

110 3630 219 3699 pmtor
236 3617 277 3703 (is
292 3639 353 3705 per
367 3618 544 3684 absentiam
566 3620 738 3684 consulum
762 3635 910 3685 senatum
926 3612 1079 3700 babebat)
1095 3629 1167 3677 astu

112 3732 171 3779 tent
184 3717 439 3784 intervertisset:
454 3743 557 3808 quum
571 3722 658 3784 enim
675 3738 740 3786 tres
756 3735 863 3786 essent
880 3718 1046 3783 sententiae
1061 3738 1069 3779 :
1084 3737 1167 3796 una,

112 3816 222 3883 absolvi
240 3820 378 3885 bomites
390 3819 536 3911 placere,
554 3822 744 3912 dinu‘ttrqne3
760 3823 876 3902 altera,
897 3843 959 3884 non
977 3817 1114 3898 ubsobtr',
1138 3808 1191 3880 et'

114 3921 247 4002 ento&
267 3923 378 4003 tertia,
394 3927 520 3988 rameri
537 3925 661 4014 quidem
682 3926 805 4005 adbuc,
822 3924 878 3988 sed
899 3922 1018 3986 assota·
1039 3935 1168 3984 tumen:

115 4038 222 4105 pretor
238 4026 405 4114 rogatione
418 4048 477 4090 sua
493 4026 572 4091 duas
586 4027 923 4117 complexus‚tertiam
941 4022 1167 4101 dissimulavit,

144 4243 249 4310 §¹ss
263 4249 384 4300 Plutarch.
397 4252 424 4298 in
436 4251 529 4302 Catone
540 4254 597 4314 maj.
607 4269 629 4300 e.
640 4260 682 4310 tt.
696 4279 732 4289 -
745 4251 798 4301 cic.
811 4249 842 4298 de
855 4253 927 4300 Orat.
937 4253 976 4307 11,
987 4250 1028 4297 38.
1044 4276 1078 4284 -
1090 4247 1166 4296 Rutil.

120 4331 225 4397 “Myb
234 4334 300 4399 φᾶ
311 4335 389 4400 Astii
399 4361 435 4374 -
445 4336 557 4386 blnrrob.
569 4337 690 4386 Saturnnl.
700 4338 726 4398 1,
736 4337 760 4384 5.
771 4362 807 4373 -
822 4334 910 4382 AElian.
922 4333 985 4381 llist.
998 4349 1049 4382 rar.
1061 4334 1114 4392 Ill,
1129 4346 1169 4391 ¹7·

124 4411 175 4477 ‘l
191 4416 284 4468 XXVI.
297 4418 399 4467 Panem.
411 4445 447 4458 -
456 4419 547 4486 Polyb.
566 4421 680 4486 Excerpt.
692 4423 775 4487 Legit.
786 4419 834 4468 128
846 4429 871 4466 et
885 4432 941 4480 ¹²9·
