2594 4980
300 694 356 762 ru
390 694 505 764 noc.
531 696 626 766 nm.
653 699 762 766 exv
794 640 1024 770 nrvmui.
1122 685 1195 800 489

131 817 219 881 tione
238 815 418 877 amicorum
441 815 597 899 interiret.
618 817 686 881 Sub
709 817 795 882 idem
818 819 905 883 enirn
925 837 1054 909 tempus
1073 814 1195 891 Bomil-

131 940 194 997 car,
208 916 301 995 cujus
313 916 455 1006 impulsu
468 916 668 982 deditionem
681 920 841 1010 Iugurtha
854 920 990 1003 fecerat,
1007 939 1082 1010 post
1093 926 1197 1014 poeni·

131 1021 264 1084 tentiam
282 1020 350 1100 ejus
367 1021 431 1101 rei,
456 1039 642 1109 suspectum
665 1046 699 1086 se
722 1025 808 1113 regi,
830 1047 890 1088 nec
908 1025 989 1089 falso
1006 1027 1196 1110 arbitratus,

129 1146 287 1209 occupare
301 1125 413 1186 statuit
427 1123 614 1188 insidiarum
630 1124 775 1206 fraudes,
786 1141 953 1213 assumpto
963 1127 997 1189 in
1010 1127 1194 1193 societatem

128 1225 279 1288 facinoris
290 1224 467 1305 Nabdalsa,
484 1227 540 1313 qui
554 1227 732 1314 plurimum
746 1228 832 1292 inter
844 1226 1003 1293 Numidas
1017 1228 1195 1295 nobilitatis

130 1343 162 1389 et
174 1328 300 1390 virtutis
317 1328 472 1416 opinione
489 1329 668 1416 praestabat.

168 1429 269 1492 XLV.
282 1430 365 1492 Cum
380 1432 461 1510 hoc,
477 1431 533 1495 ubi
546 1430 618 1495 data
630 1431 848 1508 trecenario,
867 1431 911 1494 ita
926 1431 1067 1495 instituit
1080 1452 1174 1520 agere
1185 1443 1196 1484 ἕ

130 1562 141 1584 a
153 1531 186 1593 Si
212 1532 314 1594 ullum
341 1548 468 1621 tempus
494 1533 527 1596 in
553 1534 645 1597 terris
668 1533 747 1614 fuit,
769 1556 837 1621 quo
861 1533 992 1623 regibus
1016 1534 1195 1597 amicorum

129 1631 283 1696 «consilia
300 1656 339 1696 ex
355 1656 418 1696 usu
437 1635 564 1721 potius,
582 1658 680 1724 quam
699 1635 819 1700 aflectu
835 1656 911 1715 suo,
934 1635 1039 1699 metiri
1055 1652 1196 1719 consue·

130 1765 140 1786 «
152 1751 240 1815 tum;
257 1736 367 1799 amicis
387 1738 454 1800 sola
471 1761 586 1827 regum
601 1737 774 1803 commoda
789 1754 933 1827 spectare
951 1760 1033 1826 opus
1049 1737 1134 1801 luit:
1161 1735 1194 1801 id

131 1839 298 1924 “profecto
317 1838 411 1918 buic,
432 1838 465 1900 in
485 1863 552 1927 quo
568 1841 723 1921 vivimus,
738 1862 895 1929 perquam
918 1838 1073 1903 dissimile
1096 1838 1197 1902 luisse

128 1961 320 2003 «necessum
336 1955 402 2015 est,
415 1940 584 2006 Nabdalsa.
598 1942 697 2024 Quod
714 1943 801 2007 enim
817 1943 843 2006 si
858 1943 1030 2031 quisquam
1047 1941 1147 2021 alius,
1160 1952 1197 2004 tu

129 2057 238 2104 «certe
254 2041 428 2104 clarissime
444 2059 542 2130 atque
558 2045 758 2132 apertissime
777 2044 946 2132 perspicis,
962 2042 1062 2108 hodie
1079 2064 1131 2106 res
1152 2042 1196 2105 ita

129 2173 140 2195 ἰ
150 2165 184 2204 se
197 2142 333 2223 babent,
345 2160 382 2206 ut
395 2146 530 2232 pessima
542 2147 690 2229 consilia,
703 2170 806 2236 quum
821 2147 966 2210 animum
983 2147 1196 2235 impotentem

130 2262 363 2330 «repererunt,
383 2248 604 2336 perplaceant3
621 2249 708 2314 bona
722 2266 754 2314 et
771 2249 910 2313 salubria
927 2271 994 2311 non
1011 2249 1080 2335 ipsa
1096 2244 1195 2310 modo
1255 2299 1272 2311 .

129 2363 360 2430 aspernantur,
383 2348 440 2412 scd
462 2350 548 2414 ultro
568 2351 713 2440 periculo
734 2373 796 2416 suo
818 2353 883 2415 sint
901 2350 1089 2414 auctoribus
1112 2348 1196 2429 suis,

129 2474 139 2494 ¹«
151 2445 284 2529 quibus,
302 2447 329 2510 si
347 2449 460 2512 melior
475 2451 618 2516 humana
636 2475 706 2515 sors
724 2453 914 2540 respiceret,
932 2452 1051 2516 honori
1068 2448 1196 2513 emolu·

129 2577 139 2598 τι
151 2563 328 2634 mentoque
340 2573 409 2614 esse
424 2550 614 2616 debuerant.
630 2554 776 2616 Fortuna
787 2554 956 2640 lugurthae
970 2552 1038 2614 talis
1050 2551 1101 2613 his
1113 2565 1197 2612 tem·

130 2677 140 2696 ,
153 2648 287 2730 poribus
302 2650 384 2726 luit,
405 2665 461 2728 ut,
484 2653 544 2714 nisi
564 2653 807 2715 reconciliatum
821 2651 992 2731 Romanis,
1012 2671 1197 2713 servarene

129 2775 139 2795 ἰ
149 2746 234 2806 salus
254 2746 385 2831 quidem
406 2750 473 2835 ipsa
490 2766 611 2837 posset.
635 2751 725 2813 Suasi
737 2798 745 2829 ,
759 2752 809 2814 uti
824 2751 902 2828 scis,
921 2751 954 2812 in
972 2751 1105 2840 gratiam
1121 2772 1197 2815 cum

135 2844 199 2906 ‹lris
216 2862 251 2906 ut
269 2845 391 2909 rediret
406 2848 508 2910 :vidit
525 2872 591 2912 non
608 2872 677 2912 esse
693 2873 760 2913 rem
774 2873 791 2913 a
807 2851 956 2938 praesenti
970 2867 1056 2914 statu
1071 2866 1198 2939 tempo·

129 2968 222 3007 arum
238 2946 389 3027 alienam,
404 2949 608 3029 deliberavit,
625 2973 774 3014 assensus
791 2969 849 3016 est.
933 2989 939 3000 ·

172 3047 284 3111 XLVI.
312 3050 482 3130 ·[)einde,
506 3053 615 3116 nescio
635 3076 731 3140 quam
756 3054 799 3117 ob
822 3076 970 3134 causam,
987 3054 1198 3137 immutatus,

130 3171 253 3234 «quum
272 3150 356 3215 idem
375 3153 547 3218 consilium
564 3156 662 3219 ambo
680 3155 926 3243 probassemus,
941 3178 975 3220 se
992 3155 1132 3237 incusat,
1144 3178 1197 3220 me

133 3251 239 3315 ‹odit:
258 3277 364 3341 neque
386 3256 592 3320 sermonibus
615 3257 784 3339 abstinet,
799 3258 855 3346 qui
878 3257 1005 3321 homini
1029 3256 1110 3320 aulai
1128 3278 1197 3322 non

129 3353 301 3440 «imperito
313 3357 388 3420 satis
402 3379 525 3447 magnae
542 3375 700 3447 certaque
715 3356 966 3449 significationes
976 3373 1054 3422 sunt
1066 3379 1196 3439 eorum,

128 3486 139 3506 ·‹
151 3477 222 3539 quac
244 3457 452 3542 postmodum
476 3460 554 3523 mibi
574 3477 653 3525 sunt
675 3460 906 3550 exspectanda,
924 3460 985 3523 nisi
1004 3460 1198 3548 praeveniam

129 3555 290 3622 «insidias.
306 3560 389 3623 Sanc
405 3562 432 3624 si
447 3563 516 3626 talis
534 3585 628 3628 causa
644 3568 743 3644 esset,
761 3579 797 3626 ut
814 3562 854 3626 ad
871 3585 923 3626 me
938 3583 1041 3625 unum
1055 3561 1198 3650 pertine·

128 3688 138 3708 ·‹
150 3674 216 3735 ret,
233 3673 265 3720 te
279 3677 476 3750 caeterosque
490 3688 640 3752 proceres
654 3687 761 3752 neque
772 3687 823 3744 re,
840 3686 946 3750 neque
960 3663 1109 3751 exemplo
1121 3686 1199 3728 oon·

128 3791 138 3810 ··
150 3758 305 3844 tingeret3
325 3777 463 3827 tacerem
480 3767 606 3853 potius,
628 3785 659 3829 et
674 3767 724 3829 rel
741 3767 869 3829 silentio
887 3764 1083 3852 perferrem,
1100 3763 1197 3851 quid·

133 3860 230 3945 ‹quid
245 3861 373 3949 ingrato
391 3865 456 3952 regi
477 3882 663 3956 suggereret
682 3866 819 3930 erudelis
831 3883 863 3936 et
875 3865 968 3929 fallax
985 3867 1132 3948 animus3
1146 3872 1196 3937 rel

128 3992 138 4011 ιι
151 3961 226 4049 fuga
242 3961 281 4024 ad
297 3964 481 4044 Romanos,
497 3968 590 4047 cujus
607 3967 756 4031 nondum
772 3968 876 4032 ablata
893 3985 941 4031 est
957 3969 1064 4056 copia,
1079 3970 1197 4033 securi-

128 4091 139 4113 ιι
154 4062 210 4124 tati
231 4086 308 4125 nicae
326 4064 548 4131 consulerem:
572 4068 629 4132 sed
648 4069 743 4155 quia,
761 4069 851 4156 quod
875 4069 956 4133 r'nibi
976 4068 1112 4150 accidit,
1129 4070 1194 4152 jam

128 4193 139 4213 ιι
151 4177 183 4224 et
196 4166 304 4228 evenit
318 4166 402 4248 aliis,
424 4182 457 4229 et
473 4169 601 4232 evenire
618 4169 772 4233 omnibus
791 4186 914 4258 potest,
931 4185 963 4233 et
978 4166 1194 4239 illustrissimo

131 4266 271 4352 «cuique
286 4268 451 4350 facillime,
474 4292 581 4358 neque
596 4287 629 4335 te
648 4270 804 4360 dignitate
821 4276 996 4361 quisquam
1014 4270 1191 4355 antecedit,

163 4444 279 4517 sxnrv.
292 4462 322 4508 u.
334 4463 361 4511 c.
373 4464 437 4524 orn
455 4466 484 4512 Α.
498 4464 526 4514 c.
540 4467 596 4513 ms.
612 4494 646 4502 -
660 4466 765 4516 nacor.
776 4494 810 4505 -
820 4466 919 4516 uuae.
