2594 4980
148 699 219 785 434
322 703 390 768 JO.
418 698 757 770 FREINSHEMII
789 697 1034 770 SUPPLEM.

147 844 278 886 reorum
301 820 483 901 diceretur,
503 822 546 884 ob
571 822 722 898 nimiam,
744 836 782 885 ut
801 821 950 910 plerique
971 821 1219 907 existimabant,

146 924 357 1012 asperitatem.
1215 1012 1218 1017 ‚

190 1025 264 1088 ΧΠ.
290 1025 435 1112 Populus
457 1040 565 1086 tamen
586 1046 624 1088 ea
642 1024 811 1089 severitate
829 1021 1008 1113 gaudebam
1024 1025 1220 1114 volentique

147 1140 232 1207 erat,
245 1127 441 1213 supplicium
460 1148 526 1187 non
543 1124 584 1188 de
603 1124 758 1191 convictis
773 1123 892 1206 modo,
909 1124 1075 1189 sedetiam
1092 1125 1134 1191 de
1150 1148 1217 1192 no-

147 1229 275 1297 minatis
292 1228 445 1291 omnibus
463 1228 558 1290 sonti.
580 1227 649 1315 Ego
663 1241 772 1290 antem
791 1226 827 1290 L.
841 1226 987 1290 Cassium
1004 1248 1042 1291 ea
1058 1228 1219 1316 gravitate

145 1330 274 1412 sirum,
299 1351 408 1416 neque
430 1326 650 1391 misericordia
671 1348 803 1391 reorum
825 1326 1024 1408 molliorem,
1045 1348 1155 1414 neque
1178 1329 1215 1393 in

144 1430 256 1519 populi
266 1430 399 1519 gratiam
410 1427 575 1492 crudelem
587 1429 708 1492 factum
719 1427 887 1509 existim03
902 1427 976 1510 sed,
986 1425 1217 1495 condemnatis

145 1530 312 1609 sontibus,
338 1530 487 1593 innoxios
510 1529 693 1594 absolvisse.
716 1527 801 1593 Nam
825 1544 858 1592 et
882 1530 927 1593 M.
945 1529 1128 1613 Antonius,
1154 1554 1218 1620 par

144 1632 179 1694 L.
188 1631 294 1693 Crassi
305 1630 497 1716 eloquentiae
510 1628 777 1711 oratorhabitns,
793 1652 833 1694 eo
844 1628 967 1711 judicio
978 1631 1076 1695 evasit
1087 1653 1215 1720 :quum

145 1732 365 1795 innocentiam
381 1752 472 1793 snam
489 1752 554 1793 non
570 1728 671 1793 modo
682 1750 777 1794 causa
789 1729 915 1820 egregie
927 1729 1029 1810 dicta,
1045 1728 1214 1795 sedetiam

144 1833 208 1895 boc
224 1836 312 1919 ipso,
329 1830 419 1918 quod
440 1831 546 1894 dicere
562 1853 630 1895 non
647 1847 866 1914 recusaverat,
880 1831 1098 1920 approbasset.

189 1935 281 1997 lllll.
300 1934 468 2014 Quaestor,
485 1935 592 1996 Asiam
611 1934 763 2016 sortitus,
776 1933 842 2014 jam
859 1931 1079 1997 Brundusium
1095 1952 1215 2020 perve-

145 2050 255 2115 nerat,
277 2058 380 2122 quum
399 2036 514 2099 incesti
536 2056 723 2123 aequoque
736 2034 935 2124 postulatum
956 2054 1025 2097 esse
1046 2036 1213 2122 cognovit.

144 2136 273 2200 Licebat
296 2136 428 2201 differre
447 2160 550 2200 causae
567 2135 764 2217 dictionem,
785 2152 817 2199 et
837 2135 920 2199 lucri
939 2135 1043 2199 facere
1061 2150 1212 2224 tempus,

144 2234 267 2318 donee,
287 2252 324 2300 ut
337 2240 470 2317 assolet,
487 2253 666 2325 tepesceret
682 2237 870 2325 questionis
887 2238 1014 2317 fervor,
1027 2250 1084 2300 aut
1094 2237 1210 2303 saltem

142 2328 305 2401 mitiorem
319 2360 379 2425 pro
392 2341 503 2403 Cassio
517 2339 722 2425 quesitorem
737 2337 805 2403 dies
812 2337 946 2402 offerret
958 2361 966 2401 ε
979 2337 1043 2402 hoc
1054 2337 1143 2403 enim
1156 2339 1214 2405 be

143 2436 294 2502 nelicium
320 2440 505 2528 reipublicae
529 2462 624 2503 causa
646 2438 835 2504 absentibus
857 2439 908 2503 lex
925 2439 1078 2504 Memmia
1101 2439 1210 2508 dabat.

142 2540 204 2604 Sed
216 2541 269 2604 ille
279 2542 388 2605 subire
403 2542 615 2606 formidabilis
626 2540 739 2623 judicii
755 2542 872 2617 aleam,
887 2563 986 2628 quam
1001 2542 1085 2605 alere
1101 2545 1211 2631 suspi-

143 2644 274 2707 cionum
284 2666 320 2706 ac
330 2667 520 2708 sermonum
533 2644 766 2734 malignitatem
777 2643 900 2707 maluit.
911 2643 1026 2730 Neque
1034 2643 1128 2707 etiam
1138 2645 1212 2710 leve

142 2746 322 2830 periculum
345 2747 373 2808 ei
394 2763 537 2809 creatum
559 2745 599 2809 ab
617 2744 858 2810 accusatoribus
880 2758 945 2825 κη
968 2766 1071 2831 quum
1090 2761 1211 2831 prater

141 2846 200 2909 alia
222 2869 370 2924 servum,
392 2871 409 2910 a
434 2871 500 2933 quo
525 2847 687 2933 praelatam
710 2844 751 2910 ad
771 2860 923 2932 stuprum
940 2843 1032 2907 eunti
1050 2844 1209 2910 laternam

140 2947 398 3029 contendebant,
421 2948 461 3010 ad
480 2962 644 3011 tormenta
664 2961 843 3037 poscerent.
862 2945 1088 3009 Perturbatum
1105 2946 1208 3010 rebe·

140 3065 265 3112 menter
281 3051 462 3112 Antonium
482 3052 608 3136 (neque
629 3049 717 3114 enim
740 3047 878 3129 sciebat,
899 3062 1059 3134 quantum
1077 3046 1128 3111 vel
1146 3070 1207 3135 pa·

142 3151 258 3212 tientiae
275 3150 375 3227 sewi,
399 3151 448 3211 vel
470 3151 565 3212 etiarn
583 3149 684 3230 aaran,
708 3148 798 3236 quod
823 3148 976 3211 imberbis
997 3147 1104 3213 adhuc
1120 3165 1208 3232 erat,

139 3248 302 3313 confidere
318 3252 445 3337 posset)
466 3252 554 3337 ipse,
571 3251 665 3330 cujus
680 3248 722 3313 ad
737 3250 918 3314 cruciatum
934 3272 985 3313 res
1003 3250 1206 3339 pertinebat,

139 3350 284 3413 hortatus
299 3373 368 3413 esse
380 3349 515 3431 dicitur,
529 3374 566 3413 ne
579 3351 779 3415 dubitante
790 3349 1047 3440 adquoestionem
1058 3351 1208 3418 tradere:

138 3448 258 3512 nullum
274 3463 338 3512 tam
363 3453 507 3514 acerbum
529 3449 773 3538 doloremfore,
795 3456 852 3540 qui
870 3475 917 3516 ea:
931 3475 984 3516 on
999 3475 1055 3516 suo
1071 3452 1207 3518 verbum

138 3549 207 3610 lteri
214 3571 343 3613 causam
355 3550 502 3615 laesurnm
507 3567 614 3640 posset
620 3566 806 3642 extorquere
813 3578 824 3617 :
832 3569 864 3618 et
873 3554 1022 3642 praestitit
1031 3555 1206 3642 promissa,

138 3648 337 3738 dominoque
354 3655 491 3717 celerem
513 3655 771 3732 absolutionem,
787 3670 821 3719 et
836 3655 1059 3720 honestiorem
1075 3656 1110 3720 in
1125 3679 1206 3745 pro·

136 3753 272 3816 vinciam
290 3757 524 3841 profectionem
541 3759 747 3846 comparavit.

179 3853 266 3917 XIV.
288 3855 400 3936 Quum
417 3858 516 3944 igitur
535 3857 650 3923 eodem
669 3875 815 3949 tempore
837 3858 905 3923 duo
920 3859 1113 3924 nobilissimi
1129 3882 1205 3924 ora·

135 3973 237 4039 tores,
255 3955 300 4019 Μ.
312 3958 473 4022 Antonius
495 3984 555 4047 pro
576 3983 627 4042 se,
645 3963 681 4026 L.
693 3961 828 4025 Crassus
847 3982 909 4048 pro
929 3956 1051 4023 Licinia
1066 3958 1203 4040 dixerit,

134 4078 389 4122 commemorare
405 4063 514 4146 paucis
528 4063 634 4144 lubet,
649 4078 803 4150 questum
817 4060 1010 4148 eloquentia·
1022 4060 1104 4124 ratio
1120 4080 1203 4146 prte-

168 4288 183 4352 S
197 4291 242 4337 xl.
256 4293 307 4340 Cic.
318 4293 349 4340 de
363 4292 420 4340 Nat.
434 4295 508 4339 Deor.
524 4296 571 4351 111,
586 4297 632 4356 so,
644 4306 669 4344 et
683 4311 731 4362 pro
744 4298 800 4345 Sex.
815 4298 889 4345 Rosa.
901 4312 956 4362 cap.
970 4297 1014 4348 ao.
1024 4322 1060 4335 ·-
1070 4299 1163 4345 mon.
1174 4296 1202 4343 in

131 4370 220 4418 Milon.
231 4399 264 4408 -
274 4376 329 4422 Val.
346 4378 413 4424 Max.
425 4377 477 4432 111,
491 4392 515 4434 7.
529 4405 563 4413 —
574 4376 589 4441 S
601 4380 661 4428 xtt.
671 4378 725 4426 vat.
737 4380 805 4428 Max.
820 4407 854 4417 -
869 4381 960 4428 amon.
971 4405 1006 4418 -
1020 4379 1123 4429 Diodor.
1134 4377 1202 4442 apud

132 4454 212 4502 vates.
227 4484 255 4491 κ·
272 4458 286 4517 S
302 4460 438 4506 xaltval.
449 4461 572 4513 stazvt.
589 4464 611 4507 8.
