2594 4980
339 706 389 774 m
418 705 529 774 noc.
557 705 652 773 ms.
680 705 767 772 ιιι
798 704 1015 773 Latratu.
1140 705 1209 805 397

143 828 298 915 «pionem
320 826 528 907 Africanum,
546 827 578 888 in
596 826 655 889 alia
672 826 830 889 sententia
848 848 916 889 esse
935 828 1089 915 cognovi,
1111 830 1212 896 subiit

145 928 314 990 «animum
340 949 448 990 meum
475 924 654 1007 dubitatio,
682 948 850 1014 nunquam
876 928 1022 1015 profecto
1049 931 1211 1010 ejusmodi

144 1031 252 1092 «viros
276 1029 412 1091 inultam
437 1029 602 1092 clarissimi
621 1029 749 1109 juvenis
772 1028 892 1093 caedcrn
918 1053 1067 1117 passuros
1090 1033 1209 1114 sitisse,

143 1131 228 1194 «nisi
244 1131 379 1220 publicae
396 1131 512 1218 quietis
527 1130 751 1218 felicitatisque
767 1129 912 1195 studium
930 1132 1062 1218 privatis
1075 1134 1209 1199 rationi·

143 1267 155 1287 «
168 1234 229 1296 bus
247 1234 516 1321 anteposuisscnt.

188 1336 271 1398 LIX.
289 1335 399 1397 «Tum
413 1357 490 1396 vero
504 1333 627 1397 refrixit
642 1333 845 1396 inconsultus
856 1331 970 1412 ardor,
984 1333 1210 1423 absurdusque

143 1468 155 1491 «
168 1437 247 1498 mihi
264 1435 364 1500 videri
382 1437 461 1522 coepi
477 1483 485 1515 ,
502 1437 529 1498 si
546 1458 597 1497 mc
616 1450 671 1497 aut
688 1434 761 1522 plus
781 1428 890 1497 videre
909 1433 1092 1516 crederem,
1111 1458 1210 1522 quam

143 1539 218 1601 «isti
247 1555 294 1601 tot
321 1538 546 1625 sapientissimi
571 1537 720 1598 homines
743 1534 917 1615 vidissent3
940 1551 996 1598 aut
1013 1536 1085 1623 plus
1102 1558 1209 1601 amare

143 1638 414 1726 «rempublicam,
430 1659 526 1723 quam
544 1658 686 1722 quorum
704 1637 736 1697 in
753 1635 837 1699 banc
856 1651 942 1699 tanta
961 1652 1122 1701 exstarent
1139 1661 1208 1702 rue·

143 1771 154 1791 «
168 1741 247 1818 rita,
264 1755 320 1802 aut
341 1739 479 1801 amicitia
501 1738 637 1801 Gracchi
660 1739 862 1824 permoveri,
882 1760 985 1825 quum
1004 1740 1124 1803 sororis
1141 1762 1208 1804 suae

143 1870 154 1891 «
168 1837 270 1900 filium
288 1839 493 1902 interfectum
511 1861 580 1902 esse
595 1837 630 1901 P.
653 1838 820 1902 Africanus
837 1861 932 1925 aequo
955 1839 1065 1904 animo
1080 1857 1208 1927 patere·

142 1955 227 2002 «tur.
253 1941 355 2028 Igitur
373 1939 463 2026 quod
484 1939 537 2002 ille
561 1939 638 2001 olim
657 1938 698 2002 de
714 1938 834 2001 Tiberii
857 1961 955 2020 nece,
972 1938 1059 2003 idem
1083 1963 1143 2030 ego
1166 1940 1208 2006 de

142 2042 235 2104 «Caii
251 2063 326 2104 casu
347 2063 435 2104 nunc
452 2041 664 2128 interroganti
681 2039 939 2127 respondeam,
928 2062 1001 2118 Jure
1023 2062 1141 2104 caesum
1158 2043 1207 2105 ri·

142 2142 244 2205 «deri.
265 2141 362 2223 Quod
378 2143 464 2205 enim
479 2156 591 2205 senatu
604 2157 736 2204 atrctore
750 2141 870 2203 factum
886 2140 942 2220 sit,
955 2138 1010 2202 id
999 2162 1071 2219 Jurc
1087 2142 1206 2207 factum

63 2285 64 2288 =
143 2276 154 2297 ιι
168 2267 251 2323 esse,
274 2267 370 2307 nemo
397 2244 577 2332 negaverit,
600 2242 661 2305 nisi
687 2241 778 2320 cujus
796 2241 950 2321 interest,
974 2240 1038 2304 boc
1057 2241 1207 2327 praesidio

142 2294 282 2408 «audiri
304 2345 557 2432 rempublicam,
575 2359 612 2407 ut
634 2345 665 2407 in
693 2342 839 2407 ordinem
864 2358 976 2407 coacto
990 2359 1127 2424 senatu,
1143 2345 1205 2409 im·

141 2447 274 2533 «probis
296 2447 419 2510 civibus
440 2448 549 2509 omnia
570 2445 783 2510 seditionibus
806 2443 963 2508 miscendi
984 2390 1145 2532 impunila
1165 2446 1206 2510 sit

140 2547 306 2612 «audacia.

184 2649 250 2712 LX.
276 2650 419 2735 «Neque
442 2650 512 2712 sine
533 2647 665 2734 publico
692 2647 827 2709 consilio
844 2648 954 2710 civitas
977 2663 1060 2709 stare
1078 2664 1203 2737 potest,

140 2773 270 2835 «neque
300 2751 368 2813 sine
395 2749 586 2812 auctoritate
615 2746 740 2809 consilii
767 2769 825 2809 sua
852 2762 999 2810 constare
1025 2747 1203 2813 salubritas.

139 2851 241 2913 «ldco
260 2853 395 2928 majores
413 2849 535 2928 nostri,
552 2845 794 2934 prudentissimi
814 2845 979 2925 mortales,
998 2845 1050 2923 jus
1072 2848 1204 2934 amplis·

140 2983 152 3007 ι
164 2953 235 3014 simi
249 2951 371 3014 ordinis
384 2972 511 3036 semper
524 2963 647 3010 sartum
661 2961 849 3033 tectumque
861 2945 979 3008 babere
991 2942 1203 3028 studuerunt,

139 3071 200 3115 «ut
224 3077 289 3117 non
309 3052 408 3117 modo
431 3050 558 3138 quoties
581 3047 780 3135 temporibus
803 3063 966 3111 rectorum
992 3045 1203 3111 consiliorum

138 3157 327 3219 «maturitas
346 3170 449 3234 esset,
466 3151 522 3217 sed
541 3150 637 3214 etiam
654 3148 781 3221 dubiis,
803 3146 973 3211 adversum
990 3144 1097 3208 subita
1115 3147 1201 3233 peri·

139 3258 234 3319 «cula
260 3281 325 3319 non
354 3255 481 3319 deesset
508 3249 686 3316 salubrium
714 3247 936 3336 extemporalis
958 3247 1060 3335 copia.
1088 3247 1203 3312 Sacro-

139 3385 150 3409 «
164 3373 270 3419 sancta
285 3355 416 3443 quidem
431 3355 538 3444 legum
554 3367 694 3442 potestas
706 3373 774 3414 esse
789 3349 902 3429 debet,
915 3371 1022 3436 neque
1034 3348 1075 3412 ab
1089 3371 1201 3413 earum

139 3487 150 3509 ιι
163 3457 329 3519 voluntate
346 3457 395 3520 rel
412 3458 513 3520 latum
531 3476 673 3544 unguem
690 3450 819 3516 recedi:
841 3449 899 3515 sed
916 3472 957 3513 ne
975 3450 1051 3537 ipsae
1068 3448 1200 3536 quidem

140 3557 247 3644 «leges
265 3559 380 3638 velint,
401 3558 462 3622 bac
481 3556 723 3646 prescriptione
740 3551 887 3617 fraudem
909 3550 977 3614 fieri
998 3551 1202 3638 reipublioe3

138 3681 260 3745 «quam
282 3657 428 3721 fraudem
445 3659 493 3721 uti
508 3671 677 3734 caverent,
693 3669 725 3717 et
740 3653 811 3716 latae
827 3675 846 3715 a
862 3650 1117 3740 magistratibus,
1133 3666 1166 3716 et
1183 3673 1202 3714 a

139 3792 150 3814 ι
162 3761 253 3823 vobis
271 3774 408 3846 acceptae
421 3759 583 3845 jussaeque
596 3770 684 3820 sunt.

184 3863 264 3924 LXl.
285 3860 422 3922 «Pacata
440 3874 603 3946 tempora,
622 3853 894 3940 tranquillamque
913 3849 1091 3929 civitatem,
1110 3870 1202 3913 exse·

137 3963 252 4024 «cutio
269 3961 377 4048 legum
395 3974 427 4021 et
444 3958 594 4045 requirit,
611 3973 644 4020 ct
657 3954 808 4042 respicit:
824 3950 881 4014 ubi
899 3950 1058 4014 tumultus
1074 3964 1107 4013 et
1122 3947 1203 4013 sedi·

137 4065 267 4126 «tiones
284 4061 419 4125 celerius
438 4059 604 4121 minantur
621 4053 818 4144 periculum,
831 4072 927 4137 quam
943 4050 975 4112 in
990 4048 1116 4137 legibus
1132 4070 1201 4112 esse

138 4198 148 4218 -ι
164 4163 343 4229 remedium
359 4175 470 4249 queat,
489 4174 577 4221 extra
593 4156 742 4220 ordinem
759 4151 1016 4264 providendum,
1031 4171 1073 4211 ue
1086 4149 1201 4214 imme-

139 4298 150 4319 «
165 4266 299 4330 dicabile
311 4265 429 4327 vulnus
441 4259 625 4347 accipiatur,
642 4279 701 4344 per
716 4253 807 4344 quod
822 4276 864 4318 ne
880 4252 957 4340 ipsis
974 4248 1106 4337 quidem
1121 4230 1269 4338 legi-

173 4460 188 4517 ,ti
202 4460 288 4506 LVlll.
303 4459 355 4507 Cic.
370 4457 396 4504 in
412 4457 502 4511 Bruto,
515 4468 569 4518 cap.
584 4453 631 4512 aa,
644 4461 670 4499 et
682 4449 713 4497 de
726 4450 794 4497 Orat.
805 4450 846 4506 11,
860 4446 902 4493 ιδ.
