<?xml version="1.0" encoding="UTF-8"?>
<!DOCTYPE html PUBLIC "-//W3C//DTD XHTML 1.0 Transitional//EN"
    "http://www.w3.org/TR/xhtml1/DTD/xhtml1-transitional.dtd">
<html xmlns="http://www.w3.org/1999/xhtml" xml:lang="en" lang="en">
 <head>
  <title>
</title>
<meta http-equiv="Content-Type" content="text/html;charset=utf-8" />
  <meta name='ocr-system' content='tesseract 3.04.00' />
  <meta name='ocr-capabilities' content='ocr_page ocr_carea ocr_par ocr_line ocrx_word'/>
</head>
<body>
  <div class='ocr_page' id='page_1' title='image "./titusliviuspata00freigoog_0382.png"; bbox 0 0 2594 4980; ppageno 0'>
   <div class='ocr_carea' id='block_1_1' title="bbox 1227 413 1234 431">
    <p class='ocr_par' dir='ltr' id='par_1_1' title="bbox 1227 413 1234 431">
     <span class='ocr_line' id='line_1_1' title="bbox 1227 413 1234 431; baseline 0 0"><span class='ocrx_word' id='word_1_1' title='bbox 1227 413 1234 431; x_wconf 95' lang='grc' dir='ltr'><strong><em>Ι</em></strong></span> 
     </span>
    </p>
   </div>
   <div class='ocr_carea' id='block_1_2' title="bbox 266 698 1132 799">
    <p class='ocr_par' dir='ltr' id='par_1_2' title="bbox 266 698 1132 799">
     <span class='ocr_line' id='line_1_2' title="bbox 266 698 1132 799; baseline 0.007 -33"><span class='ocrx_word' id='word_1_2' title='bbox 266 698 321 766; x_wconf 87' lang='lat' dir='ltr'><strong>IN</strong></span> <span class='ocrx_word' id='word_1_3' title='bbox 350 699 461 766; x_wconf 92' lang='lat' dir='ltr'><strong>LOC.</strong></span> <span class='ocrx_word' id='word_1_4' title='bbox 487 700 580 766; x_wconf 91' lang='lat' dir='ltr'><strong>LIB.</strong></span> <span class='ocrx_word' id='word_1_5' title='bbox 607 701 696 769; x_wconf 87' lang='lat' dir='ltr'><strong>LXI</strong></span> <span class='ocrx_word' id='word_1_6' title='bbox 725 701 943 771; x_wconf 82' lang='lat' dir='ltr'><strong>LIVIANI.</strong></span> <span class='ocrx_word' id='word_1_7' title='bbox 1070 701 1132 799; x_wconf 82' lang='lat'><strong>391</strong></span> 
     </span>
    </p>
   </div>
   <div class='ocr_carea' id='block_1_3' title="bbox 72 821 1229 4044">
    <p class='ocr_par' dir='ltr' id='par_1_3' title="bbox 72 821 1140 1010">
     <span class='ocr_line' id='line_1_3' title="bbox 76 821 1140 910; baseline 0.005 -26"><span class='ocrx_word' id='word_1_8' title='bbox 76 838 143 896; x_wconf 89' lang='lat' dir='ltr'><strong>cst,</strong></span> <span class='ocrx_word' id='word_1_9' title='bbox 160 821 219 883; x_wconf 85' lang='lat' dir='ltr'><strong>sibi</strong></span> <span class='ocrx_word' id='word_1_10' title='bbox 233 824 343 884; x_wconf 83' lang='lat' dir='ltr'><strong>AEtnoe</strong></span> <span class='ocrx_word' id='word_1_11' title='bbox 356 822 468 883; x_wconf 84' lang='lat' dir='ltr'><strong>ntoun&#39;s</strong></span> <span class='ocrx_word' id='word_1_12' title='bbox 483 821 650 901; x_wconf 65' lang='lat' dir='ltr'><strong>numiam,</strong></span> <span class='ocrx_word' id='word_1_13' title='bbox 667 844 748 910; x_wconf 69' lang='lat' dir='ltr'><strong>sirpe</strong></span> <span class='ocrx_word' id='word_1_14' title='bbox 760 832 791 884; x_wconf 83' lang='lat' dir='ltr'><strong>et</strong></span> <span class='ocrx_word' id='word_1_15' title='bbox 805 835 901 885; x_wconf 72' lang='lat' dir='ltr'><strong>anua</strong></span> <span class='ocrx_word' id='word_1_16' title='bbox 911 845 1056 909; x_wconf 76' lang='lat' dir='ltr'><strong>gravem,</strong></span> <span class='ocrx_word' id='word_1_17' title='bbox 1072 837 1140 889; x_wconf 86' lang='lat' dir='ltr'><strong>tum</strong></span> 
     </span>
     <span class='ocr_line' id='line_1_4' title="bbox 72 919 600 1010; baseline 0 -25"><span class='ocrx_word' id='word_1_18' title='bbox 72 922 297 1010; x_wconf 78' lang='lat' dir='ltr'><em>propemodum</em></span> <span class='ocrx_word' id='word_1_19' title='bbox 314 925 478 985; x_wconf 70' lang='lat' dir='ltr'><strong>excitorum</strong></span> <span class='ocrx_word' id='word_1_20' title='bbox 485 919 600 1009; x_wconf 83' lang='lat' dir='ltr'><strong>sut&#39;sse.</strong></span> 
     </span>
    </p>

    <p class='ocr_par' dir='ltr' id='par_1_4' title="bbox 75 1021 1143 2026">
     <span class='ocr_line' id='line_1_5' title="bbox 121 1021 1142 1112; baseline 0.005 -26"><span class='ocrx_word' id='word_1_21' title='bbox 121 1025 220 1087; x_wconf 95' lang='lat' dir='ltr'><strong>XLII.</strong></span> <span class='ocrx_word' id='word_1_22' title='bbox 244 1025 332 1089; x_wconf 89' lang='lat' dir='ltr'><strong>Nam</strong></span> <span class='ocrx_word' id='word_1_23' title='bbox 344 1024 387 1086; x_wconf 86' lang='lat' dir='ltr'><strong>oh</strong></span> <span class='ocrx_word' id='word_1_24' title='bbox 399 1047 434 1086; x_wconf 90' lang='lat' dir='ltr'><strong>eo</strong></span> <span class='ocrx_word' id='word_1_25' title='bbox 447 1038 549 1086; x_wconf 80' lang='lat' dir='ltr'><strong>nwote</strong></span> <span class='ocrx_word' id='word_1_26' title='bbox 561 1023 748 1087; x_wconf 78' lang='lat' dir='ltr'><em>torrentibus</em></span> <span class='ocrx_word' id='word_1_27' title='bbox 763 1025 885 1110; x_wconf 79' lang='lat' dir='ltr'><em>ignium</em></span> <span class='ocrx_word' id='word_1_28' title='bbox 891 1021 1033 1111; x_wconf 69' lang='lat' dir='ltr'><strong>profluis</strong></span> <span class='ocrx_word' id='word_1_29' title='bbox 1039 1023 1142 1112; x_wconf 77' lang='lat' dir='ltr'><strong>,fines</strong></span> 
     </span>
     <span class='ocr_line' id='line_1_6' title="bbox 75 1121 1141 1217; baseline 0.008 -32"><span class='ocrx_word' id='word_1_30' title='bbox 75 1148 147 1188; x_wconf 81' lang='lat' dir='ltr'><strong>snos</strong></span> <span class='ocrx_word' id='word_1_31' title='bbox 166 1126 253 1187; x_wconf 85' lang='lat' dir='ltr'><strong>omni</strong></span> <span class='ocrx_word' id='word_1_32' title='bbox 266 1125 371 1215; x_wconf 80' lang='lat' dir='ltr'><strong>hostili</strong></span> <span class='ocrx_word' id='word_1_33' title='bbox 384 1127 577 1213; x_wconf 66' lang='lat' dir='ltr'><strong>imoressione</strong></span> <span class='ocrx_word' id='word_1_34' title='bbox 587 1121 714 1210; x_wconf 79' lang='lat' dir='ltr'><strong>foedius</strong></span> <span class='ocrx_word' id='word_1_35' title='bbox 736 1137 902 1188; x_wconf 81' lang='lat' dir='ltr'><strong>vastatos:</strong></span> <span class='ocrx_word' id='word_1_36' title='bbox 920 1127 1004 1189; x_wconf 75' lang='lat' dir='ltr'><strong>urbis</strong></span> <span class='ocrx_word' id='word_1_37' title='bbox 1021 1150 1141 1217; x_wconf 79' lang='lat' dir='ltr'><strong>qnoque</strong></span> 
     </span>
     <span class='ocr_line' id='line_1_7' title="bbox 76 1225 1140 1314; baseline 0.008 -28"><span class='ocrx_word' id='word_1_38' title='bbox 76 1239 156 1288; x_wconf 80' lang='lat' dir='ltr'><strong>tecta</strong></span> <span class='ocrx_word' id='word_1_39' title='bbox 169 1225 250 1288; x_wconf 83' lang='lat' dir='ltr'><strong>mole</strong></span> <span class='ocrx_word' id='word_1_40' title='bbox 261 1228 397 1289; x_wconf 83' lang='lat' dir='ltr'><strong>cinerum</strong></span> <span class='ocrx_word' id='word_1_41' title='bbox 409 1248 568 1314; x_wconf 79' lang='lat' dir='ltr'><strong>oppressa,</strong></span> <span class='ocrx_word' id='word_1_42' title='bbox 585 1226 700 1289; x_wconf 86' lang='lat' dir='ltr'><strong>ardore</strong></span> <span class='ocrx_word' id='word_1_43' title='bbox 710 1241 825 1290; x_wconf 72' lang='lat' dir='ltr'><strong>exusta</strong></span> <span class='ocrx_word' id='word_1_44' title='bbox 830 1230 950 1314; x_wconf 81' lang='lat' dir='ltr'><strong>passim</strong></span> <span class='ocrx_word' id='word_1_45' title='bbox 963 1229 1140 1295; x_wconf 72' lang='lat' dir='ltr'><strong>concidisse.</strong></span> 
     </span>
     <span class='ocr_line' id='line_1_8' title="bbox 75 1326 1141 1419; baseline 0.007 -31"><span class='ocrx_word' id='word_1_46' title='bbox 75 1326 212 1390; x_wconf 89' lang='lat' dir='ltr'><strong>Senatus</strong></span> <span class='ocrx_word' id='word_1_47' title='bbox 225 1327 368 1390; x_wconf 88' lang='lat' dir='ltr'><strong>levamen</strong></span> <span class='ocrx_word' id='word_1_48' title='bbox 386 1328 563 1407; x_wconf 88' lang='lat' dir='ltr'><strong>malorum,</strong></span> <span class='ocrx_word' id='word_1_49' title='bbox 577 1328 814 1391; x_wconf 82' lang='lat' dir='ltr'><strong>immunitatem</strong></span> <span class='ocrx_word' id='word_1_50' title='bbox 831 1328 1028 1393; x_wconf 88' lang='lat' dir='ltr'><strong>tributorum</strong></span> <span class='ocrx_word' id='word_1_51' title='bbox 1044 1346 1141 1419; x_wconf 90' lang='lat' dir='ltr'><strong>atquc</strong></span> 
     </span>
     <span class='ocr_line' id='line_1_9' title="bbox 75 1426 1142 1517; baseline 0.007 -30"><span class='ocrx_word' id='word_1_52' title='bbox 75 1429 279 1517; x_wconf 83' lang='lat' dir='ltr'><strong>vectigalium</strong></span> <span class='ocrx_word' id='word_1_53' title='bbox 293 1430 441 1492; x_wconf 89' lang='lat' dir='ltr'><strong>omnium</strong></span> <span class='ocrx_word' id='word_1_54' title='bbox 455 1429 488 1491; x_wconf 92' lang='lat' dir='ltr'><strong>in</strong></span> <span class='ocrx_word' id='word_1_55' title='bbox 503 1451 606 1492; x_wconf 89' lang='lat' dir='ltr'><strong>annos</strong></span> <span class='ocrx_word' id='word_1_56' title='bbox 619 1427 731 1491; x_wconf 89' lang='lat' dir='ltr'><strong>decem</strong></span> <span class='ocrx_word' id='word_1_57' title='bbox 745 1426 844 1492; x_wconf 85' lang='lat' dir='ltr'><strong>dedit.</strong></span> <span class='ocrx_word' id='word_1_58' title='bbox 859 1429 945 1492; x_wconf 90' lang='lat' dir='ltr'><strong>Dum</strong></span> <span class='ocrx_word' id='word_1_59' title='bbox 956 1430 1017 1493; x_wconf 88' lang='lat' dir='ltr'><strong>ista</strong></span> <span class='ocrx_word' id='word_1_60' title='bbox 1031 1432 1142 1494; x_wconf 81' lang='lat' dir='ltr'><strong>Romae</strong></span> 
     </span>
     <span class='ocr_line' id='line_1_10' title="bbox 77 1529 1143 1617; baseline 0.005 -26"><span class='ocrx_word' id='word_1_61' title='bbox 77 1545 252 1615; x_wconf 83' lang='lat' dir='ltr'><strong>geruntur,</strong></span> <span class='ocrx_word' id='word_1_62' title='bbox 268 1531 309 1611; x_wconf 91' lang='lat' dir='ltr'><strong>Q.</strong></span> <span class='ocrx_word' id='word_1_63' title='bbox 325 1530 444 1593; x_wconf 86' lang='lat' dir='ltr'><strong>Fabius</strong></span> <span class='ocrx_word' id='word_1_64' title='bbox 461 1530 592 1610; x_wconf 90' lang='lat' dir='ltr'><strong>consul,</strong></span> <span class='ocrx_word' id='word_1_65' title='bbox 606 1552 709 1616; x_wconf 89' lang='lat' dir='ltr'><strong>quum</strong></span> <span class='ocrx_word' id='word_1_66' title='bbox 723 1529 757 1592; x_wconf 91' lang='lat' dir='ltr'><strong>in</strong></span> <span class='ocrx_word' id='word_1_67' title='bbox 772 1530 972 1617; x_wconf 83' lang='lat' dir='ltr'><strong>provinciam</strong></span> <span class='ocrx_word' id='word_1_68' title='bbox 986 1533 1143 1613; x_wconf 87' lang='lat' dir='ltr'><strong>venisset,</strong></span> 
     </span>
     <span class='ocr_line' id='line_1_11' title="bbox 76 1627 1142 1719; baseline 0.008 -29"><span class='ocrx_word' id='word_1_69' title='bbox 76 1627 228 1693; x_wconf 89' lang='lat' dir='ltr'><strong>adversus</strong></span> <span class='ocrx_word' id='word_1_70' title='bbox 246 1631 401 1694; x_wconf 85' lang='lat' dir='ltr'>Bituitum</span> <span class='ocrx_word' id='word_1_71' title='bbox 420 1633 642 1694; x_wconf 80' lang='lat' dir='ltr'><strong>Arvernorum</strong></span> <span class='ocrx_word' id='word_1_72' title='bbox 660 1652 789 1719; x_wconf 83' lang='lat' dir='ltr'><strong>regem,</strong></span> <span class='ocrx_word' id='word_1_73' title='bbox 807 1631 865 1718; x_wconf 89' lang='lat' dir='ltr'><strong>qui</strong></span> <span class='ocrx_word' id='word_1_74' title='bbox 882 1655 900 1695; x_wconf 93' lang='lat' dir='ltr'><strong>a</strong></span> <span class='ocrx_word' id='word_1_75' title='bbox 918 1632 1019 1719; x_wconf 83' lang='lat' dir='ltr'><strong>priori</strong></span> <span class='ocrx_word' id='word_1_76' title='bbox 1035 1633 1142 1716; x_wconf 90' lang='lat' dir='ltr'><strong>clade,</strong></span> 
     </span>
     <span class='ocr_line' id='line_1_12' title="bbox 76 1731 1142 1822; baseline 0.005 -29"><span class='ocrx_word' id='word_1_77' title='bbox 76 1754 115 1794; x_wconf 85' lang='lat' dir='ltr'><strong>ex</strong></span> <span class='ocrx_word' id='word_1_78' title='bbox 132 1731 374 1822; x_wconf 80' lang='lat' dir='ltr'>Allobrogibus,</span> <span class='ocrx_word' id='word_1_79' title='bbox 388 1732 631 1819; x_wconf 88' lang='lat' dir='ltr'><strong>Rhutenisque,</strong></span> <span class='ocrx_word' id='word_1_80' title='bbox 649 1747 681 1795; x_wconf 91' lang='lat' dir='ltr'><strong>et</strong></span> <span class='ocrx_word' id='word_1_81' title='bbox 696 1754 755 1796; x_wconf 88' lang='lat' dir='ltr'><strong>sua</strong></span> <span class='ocrx_word' id='word_1_82' title='bbox 771 1733 916 1815; x_wconf 84' lang='lat' dir='ltr'><strong>civitate,</strong></span> <span class='ocrx_word' id='word_1_83' title='bbox 931 1733 1020 1798; x_wconf 88' lang='lat' dir='ltr'><strong>haud</strong></span> <span class='ocrx_word' id='word_1_84' title='bbox 1035 1734 1142 1799; x_wconf 90' lang='lat' dir='ltr'><strong>mino·</strong></span> 
     </span>
     <span class='ocr_line' id='line_1_13' title="bbox 75 1832 1143 1920; baseline 0.006 -24"><span class='ocrx_word' id='word_1_85' title='bbox 75 1856 145 1896; x_wconf 89' lang='lat' dir='ltr'><strong>rem</strong></span> <span class='ocrx_word' id='word_1_86' title='bbox 163 1834 299 1920; x_wconf 90' lang='lat' dir='ltr'><strong>pristino</strong></span> <span class='ocrx_word' id='word_1_87' title='bbox 318 1834 495 1898; x_wconf 85' lang='lat' dir='ltr'><strong>exercitum</strong></span> <span class='ocrx_word' id='word_1_88' title='bbox 512 1832 723 1911; x_wconf 83' lang='lat' dir='ltr'><strong>conflaverat,</strong></span> <span class='ocrx_word' id='word_1_89' title='bbox 737 1857 849 1900; x_wconf 87' lang='lat' dir='ltr'><strong>versus</strong></span> <span class='ocrx_word' id='word_1_90' title='bbox 868 1837 985 1900; x_wconf 77' lang='lat' dir='ltr'>Isaram</span> <span class='ocrx_word' id='word_1_91' title='bbox 1003 1835 1143 1919; x_wconf 85' lang='lat' dir='ltr'><strong>flumen,</strong></span> 
     </span>
     <span class='ocr_line' id='line_1_14' title="bbox 77 1934 954 2026; baseline 0.003 -28"><span class='ocrx_word' id='word_1_92' title='bbox 77 1936 164 1999; x_wconf 89' lang='lat' dir='ltr'><strong>haud</strong></span> <span class='ocrx_word' id='word_1_93' title='bbox 181 1937 296 2024; x_wconf 91' lang='lat' dir='ltr'><strong>procul</strong></span> <span class='ocrx_word' id='word_1_94' title='bbox 312 1934 461 2000; x_wconf 87' lang='lat' dir='ltr'><strong>Rhodani</strong></span> <span class='ocrx_word' id='word_1_95' title='bbox 476 1934 718 2001; x_wconf 81' lang='lat' dir='ltr'><strong>confluentibus</strong></span> <span class='ocrx_word' id='word_1_96' title='bbox 735 1936 954 2026; x_wconf 79' lang='lat' dir='ltr'><strong>progreditur.</strong></span> 
     </span>
    </p>

    <p class='ocr_par' dir='ltr' id='par_1_5' title="bbox 76 2030 1147 3327">
     <span class='ocr_line' id='line_1_15' title="bbox 121 2030 1145 2124; baseline 0.003 -24"><span class='ocrx_word' id='word_1_97' title='bbox 121 2039 238 2101; x_wconf 87' lang='lat' dir='ltr'><strong>XLIII.</strong></span> <span class='ocrx_word' id='word_1_98' title='bbox 263 2040 398 2119; x_wconf 84' lang='lat' dir='ltr'>Hostes,</span> <span class='ocrx_word' id='word_1_99' title='bbox 426 2039 521 2101; x_wconf 88' lang='lat' dir='ltr'><strong>etiam</strong></span> <span class='ocrx_word' id='word_1_100' title='bbox 549 2039 709 2124; x_wconf 81' lang='lat' dir='ltr'><strong>paucitate</strong></span> <span class='ocrx_word' id='word_1_101' title='bbox 735 2030 958 2103; x_wconf 82' lang='lat' dir='ltr'><strong>Romanorum</strong></span> <span class='ocrx_word' id='word_1_102' title='bbox 973 2039 1145 2122; x_wconf 48' lang='lat' dir='ltr'><strong>¹animosi,</strong></span> 
     </span>
     <span class='ocr_line' id='line_1_16' title="bbox 76 2137 1145 2227; baseline 0.003 -28"><span class='ocrx_word' id='word_1_103' title='bbox 76 2161 174 2224; x_wconf 91' lang='lat' dir='ltr'><strong>quam</strong></span> <span class='ocrx_word' id='word_1_104' title='bbox 193 2140 255 2200; x_wconf 61' lang='lat' dir='ltr'><strong>oin</strong></span> <span class='ocrx_word' id='word_1_105' title='bbox 270 2139 398 2201; x_wconf 77' lang='lat' dir='ltr'><strong>canibus</strong></span> <span class='ocrx_word' id='word_1_106' title='bbox 406 2186 416 2216; x_wconf 93' lang='lat'><strong>,</strong></span> <span class='ocrx_word' id='word_1_107' title='bbox 431 2160 508 2226; x_wconf 88' lang='lat' dir='ltr'><strong>qnos</strong></span> <span class='ocrx_word' id='word_1_108' title='bbox 524 2137 695 2201; x_wconf 76' lang='lat' dir='ltr'><strong>boderetio</strong></span> <span class='ocrx_word' id='word_1_109' title='bbox 708 2140 852 2226; x_wconf 79' lang='lat' dir='ltr'><strong>agmine,</strong></span> <span class='ocrx_word' id='word_1_110' title='bbox 868 2137 1078 2227; x_wconf 78' lang='lat' dir='ltr'><strong>suffecttnnm</strong></span> <span class='ocrx_word' id='word_1_111' title='bbox 1092 2140 1145 2204; x_wconf 81' lang='lat' dir='ltr'><strong>Bi-</strong></span> 
     </span>
     <span class='ocr_line' id='line_1_17' title="bbox 78 2238 1144 2328; baseline 0.005 -29"><span class='ocrx_word' id='word_1_112' title='bbox 78 2239 179 2300; x_wconf 89' lang='lat' dir='ltr'><strong>tuitus</strong></span> <span class='ocrx_word' id='word_1_113' title='bbox 195 2238 375 2318; x_wconf 90' lang='lat' dir='ltr'><strong>jactitabat,</strong></span> <span class='ocrx_word' id='word_1_114' title='bbox 392 2240 499 2327; x_wconf 92' lang='lat' dir='ltr'><strong>primo</strong></span> <span class='ocrx_word' id='word_1_115' title='bbox 517 2261 650 2326; x_wconf 92' lang='lat' dir='ltr'><strong>quoque</strong></span> <span class='ocrx_word' id='word_1_116' title='bbox 670 2255 816 2327; x_wconf 85' lang='lat' dir='ltr'><strong>tempore</strong></span> <span class='ocrx_word' id='word_1_117' title='bbox 834 2241 1009 2328; x_wconf 86' lang='lat' dir='ltr'><strong>cupiebant</strong></span> <span class='ocrx_word' id='word_1_118' title='bbox 1029 2239 1144 2304; x_wconf 87' lang='lat' dir='ltr'><strong>confli-</strong></span> 
     </span>
     <span class='ocr_line' id='line_1_18' title="bbox 78 2339 1144 2429; baseline 0.007 -30"><span class='ocrx_word' id='word_1_119' title='bbox 78 2361 173 2425; x_wconf 78' lang='lat' dir='ltr'><strong>gere3</strong></span> <span class='ocrx_word' id='word_1_120' title='bbox 191 2339 270 2400; x_wconf 90' lang='lat' dir='ltr'><strong>nihil</strong></span> <span class='ocrx_word' id='word_1_121' title='bbox 289 2339 376 2403; x_wconf 88' lang='lat' dir='ltr'><strong>aliud</strong></span> <span class='ocrx_word' id='word_1_122' title='bbox 392 2354 592 2421; x_wconf 84' lang='lat' dir='ltr'><strong>metuentes,</strong></span> <span class='ocrx_word' id='word_1_123' title='bbox 608 2363 707 2427; x_wconf 91' lang='lat' dir='ltr'><strong>quam</strong></span> <span class='ocrx_word' id='word_1_124' title='bbox 729 2363 771 2404; x_wconf 88' lang='lat' dir='ltr'><strong>ne</strong></span> <span class='ocrx_word' id='word_1_125' title='bbox 791 2357 934 2429; x_wconf 89' lang='lat' dir='ltr'><strong>paratam</strong></span> <span class='ocrx_word' id='word_1_126' title='bbox 953 2365 971 2406; x_wconf 90' lang='lat' dir='ltr'><strong>e</strong></span> <span class='ocrx_word' id='word_1_127' title='bbox 995 2343 1144 2406; x_wconf 90' lang='lat' dir='ltr'><strong>manibus</strong></span> 
     </span>
     <span class='ocr_line' id='line_1_19' title="bbox 78 2440 1145 2528; baseline 0.005 -27"><span class='ocrx_word' id='word_1_128' title='bbox 78 2440 159 2503; x_wconf 84' lang='lat' dir='ltr'><strong>eIabi</strong></span> <span class='ocrx_word' id='word_1_129' title='bbox 185 2441 352 2504; x_wconf 88' lang='lat' dir='ltr'><strong>victoriam</strong></span> <span class='ocrx_word' id='word_1_130' title='bbox 376 2442 538 2517; x_wconf 81' lang='lat' dir='ltr'><strong>sinerent,</strong></span> <span class='ocrx_word' id='word_1_131' title='bbox 554 2441 644 2528; x_wconf 93' lang='lat' dir='ltr'><strong>quod</strong></span> <span class='ocrx_word' id='word_1_132' title='bbox 669 2444 753 2506; x_wconf 89' lang='lat' dir='ltr'><strong>intra</strong></span> <span class='ocrx_word' id='word_1_133' title='bbox 775 2442 949 2507; x_wconf 88' lang='lat' dir='ltr'><strong>hominum</strong></span> <span class='ocrx_word' id='word_1_134' title='bbox 969 2444 1067 2507; x_wconf 89' lang='lat' dir='ltr'><strong>millia</strong></span> <span class='ocrx_word' id='word_1_135' title='bbox 1088 2442 1145 2506; x_wconf 90' lang='lat' dir='ltr'><strong>tri·</strong></span> 
     </span>
     <span class='ocr_line' id='line_1_20' title="bbox 78 2535 1145 2632; baseline 0.004 -29"><span class='ocrx_word' id='word_1_136' title='bbox 78 2542 164 2627; x_wconf 84' lang='lat' dir='ltr'><strong>ginta</strong></span> <span class='ocrx_word' id='word_1_137' title='bbox 184 2543 299 2605; x_wconf 90' lang='lat' dir='ltr'><strong>consul</strong></span> <span class='ocrx_word' id='word_1_138' title='bbox 314 2542 510 2606; x_wconf 83' lang='lat' dir='ltr'><strong>adduxisset.</strong></span> <span class='ocrx_word' id='word_1_139' title='bbox 530 2543 580 2607; x_wconf 90' lang='lat' dir='ltr'><strong>Ab</strong></span> <span class='ocrx_word' id='word_1_140' title='bbox 594 2542 655 2606; x_wconf 88' lang='lat' dir='ltr'><strong>hac</strong></span> <span class='ocrx_word' id='word_1_141' title='bbox 671 2535 787 2607; x_wconf 64' lang='lat' dir='ltr'><strong>‘fiducia</strong></span> <span class='ocrx_word' id='word_1_142' title='bbox 806 2566 910 2632; x_wconf 89' lang='lat' dir='ltr'><strong>quum</strong></span> <span class='ocrx_word' id='word_1_143' title='bbox 925 2545 1027 2607; x_wconf 83' lang='lat' dir='ltr'><strong>multa</strong></span> <span class='ocrx_word' id='word_1_144' title='bbox 1043 2544 1145 2632; x_wconf 83' lang='lat' dir='ltr'><strong>negli-</strong></span> 
     </span>
     <span class='ocr_line' id='line_1_21' title="bbox 77 2642 1145 2730; baseline 0.005 -27"><span class='ocrx_word' id='word_1_145' title='bbox 77 2658 191 2728; x_wconf 85' lang='lat' dir='ltr'><strong>genter</strong></span> <span class='ocrx_word' id='word_1_146' title='bbox 209 2657 241 2705; x_wconf 93' lang='lat' dir='ltr'><strong>et</strong></span> <span class='ocrx_word' id='word_1_147' title='bbox 260 2658 382 2705; x_wconf 87' lang='lat' dir='ltr'><strong>temere</strong></span> <span class='ocrx_word' id='word_1_148' title='bbox 400 2642 535 2723; x_wconf 85' lang='lat' dir='ltr'><strong>fierent,</strong></span> <span class='ocrx_word' id='word_1_149' title='bbox 555 2665 592 2705; x_wconf 90' lang='lat' dir='ltr'><strong>ea</strong></span> <span class='ocrx_word' id='word_1_150' title='bbox 608 2644 734 2706; x_wconf 85' lang='lat' dir='ltr'><strong>consuli</strong></span> <span class='ocrx_word' id='word_1_151' title='bbox 757 2645 913 2730; x_wconf 77' lang='lat' dir='ltr'><strong>patefacta</strong></span> <span class='ocrx_word' id='word_1_152' title='bbox 929 2644 1057 2707; x_wconf 81' lang='lat' dir='ltr'><strong>occasio</strong></span> <span class='ocrx_word' id='word_1_153' title='bbox 1077 2661 1145 2724; x_wconf 92' lang='lat' dir='ltr'><strong>est,</strong></span> 
     </span>
     <span class='ocr_line' id='line_1_22' title="bbox 79 2743 1147 2830; baseline 0.005 -27"><span class='ocrx_word' id='word_1_154' title='bbox 79 2758 115 2804; x_wconf 87' lang='lat' dir='ltr'><strong>ut</strong></span> <span class='ocrx_word' id='word_1_155' title='bbox 143 2765 328 2828; x_wconf 88' lang='lat' dir='ltr'><strong>quanquam</strong></span> <span class='ocrx_word' id='word_1_156' title='bbox 359 2743 442 2806; x_wconf 87' lang='lat' dir='ltr'><strong>febri</strong></span> <span class='ocrx_word' id='word_1_157' title='bbox 474 2758 653 2830; x_wconf 88' lang='lat' dir='ltr'><strong>quartana,</strong></span> <span class='ocrx_word' id='word_1_158' title='bbox 683 2767 764 2825; x_wconf 85' lang='lat' dir='ltr'><strong>seu,</strong></span> <span class='ocrx_word' id='word_1_159' title='bbox 791 2744 1068 2830; x_wconf 90' lang='lat' dir='ltr'><strong>quemadmodum</strong></span> <span class='ocrx_word' id='word_1_160' title='bbox 1093 2745 1147 2808; x_wconf 89' lang='lat' dir='ltr'><strong>alii</strong></span> 
     </span>
     <span class='ocr_line' id='line_1_23' title="bbox 78 2842 1146 2933; baseline 0.003 -27"><span class='ocrx_word' id='word_1_161' title='bbox 78 2844 294 2929; x_wconf 88' lang='lat' dir='ltr'><strong>scripserunt,</strong></span> <span class='ocrx_word' id='word_1_162' title='bbox 311 2845 432 2907; x_wconf 81' lang='lat' dir='ltr'><strong>recenti</strong></span> <span class='ocrx_word' id='word_1_163' title='bbox 449 2844 584 2906; x_wconf 88' lang='lat' dir='ltr'><strong>vulnere</strong></span> <span class='ocrx_word' id='word_1_164' title='bbox 602 2842 737 2924; x_wconf 86' lang='lat' dir='ltr'><strong>debilis,</strong></span> <span class='ocrx_word' id='word_1_165' title='bbox 762 2867 822 2908; x_wconf 91' lang='lat' dir='ltr'><strong>suo</strong></span> <span class='ocrx_word' id='word_1_166' title='bbox 842 2860 989 2932; x_wconf 88' lang='lat' dir='ltr'><strong>tempore</strong></span> <span class='ocrx_word' id='word_1_167' title='bbox 1007 2846 1146 2933; x_wconf 88' lang='lat' dir='ltr'><strong>locoque</strong></span> 
     </span>
     <span class='ocr_line' id='line_1_24' title="bbox 78 2943 1146 3031; baseline 0.003 -25"><span class='ocrx_word' id='word_1_168' title='bbox 78 2943 238 3007; x_wconf 87' lang='lat' dir='ltr'><strong>utendum</strong></span> <span class='ocrx_word' id='word_1_169' title='bbox 248 2944 416 3022; x_wconf 87' lang='lat' dir='ltr'><strong>judicaret.</strong></span> <span class='ocrx_word' id='word_1_170' title='bbox 429 2945 578 3030; x_wconf 89' lang='lat' dir='ltr'><strong>Namque</strong></span> <span class='ocrx_word' id='word_1_171' title='bbox 588 2945 741 3026; x_wconf 84' lang='lat' dir='ltr'><strong>Bituitus,</strong></span> <span class='ocrx_word' id='word_1_172' title='bbox 752 2945 828 3009; x_wconf 89' lang='lat' dir='ltr'><strong>licet</strong></span> <span class='ocrx_word' id='word_1_173' title='bbox 837 2944 1034 3008; x_wconf 87' lang='lat' dir='ltr'><strong>Rhodanum</strong></span> <span class='ocrx_word' id='word_1_174' title='bbox 1046 2961 1146 3031; x_wconf 88' lang='lat' dir='ltr'><strong>ponte</strong></span> 
     </span>
     <span class='ocr_line' id='line_1_25' title="bbox 76 3045 1147 3134; baseline 0.004 -27"><span class='ocrx_word' id='word_1_175' title='bbox 76 3046 253 3125; x_wconf 85' lang='lat' dir='ltr'><strong>junxisset,</strong></span> <span class='ocrx_word' id='word_1_176' title='bbox 270 3045 499 3111; x_wconf 86' lang='lat' dir='ltr'><strong>transferendis</strong></span> <span class='ocrx_word' id='word_1_177' title='bbox 521 3046 656 3110; x_wconf 90' lang='lat' dir='ltr'><strong>celerius</strong></span> <span class='ocrx_word' id='word_1_178' title='bbox 675 3047 776 3134; x_wconf 87' lang='lat' dir='ltr'><strong>copiis</strong></span> <span class='ocrx_word' id='word_1_179' title='bbox 795 3045 1046 3109; x_wconf 90' lang='lat' dir='ltr'><strong>tumultuarium</strong></span> <span class='ocrx_word' id='word_1_180' title='bbox 1067 3049 1147 3111; x_wconf 89' lang='lat' dir='ltr'><strong>alte·</strong></span> 
     </span>
     <span class='ocr_line' id='line_1_26' title="bbox 79 3145 1147 3235; baseline 0.002 -27"><span class='ocrx_word' id='word_1_181' title='bbox 79 3171 153 3209; x_wconf 90' lang='lat' dir='ltr'><strong>rum</strong></span> <span class='ocrx_word' id='word_1_182' title='bbox 168 3171 207 3210; x_wconf 86' lang='lat' dir='ltr'><strong>ex</strong></span> <span class='ocrx_word' id='word_1_183' title='bbox 221 3148 371 3211; x_wconf 91' lang='lat' dir='ltr'><strong>lintribus</strong></span> <span class='ocrx_word' id='word_1_184' title='bbox 388 3148 528 3228; x_wconf 84' lang='lat' dir='ltr'><strong>struxit,</strong></span> <span class='ocrx_word' id='word_1_185' title='bbox 544 3169 644 3234; x_wconf 90' lang='lat' dir='ltr'><strong>quos,</strong></span> <span class='ocrx_word' id='word_1_186' title='bbox 658 3147 811 3235; x_wconf 88' lang='lat' dir='ltr'><strong>imposito</strong></span> <span class='ocrx_word' id='word_1_187' title='bbox 825 3168 864 3209; x_wconf 88' lang='lat' dir='ltr'><strong>ex</strong></span> <span class='ocrx_word' id='word_1_188' title='bbox 880 3145 1039 3209; x_wconf 81' lang='lat' dir='ltr'><strong>asseribus</strong></span> <span class='ocrx_word' id='word_1_189' title='bbox 1054 3147 1147 3210; x_wconf 87' lang='lat' dir='ltr'><strong>tabu·</strong></span> 
     </span>
     <span class='ocr_line' id='line_1_27' title="bbox 81 3249 634 3327; baseline 0.004 -17"><span class='ocrx_word' id='word_1_190' title='bbox 81 3249 161 3327; x_wconf 83' lang='lat' dir='ltr'><strong>Into,</strong></span> <span class='ocrx_word' id='word_1_191' title='bbox 179 3251 299 3312; x_wconf 89' lang='lat' dir='ltr'><strong>catenis</strong></span> <span class='ocrx_word' id='word_1_192' title='bbox 315 3249 427 3312; x_wconf 88' lang='lat' dir='ltr'><strong>ferreis</strong></span> <span class='ocrx_word' id='word_1_193' title='bbox 444 3250 634 3312; x_wconf 81' lang='lat' dir='ltr'><strong>revinxerat.</strong></span> 
     </span>
    </p>

    <p class='ocr_par' dir='ltr' id='par_1_6' title="bbox 81 3349 1229 4044">
     <span class='ocr_line' id='line_1_28' title="bbox 124 3349 1150 3439; baseline 0.001 -28"><span class='ocrx_word' id='word_1_194' title='bbox 124 3351 236 3413; x_wconf 89' lang='lat' dir='ltr'><strong>XLIV.</strong></span> <span class='ocrx_word' id='word_1_195' title='bbox 261 3351 362 3439; x_wconf 85' lang='lat' dir='ltr'><strong>Regio</strong></span> <span class='ocrx_word' id='word_1_196' title='bbox 379 3351 422 3414; x_wconf 94' lang='lat' dir='ltr'><strong>ob</strong></span> <span class='ocrx_word' id='word_1_197' title='bbox 438 3350 588 3413; x_wconf 86' lang='lat' dir='ltr'><strong>viciniam</strong></span> <span class='ocrx_word' id='word_1_198' title='bbox 604 3349 783 3429; x_wconf 88' lang='lat' dir='ltr'><strong>montium,</strong></span> <span class='ocrx_word' id='word_1_199' title='bbox 798 3349 915 3436; x_wconf 90' lang='lat' dir='ltr'><strong>partim</strong></span> <span class='ocrx_word' id='word_1_200' title='bbox 932 3369 1043 3435; x_wconf 87' lang='lat' dir='ltr'><strong>aspera</strong></span> <span class='ocrx_word' id='word_1_201' title='bbox 1060 3349 1150 3412; x_wconf 81' lang='lat' dir='ltr'><strong>colii-</strong></span> 
     </span>
     <span class='ocr_line' id='line_1_29' title="bbox 81 3449 1148 3540; baseline 0.005 -31"><span class='ocrx_word' id='word_1_202' title='bbox 81 3449 158 3523; x_wconf 89' lang='lat' dir='ltr'><strong>bus,</strong></span> <span class='ocrx_word' id='word_1_203' title='bbox 180 3452 295 3536; x_wconf 88' lang='lat' dir='ltr'><strong>partim</strong></span> <span class='ocrx_word' id='word_1_204' title='bbox 318 3453 410 3538; x_wconf 89' lang='lat' dir='ltr'><strong>aquis</strong></span> <span class='ocrx_word' id='word_1_205' title='bbox 433 3452 628 3539; x_wconf 88' lang='lat' dir='ltr'><strong>interrupta,</strong></span> <span class='ocrx_word' id='word_1_206' title='bbox 645 3450 881 3531; x_wconf 89' lang='lat' dir='ltr'><strong>mediocribus,</strong></span> <span class='ocrx_word' id='word_1_207' title='bbox 903 3473 1001 3538; x_wconf 89' lang='lat' dir='ltr'><strong>quam</strong></span> <span class='ocrx_word' id='word_1_208' title='bbox 1024 3451 1148 3540; x_wconf 85' lang='lat' dir='ltr'><strong>magnis</strong></span> 
     </span>
     <span class='ocr_line' id='line_1_30' title="bbox 82 3549 1148 3639; baseline 0.005 -29"><span class='ocrx_word' id='word_1_209' title='bbox 82 3551 273 3614; x_wconf 84' lang='lat' dir='ltr'><strong>exercitibus</strong></span> <span class='ocrx_word' id='word_1_210' title='bbox 283 3550 481 3617; x_wconf 87' lang='lat' dir='ltr'><strong>instruendis</strong></span> <span class='ocrx_word' id='word_1_211' title='bbox 491 3552 629 3616; x_wconf 84' lang='lat' dir='ltr'><strong>habilior</strong></span> <span class='ocrx_word' id='word_1_212' title='bbox 638 3567 722 3616; x_wconf 88' lang='lat' dir='ltr'><strong>erat:</strong></span> <span class='ocrx_word' id='word_1_213' title='bbox 733 3549 906 3615; x_wconf 86' lang='lat' dir='ltr'><strong>accedebat</strong></span> <span class='ocrx_word' id='word_1_214' title='bbox 917 3567 1045 3639; x_wconf 88' lang='lat' dir='ltr'><strong>tempus</strong></span> <span class='ocrx_word' id='word_1_215' title='bbox 1054 3552 1148 3634; x_wconf 89' lang='lat' dir='ltr'><strong>anni,</strong></span> 
     </span>
     <span class='ocr_line' id='line_1_31' title="bbox 82 3651 1149 3742; baseline 0.004 -30"><span class='ocrx_word' id='word_1_216' title='bbox 82 3651 206 3738; x_wconf 78' lang='lat' dir='ltr'><strong>magnis</strong></span> <span class='ocrx_word' id='word_1_217' title='bbox 223 3652 401 3734; x_wconf 84' lang='lat' dir='ltr'><strong>caloribus,</strong></span> <span class='ocrx_word' id='word_1_218' title='bbox 416 3676 558 3742; x_wconf 92' lang='lat' dir='ltr'><strong>quorum</strong></span> <span class='ocrx_word' id='word_1_219' title='bbox 576 3653 780 3740; x_wconf 80' lang='lat' dir='ltr'><strong>Impatientes</strong></span> <span class='ocrx_word' id='word_1_220' title='bbox 796 3651 877 3715; x_wconf 88' lang='lat' dir='ltr'><strong>GaIIi</strong></span> <span class='ocrx_word' id='word_1_221' title='bbox 891 3667 985 3731; x_wconf 87' lang='lat' dir='ltr'><strong>sunt,</strong></span> <span class='ocrx_word' id='word_1_222' title='bbox 1001 3675 1149 3718; x_wconf 88' lang='lat' dir='ltr'><strong>momen-</strong></span> 
     </span>
     <span class='ocr_line' id='line_1_32' title="bbox 82 3748 1229 3838; baseline 0.001 -25"><span class='ocrx_word' id='word_1_223' title='bbox 82 3769 152 3813; x_wconf 88' lang='lat' dir='ltr'><strong>tum</strong></span> <span class='ocrx_word' id='word_1_224' title='bbox 173 3752 314 3815; x_wconf 87' lang='lat' dir='ltr'><strong>aIlaturis</strong></span> <span class='ocrx_word' id='word_1_225' title='bbox 336 3754 495 3837; x_wconf 81' lang='lat' dir='ltr'><strong>victoriae3</strong></span> <span class='ocrx_word' id='word_1_226' title='bbox 518 3776 593 3817; x_wconf 90' lang='lat' dir='ltr'><strong>nam</strong></span> <span class='ocrx_word' id='word_1_227' title='bbox 615 3776 643 3816; x_wconf 88' lang='lat' dir='ltr'><strong>a.</strong></span> <span class='ocrx_word' id='word_1_228' title='bbox 666 3751 698 3816; x_wconf 95' lang='lat' dir='ltr'><strong>d.</strong></span> <span class='ocrx_word' id='word_1_229' title='bbox 715 3752 772 3814; x_wconf 92' lang='lat' dir='ltr'><strong>VI.</strong></span> <span class='ocrx_word' id='word_1_230' title='bbox 796 3748 840 3814; x_wconf 95' lang='lat' dir='ltr'><strong>id.</strong></span> <span class='ocrx_word' id='word_1_231' title='bbox 867 3768 994 3838; x_wconf 83' lang='lat' dir='ltr'><strong>august.</strong></span> <span class='ocrx_word' id='word_1_232' title='bbox 1017 3750 1151 3814; x_wconf 88' lang='lat' dir='ltr'><strong>dimica·</strong></span> <span class='ocrx_word' id='word_1_233' title='bbox 1223 3770 1229 3784; x_wconf 94' lang='grc'>·</span> 
     </span>
     <span class='ocr_line' id='line_1_33' title="bbox 83 3851 1149 3942; baseline -0.001 -27"><span class='ocrx_word' id='word_1_234' title='bbox 83 3870 152 3915; x_wconf 92' lang='lat' dir='ltr'><strong>tum</strong></span> <span class='ocrx_word' id='word_1_235' title='bbox 171 3868 228 3918; x_wconf 91' lang='lat' dir='ltr'><strong>est.</strong></span> <span class='ocrx_word' id='word_1_236' title='bbox 246 3855 350 3942; x_wconf 85' lang='lat' dir='ltr'><strong>Igitur</strong></span> <span class='ocrx_word' id='word_1_237' title='bbox 362 3876 462 3918; x_wconf 85' lang='lat' dir='ltr'><strong>curru</strong></span> <span class='ocrx_word' id='word_1_238' title='bbox 476 3855 711 3919; x_wconf 88' lang='lat' dir='ltr'><strong>circumvectus</strong></span> <span class='ocrx_word' id='word_1_239' title='bbox 723 3872 838 3940; x_wconf 83' lang='lat' dir='ltr'><strong>agmen</strong></span> <span class='ocrx_word' id='word_1_240' title='bbox 851 3897 860 3932; x_wconf 93' lang='lat'><strong>,</strong></span> <span class='ocrx_word' id='word_1_241' title='bbox 874 3866 947 3932; x_wconf 91' lang='lat' dir='ltr'><strong>aut,</strong></span> <span class='ocrx_word' id='word_1_242' title='bbox 959 3853 985 3916; x_wconf 91' lang='lat' dir='ltr'><strong>si</strong></span> <span class='ocrx_word' id='word_1_243' title='bbox 1001 3852 1034 3915; x_wconf 92' lang='lat' dir='ltr'><strong>in</strong></span> <span class='ocrx_word' id='word_1_244' title='bbox 1049 3851 1149 3939; x_wconf 89' lang='lat' dir='ltr'><strong>pedes</strong></span> 
     </span>
     <span class='ocr_line' id='line_1_34' title="bbox 83 3951 1150 4044; baseline 0 -28"><span class='ocrx_word' id='word_1_245' title='bbox 83 3979 115 4017; x_wconf 84' lang='lat' dir='ltr'><strong>se</strong></span> <span class='ocrx_word' id='word_1_246' title='bbox 139 3955 336 4034; x_wconf 86' lang='lat' dir='ltr'><strong>demisisset,</strong></span> <span class='ocrx_word' id='word_1_247' title='bbox 352 3956 507 4041; x_wconf 87' lang='lat' dir='ltr'><strong>proximis</strong></span> <span class='ocrx_word' id='word_1_248' title='bbox 532 3977 654 4044; x_wconf 79' lang='lat' dir='ltr'><strong>aegrum</strong></span> <span class='ocrx_word' id='word_1_249' title='bbox 680 3951 955 4035; x_wconf 87' lang='lat' dir='ltr'><strong>sustentantibus,</strong></span> <span class='ocrx_word' id='word_1_250' title='bbox 979 3951 1150 4016; x_wconf 80' lang='lat' dir='ltr'><strong>ordinabat</strong></span> 
     </span>
    </p>
   </div>
   <div class='ocr_carea' id='block_1_4' title="bbox 80 4193 1156 4514">
    <p class='ocr_par' dir='ltr' id='par_1_7' title="bbox 80 4193 1156 4514">
     <span class='ocr_line' id='line_1_35' title="bbox 116 4193 1152 4264; baseline -0.004 -18"><span class='ocrx_word' id='word_1_251' title='bbox 116 4199 211 4264; x_wconf 79' lang='lat' dir='ltr'><strong>§XLL</strong></span> <span class='ocrx_word' id='word_1_252' title='bbox 224 4199 276 4247; x_wconf 89' lang='lat' dir='ltr'><strong>Cic.</strong></span> <span class='ocrx_word' id='word_1_253' title='bbox 291 4209 349 4261; x_wconf 87' lang='lat' dir='ltr'><strong>post</strong></span> <span class='ocrx_word' id='word_1_254' title='bbox 360 4196 432 4246; x_wconf 81' lang='lat' dir='ltr'><strong>redit.</strong></span> <span class='ocrx_word' id='word_1_255' title='bbox 446 4198 473 4245; x_wconf 84' lang='lat' dir='ltr'><strong>in</strong></span> <span class='ocrx_word' id='word_1_256' title='bbox 487 4198 569 4245; x_wconf 78' lang='lat' dir='ltr'><strong>Sonat.</strong></span> <span class='ocrx_word' id='word_1_257' title='bbox 588 4213 610 4245; x_wconf 89' lang='lat' dir='ltr'><strong>c.</strong></span> <span class='ocrx_word' id='word_1_258' title='bbox 628 4195 675 4244; x_wconf 88' lang='lat' dir='ltr'><strong>ult.</strong></span> <span class='ocrx_word' id='word_1_259' title='bbox 695 4196 764 4245; x_wconf 85' lang='lat' dir='ltr'><strong>Brut.</strong></span> <span class='ocrx_word' id='word_1_260' title='bbox 780 4211 834 4261; x_wconf 80' lang='lat' dir='ltr'><strong>cap.</strong></span> <span class='ocrx_word' id='word_1_261' title='bbox 850 4197 897 4256; x_wconf 66' lang='lat'><strong>34,</strong></span> <span class='ocrx_word' id='word_1_262' title='bbox 914 4206 939 4242; x_wconf 80' lang='lat' dir='ltr'><strong>ot</strong></span> <span class='ocrx_word' id='word_1_263' title='bbox 956 4204 1013 4258; x_wconf 83' lang='lat' dir='ltr'><strong>pon</strong></span> <span class='ocrx_word' id='word_1_264' title='bbox 1030 4193 1103 4243; x_wconf 80' lang='lat' dir='ltr'><strong>redit.</strong></span> <span class='ocrx_word' id='word_1_265' title='bbox 1119 4194 1152 4243; x_wconf 83' lang='lat' dir='ltr'><strong>ad</strong></span> 
     </span>
     <span class='ocr_line' id='line_1_36' title="bbox 80 4277 1152 4347; baseline -0.004 -16"><span class='ocrx_word' id='word_1_266' title='bbox 80 4284 202 4347; x_wconf 84' lang='lat' dir='ltr'><strong>Quirites,</strong></span> <span class='ocrx_word' id='word_1_267' title='bbox 216 4300 269 4346; x_wconf 84' lang='lat' dir='ltr'><strong>cap.</strong></span> <span class='ocrx_word' id='word_1_268' title='bbox 281 4285 304 4331; x_wconf 77' lang='lat'><strong>³.</strong></span> <span class='ocrx_word' id='word_1_269' title='bbox 319 4309 354 4319; x_wconf 91' lang='lat'><em>-</em></span> <span class='ocrx_word' id='word_1_270' title='bbox 367 4282 473 4339; x_wconf 73' lang='lat' dir='ltr'><strong>Orotv.</strong></span> <span class='ocrx_word' id='word_1_271' title='bbox 486 4281 525 4328; x_wconf 75' lang='lat'><strong>1³.</strong></span> <span class='ocrx_word' id='word_1_272' title='bbox 536 4279 595 4345; x_wconf 77' lang='lat' dir='ltr'><strong>-S</strong></span> <span class='ocrx_word' id='word_1_273' title='bbox 605 4280 684 4329; x_wconf 76' lang='lat' dir='ltr'><strong>XLII.</strong></span> <span class='ocrx_word' id='word_1_274' title='bbox 695 4281 803 4340; x_wconf 67' lang='grc' dir='ltr'><strong>ΟΜΝ,</strong></span> <span class='ocrx_word' id='word_1_275' title='bbox 814 4288 854 4334; x_wconf 72' lang='lat' dir='ltr'><strong>rt.</strong></span> <span class='ocrx_word' id='word_1_276' title='bbox 864 4305 900 4318; x_wconf 92' lang='lat'>-</span> <span class='ocrx_word' id='word_1_277' title='bbox 910 4281 972 4329; x_wconf 68' lang='lat' dir='ltr'><strong>Cas.</strong></span> <span class='ocrx_word' id='word_1_278' title='bbox 987 4277 1018 4326; x_wconf 80' lang='lat' dir='ltr'><strong>do</strong></span> <span class='ocrx_word' id='word_1_279' title='bbox 1029 4279 1081 4328; x_wconf 76' lang='lat' dir='ltr'><strong>on.</strong></span> <span class='ocrx_word' id='word_1_280' title='bbox 1092 4278 1152 4343; x_wconf 68' lang='lat' dir='ltr'><strong>gall.</strong></span> 
     </span>
     <span class='ocr_line' id='line_1_37' title="bbox 82 4361 1156 4429; baseline -0.006 -14"><span class='ocrx_word' id='word_1_281' title='bbox 82 4371 106 4423; x_wconf 85' lang='lat'><strong>1,</strong></span> <span class='ocrx_word' id='word_1_282' title='bbox 120 4369 161 4423; x_wconf 72' lang='grc'><strong>45.</strong></span> <span class='ocrx_word' id='word_1_283' title='bbox 177 4393 211 4404; x_wconf 90' lang='grc'>-</span> <span class='ocrx_word' id='word_1_284' title='bbox 225 4367 304 4415; x_wconf 77' lang='lat' dir='ltr'><strong>strab.</strong></span> <span class='ocrx_word' id='word_1_285' title='bbox 316 4366 358 4415; x_wconf 86' lang='lat' dir='ltr'><strong>IIb.</strong></span> <span class='ocrx_word' id='word_1_286' title='bbox 372 4367 416 4413; x_wconf 79' lang='lat' dir='ltr'><strong>IV.</strong></span> <span class='ocrx_word' id='word_1_287' title='bbox 430 4392 465 4403; x_wconf 92' lang='lat'>—</span> <span class='ocrx_word' id='word_1_288' title='bbox 478 4363 495 4428; x_wconf 73' lang='lat' dir='ltr'>S</span> <span class='ocrx_word' id='word_1_289' title='bbox 508 4365 599 4412; x_wconf 84' lang='lat' dir='ltr'><strong>XLIII.</strong></span> <span class='ocrx_word' id='word_1_290' title='bbox 616 4363 697 4413; x_wconf 78' lang='lat' dir='ltr'><strong>strab.</strong></span> <span class='ocrx_word' id='word_1_291' title='bbox 710 4363 755 4412; x_wconf 84' lang='lat' dir='ltr'><strong>Iib.</strong></span> <span class='ocrx_word' id='word_1_292' title='bbox 768 4364 815 4424; x_wconf 80' lang='lat' dir='ltr'><strong>tv,</strong></span> <span class='ocrx_word' id='word_1_293' title='bbox 829 4377 886 4429; x_wconf 76' lang='lat' dir='ltr'><strong>pag.</strong></span> <span class='ocrx_word' id='word_1_294' title='bbox 901 4361 960 4410; x_wconf 72' lang='lat' dir='ltr'><strong>its.</strong></span> <span class='ocrx_word' id='word_1_295' title='bbox 972 4386 1007 4399; x_wconf 92' lang='lat'>-</span> <span class='ocrx_word' id='word_1_296' title='bbox 1020 4361 1156 4420; x_wconf 56' lang='lat' dir='ltr'><strong>amun,</strong></span> 
     </span>
     <span class='ocr_line' id='line_1_38' title="bbox 83 4449 544 4514; baseline -0.009 -16"><span class='ocrx_word' id='word_1_297' title='bbox 83 4449 124 4498; x_wconf 80' lang='lat'><strong>50.</strong></span> <span class='ocrx_word' id='word_1_298' title='bbox 142 4477 177 4486; x_wconf 92' lang='lat'><em>-</em></span> <span class='ocrx_word' id='word_1_299' title='bbox 195 4449 303 4514; x_wconf 77' lang='lat' dir='ltr'><strong>Appias.</strong></span> <span class='ocrx_word' id='word_1_300' title='bbox 319 4449 404 4498; x_wconf 81' lang='lat' dir='ltr'><strong>Celtic.</strong></span> <span class='ocrx_word' id='word_1_301' title='bbox 421 4476 456 4487; x_wconf 89' lang='lat'><em>-</em></span> <span class='ocrx_word' id='word_1_302' title='bbox 470 4449 544 4499; x_wconf 79' lang='lat' dir='ltr'><strong>Oros.</strong></span> 
     </span>
    </p>
   </div>
   <div class='ocr_carea' id='block_1_5' title="bbox 0 0 1313 4980">
    <p class='ocr_par' dir='ltr' id='par_1_8' title="bbox 0 0 1313 4980">
     <span class='ocr_line' id='line_1_39' title="bbox 0 0 1313 4980; baseline 0 0"><span class='ocrx_word' id='word_1_303' title='bbox 0 0 1313 4980; x_wconf 95' lang='lat' dir='ltr'><strong> </strong></span> 
     </span>
    </p>
   </div>
  </div>
 </body>
</html>
