2594 4980
153 754 223 824 306
327 756 393 824 JO.
421 744 759 825 FREINSHEMII
789 754 1033 824 SUPPLEM.

148 875 287 962 plicibus
299 876 403 938 verbis
416 876 546 956 institit,
562 877 727 940 remitteret
741 877 930 940 obstinatum
945 878 1045 962 ortimi
1055 877 1208 962 rigorem,

76 960 81 967 ’
144 976 327 1063 plebemque
338 978 523 1055 commodis,
539 992 701 1040 tantorum
711 976 856 1041 laborum
860 976 1133 1066 periculorumque
1137 1000 1211 1065 pre·

149 1076 410 1167 'tio‘ycomparotim
427 1077 600 1166 aliquando
603 1077 684 1166 frur
695 1082 816 1143 smeret.
1170 1086 1174 1092 ’

193 1179 299 1242 XXII.
319 1179 407 1241 Nihil
426 1179 467 1241 ad
488 1180 555 1241 baec
574 1194 664 1242 moto
682 1180 820 1269 collega,
843 1178 1003 1243 «Nullum
1022 1178 1138 1266 igitur,
1158 1178 1209 1241 in·-

149 1279 263 1366 «quit,
282 1280 461 1344 remedium
479 1279 589 1359 video,
607 1302 705 1366 quarn
721 1296 758 1343 ut
775 1280 927 1343 alteruter
943 1294 1090 1342 nostrum
1110 1279 1209 1368 magis

148 1380 273 1443 istrata
290 1381 391 1443 abeat.
405 1382 472 1459 Tu,
490 1380 534 1443 Μ.
548 1380 680 1462 Octavi,
697 1379 738 1444 de
754 1403 807 1445 me
823 1403 902 1469 roga
920 1381 1079 1469 populum
1097 1381 1208 1468 prior:

147 1511 160 1535 «ι
171 1481 197 1544 is
211 1482 236 1544 si
248 1483 395 1562 jusserit,
410 1482 553 1569 privatus
570 1498 713 1570 repetam
730 1481 877 1548 domum.
890 1513 903 1538 ν
916 1485 1021 1569 Atque
1034 1481 1117 1546 hanc
1131 1498 1210 1570 quo·-

148 1604 213 1669 que
235 1582 455 1646 conditionem
480 1584 535 1646 illo
560 1599 748 1665 recusante,
769 1581 939 1666 «Quando
964 1582 1062 1663 nihil,
1086 1583 1208 1670 inquit,

146 1685 252 1770 «requi
270 1709 287 1748 a
303 1685 449 1771 superbis
468 1701 500 1747 et
520 1685 620 1749 avaris
639 1684 825 1748 bominibus
849 1683 1013 1771 impetrari
1031 1698 1154 1770 potest,
1174 1685 1208 1746 in

146 1814 159 1839 a
168 1786 343 1848 crastinum
357 1785 479 1865 adeste,
496 1785 657 1868 Quirites;
673 1786 726 1849 ille
737 1785 822 1866 dies,
838 1785 863 1849 si
877 1785 937 1847 riri
953 1785 1043 1863 estis,
1057 1785 1125 1848 haec
1139 1774 1208 1848 cer·

148 1886 289 1949 «tamine
305 1885 394 1950 finiet
409 1911 416 1951 ι
432 1910 505 1949 nam
521 1903 553 1950 et
568 1885 608 1950 de
624 1887 711 1976 lege,
723 1903 755 1950 et
768 1886 809 1949 de
821 1886 956 1949 tribuno
971 1907 1028 1948 vos
1044 1884 1077 1947 in
1094 1885 1208 1949 suffra·

144 2016 157 2041 a
166 1985 215 2074 gia
229 1987 372 2066 mittam3
388 2005 424 2050 ut
435 1988 616 2075 intelligant
624 1988 789 2068 homines,
801 1988 945 2067 majorne
956 1986 1068 2076 populi
1081 1988 1208 2050 romani

146 2088 341 2151 «auctoritas
360 2111 427 2151 esse
445 2089 576 2170 debeat,
594 2111 635 2153 an
655 2105 728 2169 tua,
747 2089 792 2152 M.
811 2089 942 2170 Octavi,
961 2088 1018 2175 qui
1034 2087 1209 2151 tribunitiae

147 2190 336 2275 «potestatis
351 2189 472 2269 telum,
491 2188 618 2252 tuendae
636 2188 722 2276 plebi
741 2213 759 2252 a
778 2189 952 2269 majoribus
969 2204 1208 2276 comparatum,

146 2288 209 2352 «ad
225 2292 472 2377 opprimendam
489 2290 573 2353 illam
591 2289 853 2377 perdendamque
870 2290 1036 2353 intorsisti.
1055 2319 1068 2344 ν

188 2392 311 2454 XXIII.
329 2390 505 2470 Postridie,
523 2414 700 2454 conscenso
720 2410 892 2480 suggestu,
910 2394 1104 2474 rogationem
1121 2390 1209 2455 sede

143 2491 190 2555 M.
208 2492 337 2555 Octauio
356 2490 496 2554 laturum
512 2490 609 2571 dixit,
627 2494 663 2554 ru'
675 2494 794 2581 incepto
811 2493 982 2571 desisteret;
1001 2513 1159 2578 eumque,
1173 2505 1211 2554 ut

137 2594 211 2681 jam
227 2596 286 2657 sibi
299 2617 437 2682 quoque,
458 2616 522 2655 nou
540 2607 665 2655 tontum
676 2592 796 2680 populo
807 2607 969 2682 parceret,
988 2590 1097 2654 denuo
1112 2613 1209 2655 accu-

144 2696 219 2759 ratis
236 2695 385 2782 precibus
403 2695 591 2758 sollicitavit.
610 2693 673 2758 Sed
690 2695 824 2759 Octavio
843 2717 998 2783 generosa
1016 2694 1207 2769 mouserot,

143 2797 303 2884 coeptique
320 2796 360 2859 ad
378 2813 558 2858 extremum
575 2810 685 2876 tenax,
701 2818 797 2882 quam
813 2795 968 2883 puderet,
987 2793 1085 2858 fidem
1102 2809 1152 2857 tot
1167 2794 1207 2856 il·-

139 2897 298 2980 Iustribus
313 2897 387 2958 viris
402 2896 526 2976 datam,
540 2912 572 2959 et
585 2896 618 2959 in
636 2919 670 2960 se
684 2919 753 2959 uno
770 2918 861 2983 spem
876 2918 1099 2984 possessorum
1113 2914 1206 2959 recu'·

142 2999 292 3076 bantem,
305 2997 489 3060 destituere.
498 2999 582 3060 Tum
595 2995 636 3060 ad
648 2997 799 3085 suffragia
811 2997 912 3076 itum,
925 2996 998 3059 deos
1011 2994 1209 3083 hominesque

140 3115 277 3162 testante
290 3099 438 3177 Tiberio,
455 3101 584 3162 invitum
600 3121 648 3178 se,
667 3112 699 3160 et
716 3097 828 3160 ultima
845 3100 1024 3162 necessitate
1046 3111 1206 3177 coactum,

138 3200 185 3262 ad
198 3199 367 3261 remedium
384 3213 449 3259 tom
463 3201 557 3259 trr'stti
572 3196 712 3284 exempli
724 3198 915 3264 descendere.

182 3298 300 3360 XXIV.
320 3298 389 3358 Jam
406 3297 564 3359 sententia
584 3297 683 3360 unius
702 3299 805 3361 tribus
825 3298 974 3387 adempta
993 3299 1126 3364 Octavio
1144 3321 1206 3387 poa

139 3413 236 3462 testas
249 3413 332 3474 erat,
346 3419 453 3482 neque
467 3397 534 3476 ille,
546 3419 733 3484 quanquam
748 3417 922 3464 renovante
938 3424 1049 3490 preces
1058 3401 1206 3482 Tiberio,

140 3497 328 3564 flectebatur
346 3520 353 3559 ε
368 3496 431 3573 jam
449 3497 596 3583 pluribus
613 3498 827 3587 pluribusque
844 3503 1066 3566 auctoritatem
1084 3524 1206 3590 praero-
1257 3529 1262 3538 ·

139 3600 249 3690 gativae
263 3596 491 3683 sequentibus,
505 3596 546 3660 de
558 3598 704 3686 quinque
715 3616 748 3663 et
759 3602 889 3690 triginta
901 3601 1051 3666 tribubus
1064 3619 1206 3690 septem·

139 3700 263 3780 decim,
280 3701 326 3761 uti
346 3721 456 3784 rogas,
482 3699 660 3781 jusserant3
681 3717 713 3764 et
728 3702 755 3765 si
774 3725 838 3765 una
855 3718 1007 3790 praeterea
1025 3702 1205 3786 accederet,

137 3800 322 3865 conlectum
339 3801 506 3887 negotium
523 3816 606 3884 erat,
624 3824 726 3889 quum
743 3804 878 3885 iterum,
890 3804 1029 3868 inhibito
1043 3804 1207 3891 paulisper

137 3901 366 3989 suffragiorum
381 3899 511 3981 ordine,
524 3903 691 3985 Tiberius,
707 3920 771 3967 tam
786 3905 972 3992 propinquo
986 3905 1132 3993 periculo
1147 3927 1206 3993 per

135 4002 262 4064 ultimas
289 3999 518 4065 obtestationes
544 4002 752 4068 obfirmatum
777 4005 905 4094 college
930 4007 1074 4069 animum
1103 4029 1207 4094 expu-

136 4125 234 4192 gnare
253 4116 405 4179 conatus,
425 4104 589 4188 propalam
608 4105 780 4192 complexu
803 4106 1022 4192 omnibusque
1040 4105 1205 4170 blanditiis

135 4203 252 4280 orarit,
268 4214 376 4263 contro
390 4201 503 4288 populi
522 4204 718 4268 volttntatem
738 4207 813 4284 m'tt',
836 4206 954 4294 sibiqw
974 4208 1203 4293 cgnomt'niom,

170 4410 274 4472 SXXl.
293 4411 399 4474 Appian.
417 4437 452 4445 -
468 4409 589 4458 Plutarch.
610 4439 644 4449 -
661 4411 789 4479 sum.
805 4413 858 4460 biv.
875 4414 941 4477 Epit.
963 4440 997 4450 -
1020 4413 1147 4463 Plutarch.
1169 4441 1204 4453 ...

139 4495 153 4562 S
168 4496 264 4546 XXIV.
279 4495 386 4563 Appian.
402 4521 435 4530 -
451 4493 573 4546 Pluttttlt.
