2594 4980
274 731 326 799 IN
355 730 465 799 LOC.
492 730 587 799 LIB.
614 730 783 799 LXVIII
811 729 1026 802 LIVIANI.
1112 730 1183 830 573

95 868 100 877 ·
120 850 271 937 cupiens,
294 874 312 913 a
337 850 546 915 Ptolemaidis
573 850 743 914 obsidione
769 871 862 913 orsus
885 832 945 914 est..
969 852 1068 940 Syrie
1091 874 1183 944 reges

120 952 250 1039 Grypus
276 967 373 1040 atque
401 953 580 1040 Cyzicenus
606 952 779 1033 Antiochi,
803 952 890 1016 velut
913 953 1058 1038 athletae,
1081 979 1184 1044 quos,

118 1055 242 1117 viribus
258 1054 408 1135 delectis,
422 1054 560 1119 cedendi
575 1053 683 1142 pudor
702 1053 808 1118 dirimi
825 1077 891 1116 non
909 1055 1002 1134 sinit,
1019 1077 1060 1119 ne
1076 1059 1185 1145 presi.

119 1155 175 1218 dio
198 1174 322 1238 essent,
340 1158 438 1221 rebus
454 1157 583 1239 accisis,
597 1174 631 1221 et
648 1175 764 1222 mutuo
783 1173 874 1221 metu
890 1157 1092 1224 vetabantur.
1108 1162 1183 1226 Zoi-

119 1258 185 1339 lus,
203 1282 389 1346 quanquam
415 1260 533 1323 coactis
555 1259 656 1346 copiis
679 1259 788 1324 omnia
814 1275 971 1339 tentaret,
997 1259 1084 1323 haud
1108 1264 1184 1327 satis
1239 1339 1242 1343 ⁴

120 1359 257 1423 idoneus
276 1358 427 1424 defensor
440 1376 517 1425 erat.

162 1462 340 1525 LXXXVI.
367 1460 418 1524 Ad
436 1461 643 1525 Ptolemaeum
661 1462 841 1526 Lathurum
863 1463 984 1550 legatos
1008 1463 1094 1526 mitti
1113 1464 1184 1551 ple·
1241 1540 1244 1545 Ι

120 1562 204 1643 cuit,
224 1562 281 1649 qui
292 1563 404 1650 pulsus
414 1562 558 1652 AEgypto
573 1564 674 1652 Cypri
690 1585 828 1652 regnum
841 1580 1063 1651 occupaverat.
1079 1566 1183 1630 Causa

118 1658 257 1750 pellendi
269 1664 355 1728 varie
372 1663 523 1747 traditur,
541 1682 579 1728 ut
594 1665 635 1728 ab
647 1661 846 1729 initio‘baud
859 1664 960 1729 dubie
971 1688 1085 1754 parum
1101 1689 1183 1731 oon·

118 1764 215 1827 stanti
231 1786 379 1846 rumore,
397 1780 429 1827 et
442 1788 502 1852 pro
517 1765 594 1829 odio
611 1765 759 1830 studiove
773 1765 932 1853 cujusque
948 1766 982 1829 in
997 1788 1116 1856 regern,
1126 1782 1184 1831 aut

119 1881 254 1929 matrem
272 1867 350 1947 ejus.
371 1866 503 1930 Saevisse
518 1866 650 1954 quidam
671 1869 704 1931 in
730 1883 882 1954 paternos
905 1867 1025 1931 amicos
1044 1869 1182 1956 scripse·

118 1985 195 2031 runt
207 1992 213 2031 :
224 1967 297 2048 alii,
312 1966 424 2031 lictum
443 1967 477 2031 id
491 1969 629 2050 crimen,
648 1985 681 2032 et
695 1968 808 2034 fraude
824 1970 943 2059 reginae
956 1969 1135 2057 productos
1148 1973 1184 2035 in

118 2069 286 2155 publicum
301 2069 469 2132 eunuchos
490 2071 637 2151 vulnera,
660 2093 732 2157 quae
745 2086 862 2158 sponte
875 2072 960 2159 passi
976 2087 1085 2152 erant,
1108 2087 1182 2137 tan·
1210 2128 1214 2135 ,

118 2193 215 2257 quam
231 2171 323 2258 regiae
340 2169 536 2235 crudelitatis
556 2187 666 2235 notam
683 2187 878 2252 ostentasse3
898 2171 958 2234 alia
975 2193 1108 2259 quoque
1124 2170 1184 2237 ad·

50 2324 53 2329 ⁴
116 2272 199 2351 jecta
218 2273 318 2336 atroci
332 2272 575 2355 criminatione,
592 2272 667 2336 ideo
687 2288 753 2336 tam
772 2271 887 2337 acerbe
904 2287 1075 2353 tractatos,
1093 2272 1184 2360 quod

118 2373 247 2438 insidias
264 2374 357 2436 matri
373 2390 554 2438 struentem
569 2374 822 2462 prohibuissent.

160 2475 357 2539 LXXXVII.
369 2473 565 2556 Multitudo,
579 2475 662 2538 veris
671 2474 896 2560 simulatisque
908 2472 1044 2560 perinde
1059 2474 1183 2539 moveri

117 2592 224 2656 sueta,
241 2597 403 2640 concursu
420 2575 460 2638 ad
476 2575 598 2663 regiam
616 2574 721 2654 facto,
735 2573 824 2637 haud
840 2571 1028 2636 dubitanter
1045 2572 1182 2637 interie-

117 2678 451 2754 cissetPtolemoeum,
466 2675 544 2754 nisi,
557 2696 695 2760 propere
709 2694 885 2736 conscensa
898 2674 987 2752 navi,
1003 2672 1182 2739 furentium

118 2797 232 2839 manus
249 2773 407 2837 evasisset.
424 2775 512 2836 Inter
528 2772 597 2834 haec
609 2772 801 2835 Ptolemaeus
815 2771 1010 2850 Alexander,
1029 2773 1085 2860 qui
1100 2796 1182 2838 con·

117 2876 262 2938 siliorum
275 2875 413 2936 istorum
432 2871 521 2935 haud
535 2872 665 2961 ignarus
680 2873 713 2934 in
731 2870 910 2962 AEgyptum
924 2891 1070 2958 venerat,
1084 2875 1182 2940 Pelu-

117 2978 165 3040 sio
180 2989 360 3039 evocatura
373 2990 493 3052 matre,
508 2988 556 3052 et,
572 2972 656 3036 sicut
667 2971 794 3038 decimo
810 2989 884 3038 ante
899 2996 987 3040 anno
1003 2977 1185 3065 Cleopatrae
1249 3046 1252 3053 ,

117 3076 207 3141 cordi
221 3076 341 3159 luerat,
358 3072 414 3137 sed
437 3073 532 3136 citius
550 3094 617 3136 non
632 3089 783 3160 potuerat
801 3074 956 3157 obtineri,
973 3076 1098 3156 dejecto
1112 3080 1179 3142 fra·

117 3195 184 3259 tre,
203 3201 258 3241 rex
280 3174 477 3264 appellatur,
498 3190 536 3237 ut
553 3194 728 3239 commune
751 3198 828 3239 cum
854 3191 956 3241 matre
976 3178 1031 3258 jus
1053 3179 1181 3267 imperii

117 3280 258 3344 haberet.
1025 3314 1029 3322 ·

159 3382 370 3446 LXXXVIII.
390 3379 525 3462 Mulier,
542 3379 652 3443 omnia
668 3376 776 3442 divina
791 3378 999 3467 humanaque
1013 3379 1114 3463 odiis,
1128 3404 1181 3446 er·

117 3484 195 3562 mis,
213 3483 404 3568 incestuque
429 3480 563 3544 miseere
581 3497 687 3561 sueta,
706 3481 802 3571 etiam
825 3480 957 3545 alteram
981 3481 1094 3563 majori
1114 3478 1181 3548 tilio

119 3605 251 3644 uxorem
269 3582 405 3647 Selenen
422 3581 552 3665 adimit,
567 3602 754 3669 quanquam
773 3580 857 3646 duos
877 3605 916 3646 ex
932 3605 968 3645 ea
984 3583 1103 3649 liberos
1120 3584 1182 3649 ha·

117 3685 207 3747 benti
224 3707 231 3747 ε
250 3706 347 3770 quant
366 3683 486 3748 deinde
501 3684 536 3747 in
555 3682 678 3770 Syriam
697 3680 808 3769 Grypo
831 3698 1007 3769 nupturam
1029 3708 1104 3749 cum
1129 3685 1183 3748 in·

117 3786 266 3875 gentibus
275 3784 399 3848 auxiliis
409 3785 508 3861 misit,
520 3806 561 3848 ne
570 3783 747 3869 Cyzicenus
758 3780 800 3845 ad
815 3783 1070 3870 recuperandam
1082 3783 1183 3873 AEgy·

117 3904 209 3976 ptum
230 3887 334 3949 amico
360 3902 392 3949 et
412 3888 503 3950 socio
525 3884 670 3948 Lathuro
693 3881 777 3946 ferre
800 3905 896 3970 opem
914 3901 1032 3973 posset.
1054 3886 1181 3949 Interea
1255 3952 1258 3959 ,

117 4010 224 4074 neque
239 3986 347 4074 copias
365 3987 398 4048 in
417 3988 560 4074 Cyprum
580 3985 707 4048 mittere
726 3983 910 4062 desinebat,
932 4002 970 4050 ut
990 4008 1027 4050 ea
1048 4007 1183 4072 quoquo

117 4088 220 4151 insula
237 4085 340 4150 lilium
357 4086 546 4173 expelleret:
561 4086 618 4150 sed
635 4085 821 4173 utquisque
836 4085 870 4147 in
885 4086 1025 4150 insulam
1037 4103 1181 4171 venerer,

116 4215 133 4254 e
156 4190 290 4279 vestigio
312 4187 354 4252 ad
378 4186 587 4253 Ptolemaeum
610 4183 801 4266 deficiebat,
823 4201 942 4274 praeter
963 4185 1125 4252 Chelcitnn
1148 4201 1183 4252 et

149 4405 165 4468 5
179 4404 319 4453 LXXXVI.
331 4401 433 4466 Joseph.
444 4403 523 4459 xm,
540 4415 570 4463 ¹9
582 4412 606 4449 et
616 4416 657 4449 ao.
673 4428 708 4440 —
718 4400 841 4467 Porphyr.
854 4401 920 4468 apud
933 4363 1020 4453 sueti
1030 4430 1065 4442 -
1079 4406 1183 4454 Paean.

122 4485 163 4532 lib.
176 4489 196 4536 1.
205 4513 240 4522 —
251 4487 343 4536 lustin.
352 4512 387 4522 -
397 4485 413 4550 ς
427 4484 580 4534 tumr.
591 4487 607 4534 J
609 4485 682 4534 attin.
692 4484 823 4545 xmx,
834 4492 859 4541 4.
