2594 4980
365 684 419 753 ΙΝ
447 681 558 752 LOC.
583 682 677 750 LIB.
705 681 788 749 LVI
817 682 1032 750 LIVIANI.
1161 683 1231 781 269

169 806 281 886 Euno,
299 803 356 890 qui
378 801 520 868 flammas
536 823 593 866 ore
615 799 756 865 fundens
773 799 958 881 incedebat,
976 803 1007 865 in
1028 801 1142 869 urbem
1164 805 1230 869 En-

169 925 302 968 nensem
313 903 514 992 irrumpunt3
526 900 706 988 domosque
715 902 894 989 pervagati,
905 903 1120 988 promiscuam
1130 906 1234 971 edunt

168 1005 308 1085 cladem,
326 1026 367 1069 uo
380 1003 492 1092 prima
511 1001 643 1091 quidem
666 1003 749 1066 oetati
764 1018 951 1090 parcentes,
971 1026 1069 1090 quam
1088 1006 1130 1071 ab
1154 1007 1233 1072 nbc-

168 1106 259 1171 ribus
272 1121 411 1169 matrum
425 1120 547 1193 raptam
563 1104 655 1167 humi
670 1102 863 1191 affligebant.

211 1207 346 1271 XXXV.
369 1205 484 1293 Neque
503 1204 629 1271 minore
657 1202 806 1286 libidine,
831 1227 929 1291 quam
949 1205 1085 1287 saevitia,
1111 1229 1232 1296 grassa·

168 1307 305 1388 bantur;
328 1306 495 1393 multaque
514 1321 665 1369 extremae
682 1303 830 1369 foeditatis
848 1308 994 1393 exempla
1013 1308 1048 1370 in
1069 1324 1233 1375 matronas

168 1412 281 1489 etiam,
302 1406 557 1500 inspectantibus
575 1405 668 1487 viris,
690 1422 768 1470 sunt
786 1405 882 1471 edita.
902 1410 1091 1472 Concursus
1112 1408 1155 1474 ad
1169 1409 1231 1475 bos

169 1511 265 1574 fiebat
277 1509 478 1575 urbanorum
495 1505 699 1571 servitiorum
715 1530 729 1575 a
743 1522 815 1593 quae
825 1523 859 1598 et
871 1508 954 1594 ipsa,
971 1509 1038 1570 suis
1047 1509 1138 1595 prius
1147 1509 1233 1574 beris

169 1636 236 1676 non
252 1612 322 1677 siue
343 1609 488 1676 cruciatu
506 1607 702 1682 interiectis,
722 1605 764 1670 ad
782 1608 919 1671 aliorum
940 1606 1059 1670 deinde
1077 1609 1234 1697 supplicia

169 1711 390 1802 provolabant.
407 1708 534 1775 Interea
552 1708 721 1773 nuntiatur
734 1707 849 1790 Euno,
865 1707 1097 1794 Damophilum
1110 1726 1144 1773 et
1161 1709 1233 1773 Me·

169 1812 319 1902 gallidem
335 1813 370 1874 in
389 1807 585 1879 suburbanis
603 1808 705 1873 bortis
727 1830 821 1897 agere
840 1831 848 1871 z
868 1809 1043 1872 mittuntur
1060 1831 1078 1874 e
1097 1809 1233 1900 vestigio

170 1915 227 2001 qui
241 1914 365 1977 vinctos
375 1909 555 1986 adducant:
571 1909 615 1974 ita
626 1909 766 1997 religatis
777 1924 852 1997 post
865 1923 953 1996 terga
966 1908 1134 1985 manibus,
1146 1911 1233 1977 mul-

170 2030 281 2102 tasque
290 2015 325 2077 in
338 2014 387 2078 ria
400 2011 610 2077 contumelias
618 2010 701 2098 passi
715 2010 883 2073 sistuntur.
893 2008 979 2073 Filiae
989 2023 1096 2073 tamen
1106 2031 1235 2092 eorum,

170 2140 242 2204 quac
256 2115 365 2180 adhuc
381 2115 413 2177 in
440 2110 574 2201 puellari
590 2126 683 2182 aetate
700 2111 876 2174 constituta
894 2125 977 2191 erat,
1001 2109 1107 2182 modis
1125 2113 1233 2176 omni-

170 2217 231 2282 bus
252 2231 489 2307 pepercerunt3
510 2213 600 2303 quod
617 2214 747 2303 ingenio
764 2215 850 2278 mitis
871 2213 1022 2278 saevitiam
1044 2231 1232 2302 parentum,

170 2343 234 2408 qua
257 2332 382 2407 poterat
406 2316 625 2396 humanitate,
648 2315 856 2396 emendabat,
877 2318 1019 2378 fomenta
1039 2317 1233 2400 verberatis,

169 2421 321 2484 alimenta
338 2419 427 2482 nexis
442 2414 641 2507 dilargiendo
655 2440 665 2479 z
681 2416 800 2503 quibus
816 2416 913 2480 rebus
931 2439 1001 2479 eam
1020 2417 1106 2504 apud
1119 2441 1232 2484 omnes

170 2520 366 2610 comparavit
375 2518 524 2609 gratiam,
535 2532 573 2582 ut
585 2518 668 2581 inter
678 2517 762 2579 hanc
771 2517 1017 2580 conversionem
1031 2518 1187 2600 lbrtunoe,
1198 2519 1233 2582 in

170 2637 257 2685 tanta
274 2621 327 2684 illa
343 2619 516 2685 bominum
531 2617 706 2706 agrestium
722 2632 753 2679 et
770 2616 971 2704 perditorum
988 2618 1116 2681 licentia
1137 2620 1234 2685 luerit

171 2742 286 2802 nemo,
300 2720 357 2810 qui
373 2719 437 2783 ulla
452 2740 522 2783 eam
537 2717 653 2798 injun‘a
672 2718 723 2781 rel
738 2715 865 2780 afficere
881 2718 995 2799 vellet,
1010 2719 1060 2781 vel
1077 2718 1161 2784 affici
1174 2743 1233 2809 pa-

171 2836 304 2887 teretur.

213 2922 364 2987 XXXVI.
383 2922 435 2985 Sic
450 2921 535 2984 inter
548 2942 606 2985 eos
620 2942 678 3008 per
689 2920 812 3006 aliquot
831 2935 960 3006 tempus
977 2919 1123 2984 modeste
1140 2944 1232 2989 vere·

171 3022 342 3110 cundequc
350 3037 486 3100 servata,
500 3042 577 3085 mox
589 3040 750 3084 consensu
760 3035 950 3114 caeterorum
960 3021 999 3084 ab
1012 3022 1143 3085 Hermia
1154 3046 1234 3110 quo·

171 3122 265 3205 dam,
288 3124 380 3203 cujus
404 3122 439 3185 in
464 3144 501 3185 ea
522 3119 703 3185 defectione
724 3121 873 3208 primaria
896 3121 1069 3185 auctoritas
1090 3139 1175 3205 erat,
1198 3124 1232 3189 in

171 3226 285 3288 urbem
301 3224 542 3304 Catinensium,
557 3223 614 3286 ubi
632 3224 834 3311 propinquos
849 3223 1006 3304 babebat,
1022 3222 1160 3288 deducta
1174 3241 1231 3290 est.

171 3325 343 3390 Laudabile
366 3323 429 3388 hoc
452 3323 591 3406 factum,
615 3324 789 3412 magnique
807 3323 847 3388 ad
870 3346 997 3391 causam
1022 3327 1232 3414 lugitivorum

171 3428 328 3491 momenti
343 3427 421 3506 l'uit3
438 3447 540 3513 quum
556 3425 729 3490 ostendere
741 3425 925 3505 videretur,
944 3448 999 3489 eos
1018 3448 1084 3489 non
1099 3442 1163 3490 tam
1180 3429 1232 3492 in·

171 3530 230 3592 sita
252 3527 456 3607 crudelitate,
478 3548 574 3615 quam
601 3526 751 3590 vindicta
774 3526 902 3607 studio,
926 3525 1072 3590 acerbius
1100 3528 1132 3590 in
1153 3529 1258 3593 alios'

171 3631 382 3695 consuluisse.
402 3628 533 3719 Quippe
556 3626 786 3715 Demophilum
807 3643 839 3692 et
862 3625 1065 3714 Megallidem
1086 3628 1119 3690 in
1143 3629 1234 3694 thea-

171 3749 259 3796 trum
283 3731 475 3819 productos,
500 3727 739 3793 confluentibus
762 3727 876 3792 eodem
899 3727 1057 3815 lugitivis,
1077 3742 1232 3816 tanquam

172 3831 258 3919 apud
276 3831 433 3919 populum
454 3844 660 3910 accusarunt3
680 3828 835 3914 illumque
856 3827 1078 3891 defensionem
1101 3852 1232 3913 orsum,

171 3955 272 4020 quum
293 3931 383 3994 multi
398 3932 449 3994 vel
466 3927 682 3994 misericordia
693 3928 802 3992 subito
819 3943 948 3992 mutatae
963 3930 1078 4008 sortis,
1094 3931 1143 3993 vel
1156 3953 1231 3995 ora·

172 4036 262 4098 tione
274 4035 320 4097 rei
335 4031 553 4110 flecterentur,
566 4028 711 4093 Hermias
725 4043 757 4090 et
770 4028 900 4107 Zeuxis,
917 4028 972 4114 qui
988 4050 1063 4090 eum
1077 4030 1232 4093 acerrime

172 4134 325 4214 oderant,
341 4148 550 4195 veteratorem
568 4128 781 4217 a'ppellantes,
798 4149 865 4190 non
882 4142 1064 4214 exspectato
1084 4129 1232 4193 multitu·

172 4234 255 4299 dinis
269 4235 408 4314 judicio,
424 4230 555 4294 duobus
572 4228 760 4293 vulneribus
779 4229 998 4293 confecerunt.

207 4415 223 4477 3
241 4415 349 4463 XXXV.
360 4412 465 4460 Diodor.
476 4410 542 4474 apud
551 4411 629 4459 Vates
644 4435 678 4445 ·-
688 4405 704 4470 ς
714 4406 836 4456 XXXVI.
846 4405 949 4455 Diodor.
960 4404 1026 4469 apud
1038 4403 1160 4454 Photinus.
