2594 4980
171 401 175 417 Ι

277 748 330 816 ΙΝ
360 749 473 815 LOC.
501 749 593 817 LIB.
623 749 768 818 LXXII
800 748 1014 817 LIVIANI.
1108 748 1181 820 663

113 868 263 945 trajectus
280 883 368 947 erat,
387 890 484 954 quam
509 884 619 956 postea
638 868 752 932 iisdem
772 855 913 931 Cimbris
928 867 1011 932 fuit:
1030 887 1181 957 praeterea

113 990 181 1054 quo
200 984 345 1056 tempore
363 968 525 1033 Hannibal
546 971 579 1032 in
603 969 726 1034 ltaliam
745 969 886 1050 transiit,
904 986 1029 1057 partem
1051 973 1181 1061 Alpium

113 1071 354 1156 semigermanae
370 1086 482 1158 gentes
497 1071 662 1136 tenebant.

159 1172 311 1235 XXXIV.
329 1172 456 1235 Nomen
478 1188 587 1236 autem
605 1174 787 1237 Tuscorum
805 1186 939 1260 propter
951 1171 1183 1238 sacrificiorum

114 1272 285 1360 religiones
303 1297 322 1336 a
345 1274 463 1337 Graecis
480 1274 669 1362 impositum
686 1274 837 1339 credatur
852 1274 945 1355 licet,
970 1274 1184 1362 quemadmo-

113 1370 194 1435 dum
210 1373 269 1437 alia
285 1397 351 1436 non
367 1375 476 1438 minus
493 1375 600 1464 inepta
614 1375 811 1456 creduntur,
825 1375 905 1439 dum
920 1398 962 1439 ne
976 1376 1183 1465 ignoremus,

114 1499 204 1538 nunc
228 1498 361 1562 quoque
383 1476 564 1540 Germanos
581 1478 667 1541 iuter
682 1499 733 1558 se,
752 1494 809 1540 aut
826 1500 844 1539 a
865 1478 1113 1566 consanguineis
1132 1502 1183 1542 na·
1261 1501 1265 1506 ⁴

115 1577 279 1659 tionibus,
303 1579 407 1661 Lydos
431 1595 529 1664 atque
555 1579 669 1642 Tuscos
693 1578 864 1642 nominari.
891 1577 955 1643 sed
977 1596 1010 1642 et
1031 1578 1180 1660 Italum,

114 1679 175 1741 nisi
193 1701 291 1765 quem
308 1678 461 1742 l'abulosae
476 1677 638 1743 delectant
652 1680 812 1768 origines,
826 1703 845 1743 a
861 1680 976 1744 Tuscis
990 1682 1181 1768 appellatam

113 1779 213 1842 fuisse
237 1779 379 1866 suspicio
397 1795 466 1860 est,
494 1779 554 1860 iis,
579 1779 737 1866 inquam,
762 1779 897 1859 Tuscis,
924 1780 981 1867 qui
1004 1779 1181 1858 subjectam

113 1881 252 1968 Alpibus
278 1880 445 1968 regionem
465 1896 664 1960 tenuerunt,
692 1880 727 1942 in
750 1880 830 1943 valle
854 1879 941 1965 (boc
963 1879 1050 1942 enim
1074 1879 1185 1967 ipsum

113 1981 272 2070 significat
294 1981 406 2066 ltalia)
431 2003 465 2044 se
483 1981 628 2044 habitare
650 1980 878 2045 indicantibus.
903 1980 993 2063 Quid
1014 1980 1104 2068 quod
1120 1982 1182 2044 Bo-

112 2084 202 2147 diaci
225 2106 345 2148 nomen
369 2082 459 2146 Pado
483 2082 663 2170 antiquitus
685 2082 847 2163 inditum,
866 2082 918 2146 vix
941 2082 1001 2146 alia
1021 2083 1056 2145 in
1073 2082 1183 2170 lingua

115 2186 335 2263 notationem,
357 2207 454 2271 quam
476 2184 504 2247 ei
524 2184 638 2248 tribuit
654 2184 777 2248 Plinius
789 2232 797 2264 ,
806 2183 920 2271 fundo
941 2186 1074 2247 carentes
1094 2185 1184 2247 inve·

115 2287 209 2350 nerit.
225 2285 314 2369 Quid
328 2285 394 2365 jam
413 2301 501 2348 extra
517 2285 642 2348 ltaliam
662 2285 827 2374 regiones,
844 2283 901 2348 sed
924 2285 958 2348 in
979 2307 1059 2372 quas
1078 2285 1187 2348 infero

113 2387 192 2450 mari
216 2408 361 2451 accessus
384 2387 497 2450 Tuscis
519 2385 600 2466 fuit,
615 2386 707 2450 aliter
728 2411 747 2450 a
767 2386 909 2466 Graecis,
929 2386 1020 2450 aliter
1038 2386 1079 2449 ab
1096 2387 1184 2450 Italis

111 2490 287 2576 appellatos
303 2508 580 2568 commemorem,
597 2510 634 2551 ea
650 2489 776 2552 ratione
792 2489 985 2569 nominmn,
1006 2503 1042 2550 ut
1063 2489 1095 2550 iu
1116 2488 1184 2550 sola

112 2592 293 2678 germanica
308 2589 418 2679 lingua
430 2605 557 2653 certum
573 2605 606 2652 et
623 2589 872 2653 convenientem
887 2588 965 2652 locis
982 2585 1183 2652 intellectum

113 2692 311 2777 prael'erant?

73 2862 85 2873 ,
157 2794 292 2855 XXXV.
311 2792 466 2855 Famdem
486 2792 625 2856 insulam
645 2791 790 2855 Zanclen
811 2791 934 2866 Graeci,
951 2789 1093 2855 Sicilmm
1109 2793 1188 2865 Itali

113 2890 282 2973 dixerunt,
297 2915 366 2955 rem
380 2893 477 2955 etiam
491 2891 638 2956 eamdem
654 2909 791 2979 utraque
806 2891 983 2956 denotante
994 2915 1094 2972 voce,
1108 2915 1182 2956 nam

112 2991 275 3080 hodieque
291 2994 404 3058 falcem
425 2993 436 3079 (
446 2993 538 3071 cujus
555 2991 691 3081 liguram
711 2994 817 3058 insula
833 2995 952 3080 refert)
971 2995 1034 3057 hoc
1051 2996 1187 3058 nomine

114 3095 284 3159 Germania
313 3094 471 3184 designat.
501 3096 608 3177 Quam
633 3112 743 3159 autem
768 3095 871 3159 Graeci
897 3095 1030 3181 libyam
1046 3113 1182 3179 vocant,

113 3218 183 3258 eam
199 3219 268 3260 esse
284 3197 324 3259 ab
341 3196 455 3261 Tuscis
469 3195 618 3284 Africam
635 3212 855 3284 nuncupatam
871 3197 914 3260 ob
928 3198 1088 3259 suariorum
1104 3197 1185 3260 rnul-

112 3297 276 3360 uredinem
293 3320 359 3360 non
374 3296 552 3361 absurdum
570 3314 619 3361 est
638 3296 787 3362 credere:
803 3321 878 3361 nam
901 3314 934 3362 et
955 3299 1115 3361 smu'ormn
1133 3322 1185 3362 na·

108 3420 208 3482 gnum
226 3398 426 3485 apertissime
443 3414 533 3462 notat
548 3400 663 3464 Africae
681 3399 899 3480 vocabulum,
924 3416 957 3462 et
977 3422 1081 3488 genus
1101 3400 1181 3464 illud

113 3498 300 3561 animalium
312 3522 378 3563 non
392 3498 492 3563 modo
503 3499 803 3587 frequentissimum
814 3500 852 3564 iis
863 3500 942 3564 locis
956 3522 1025 3563 esse
1038 3517 1182 3581 constat,

112 3598 170 3662 sed
190 3599 286 3663 etiam
306 3601 402 3664 urbes
424 3602 544 3682 fuisse,
563 3623 635 3688 quae
652 3601 785 3665 asimiis
803 3623 838 3664 se
855 3600 1122 3684 denominarent,
1137 3603 1183 3665 si-

113 3704 196 3768 mios
212 3705 322 3769 divino
342 3707 469 3771 honore
485 3707 649 3789 colerent,
675 3707 784 3771 liberis
806 3706 970 3794 denique,
989 3724 1027 3772 ut
1045 3708 1148 3772 Graeci
1164 3733 1186 3772 a

113 3803 192 3885 diis,
210 3806 251 3868 ita
265 3806 310 3868 illi
323 3829 342 3870 a
353 3808 454 3870 simiis
471 3808 605 3870 nomiua
621 3808 838 3895 imponerent.

158 3907 308 3971 XXXVI.
331 3908 491 3972 Caeterum
505 3910 707 3991 Tuscorum,
731 3908 963 3996 undecumque
981 3910 1042 3973 illis
1062 3933 1186 3975 nomen

112 4025 168 4071 aut
182 4007 274 4097 origo
288 4008 406 4088 luent,
421 4024 454 4072 et
471 4008 651 4095 antiquitus
671 4031 799 4071 summa
811 4010 977 4097 potentia,
992 4025 1024 4072 et
1039 4009 1114 4073 belli
1128 4033 1184 4074 so-

111 4110 199 4172 cialis
216 4126 362 4196 tempore
378 4131 502 4197 magnae
515 4107 622 4173 adhuc
636 4109 719 4172 vires
732 4124 964 4172 memorantur.
981 4109 1085 4172 Urbes
1101 4133 1183 4197 prte-

111 4212 214 4299 cipuae
230 4211 338 4275 adhuc
353 4210 432 4274 Pisae
446 4228 556 4290 erant,
573 4226 606 4273 et
624 4212 713 4274 Luca
730 4211 885 4291 coloniae,
904 4209 1099 4293 Volaterrae,
1120 4215 1180 4275 Ar-

146 4396 163 4459 §
175 4399 297 4447 XXXIV.
313 4399 379 4446 Serv.
391 4396 421 4444 ad
432 4399 488 4445 AEu.
499 4400 541 4455 X,
555 4397 613 4451 16s.
632 4424 666 4433 -
680 4396 745 4444 elin.
756 4397 863 4455 ·111,56.
879 4423 911 4433 -
924 4397 941 4462 s
956 4399 1067 4448 XXXV.
1077 4398 1183 4451 Diodor.

113 4480 183 4540 XX,
200 4482 242 4546 59.
