2594 4980
320 690 373 757 IN
408 690 521 758 LOC.
549 691 643 758 LIB.
671 690 758 757 LXI
791 691 1007 761 LIVIANI.
1129 690 1202 789 399

131 843 143 866 ι
158 811 284 874 hiscum
300 811 351 876 lex
365 827 431 892 est,
450 833 549 897 quam
570 833 638 873 non
657 810 763 873 solum
784 811 955 886 homines,
971 834 1085 876 verum
1102 813 1197 878 etiam

130 934 254 975 somne
272 912 487 976 animantium
507 935 610 1000 genus
630 927 743 975 natura
760 912 911 1000 magistra
929 928 1035 996 tenet,
1054 930 1199 979 extraor-

130 1045 141 1067 «
155 1013 278 1076 (linaria
288 1013 431 1100 pericula
442 1012 702 1077 extraordinariis
712 1013 892 1086 rationibus
902 1013 1079 1102 depellere,
1092 1038 1199 1104 neque

130 1147 143 1170 ι
157 1114 266 1203 segnia
288 1137 453 1203 opponere
473 1114 615 1178 remedia
635 1115 793 1179 celeribus
810 1115 912 1179 malis.
929 1115 1117 1203 Scipionum
1133 1119 1198 1182 fra·

130 1231 244 1277 «trum
261 1213 407 1278 cladibus
424 1215 633 1279 amiseramus
650 1217 836 1303 Hispanias,
850 1217 984 1280 retinuit
995 1218 1030 1281 L.
1043 1218 1199 1300 Marcius,

131 1347 144 1370 ι
158 1338 223 1378 non
242 1317 403 1399 facturus,
418 1317 444 1379 si
460 1317 547 1406 leges
563 1332 597 1379 et
613 1317 742 1382 comitia
757 1319 1002 1406 magistratuum
1016 1336 1200 1407 exspectare

130 1449 141 1472 ιι
156 1418 319 1482 voluisset.

174 1517 270 1582 LXV.
291 1517 442 1583 «Eodem
462 1519 563 1602 bello,
582 1543 686 1606 quum
703 1522 866 1585 Hannibal
882 1522 989 1610 copias
1005 1521 1201 1589 admovisset

130 1620 254 1699 «Urbi,
272 1636 304 1683 et
323 1643 442 1707 pavens
463 1622 638 1685 multitudo
657 1623 806 1710 pluribus
826 1623 905 1686 locis
929 1625 1198 1707 tumultuaretur,

130 1744 285 1802 «omnes,
301 1724 357 1809 qui
375 1723 586 1805 dictaturam,
599 1724 859 1805 consulatumve,
873 1739 931 1787 aut
946 1745 1117 1790 censuram
1134 1749 1200 1815 gese

131 1824 287 1904 «sissent,
308 1823 414 1888 donec
434 1825 553 1889 Poenus
569 1825 773 1905 abscederet,
793 1848 868 1890 cum
888 1827 1025 1913 imperio
1043 1850 1113 1892 esse
1128 1829 1197 1916 pla·

131 1957 143 1978 ι
158 1926 234 1988 cuit.
249 1926 363 2006 Qualia
376 1949 631 1990 commemorare
642 1949 681 1990 ex
694 1927 783 1990 omni
796 1942 887 1991 aetate
900 1928 1039 2016 plurima
1053 1951 1196 2017 possem:

130 2049 230 2088 «nam
257 2026 417 2104 ejusmodi
440 2027 586 2114 exempla
611 2043 643 2090 et
666 2029 700 2090 in
724 2044 834 2092 nostra
856 2028 1001 2109 civitate,
1018 2045 1052 2093 et
1073 2031 1107 2094 in
1129 2030 1198 2096 aliis

129 2127 308 2191 «omnibus
326 2128 471 2217 exigente
491 2151 554 2192 usu
574 2131 778 2216 trequentata
801 2147 888 2194 sunt.
913 2130 946 2193 Si
971 2130 1086 2220 igitur,
1108 2131 1197 2219 quod

130 2259 141 2281 ιι
156 2228 273 2291 talibus
291 2229 493 2316 temporibus
511 2229 578 2294 fieri
596 2231 696 2312 solet,
713 2231 892 2319 debetque,
914 2255 931 2295 a
950 2232 984 2295 L.
1005 2233 1135 2321 Opimio
1151 2235 1197 2297 fa·

128 2362 140 2383 ιι
156 2345 244 2391 ctum
260 2345 323 2411 est,
341 2354 400 2393 cur
413 2332 447 2394 L.
459 2331 627 2418 Opimius,
639 2349 795 2418 tanquam
811 2331 888 2397 foedi
904 2333 1055 2396 facinoris
1071 2350 1196 2414 auctor,

130 2463 142 2485 ι
159 2432 345 2495 accusatur?
357 2455 415 2496 cur
431 2433 558 2497 invidiae
573 2434 767 2521 criminique
778 2434 880 2514 cedit,
893 2433 984 2522 quod
996 2434 1115 2498 honori
1128 2434 1196 2499 dari

130 2565 141 2585 «
157 2535 351 2618 oportebat?

172 2635 285 2699 LXVI.
303 2667 315 2689 ι
329 2638 366 2698 ln
390 2635 530 2698 thebana
552 2635 679 2698 civitate
700 2634 875 2721 aliquando
898 2634 994 2722 longe
1016 2634 1195 2722 principem

129 2768 140 2789 ιι
156 2737 274 2798 virtute
298 2752 329 2798 et
357 2736 503 2798 moribus
526 2735 786 2821 Epaminondam
814 2737 913 2798 fuisse
936 2737 1131 2823 accepimus.
1161 2738 1191 2800 ls

128 2869 140 2887 ιι
155 2859 274 2921 quum,
290 2858 385 2921 supra
400 2835 615 2921 praestitutum
632 2836 757 2924 legibus
774 2851 901 2924 tempus
917 2837 1105 2900 continuata
1119 2859 1198 2926 prte-

130 2970 141 2991 «
158 2955 246 3017 tura,
263 2959 312 2999 res
328 2937 480 2999 maximas
497 2936 671 3023 patriaeque
686 2937 871 3000 utilissimas
884 2936 1046 3025 gessisset,
1059 2958 1196 3023 quarunt

130 3071 141 3092 ιι
156 3040 282 3101 occasio
299 3038 499 3125 praeteritura
516 3038 636 3118 fuerat,
653 3038 679 3101 si
698 3037 842 3127 legitimo
861 3053 1006 3123 tempore
1023 3037 1195 3124 imperium

131 3173 141 3193 ιι
157 3139 375 3229 deposuisset,
398 3161 527 3227 poenam
549 3160 614 3202 non
637 3137 846 3227 deprecatus,
865 3137 1003 3203 adscribi
1026 3137 1120 3225 petiit
1141 3136 1197 3202 de·

129 3273 141 3294 «
154 3259 258 3324 creto,
271 3241 528 3330 Epaminondam
542 3264 564 3303 a
580 3241 696 3304 civibus
710 3255 808 3304 morta
820 3239 1005 3304 mulctatum
1022 3261 1083 3302 essa
1091 3287 1101 3318 ‚
1112 3241 1200 3328 qnod
1276 3230 1289 3251 '

130 3374 141 3395 «
156 3367 220 3420 eos,
241 3345 393 3430 superatis
410 3342 500 3432 apud
509 3341 645 3406 Leuctra
660 3343 839 3431 Spartanis,
855 3363 987 3432 quorum
1004 3355 1197 3430 compactum

131 3472 142 3493 ιι
157 3445 190 3502 in
207 3446 274 3504 acie
291 3444 407 3506 Boeotii
423 3459 497 3506 ante
517 3466 548 3506 se
566 3446 780 3530 imperatorem
781 3442 876 3530 ferre
889 3446 1107 3531 nequivissent,
1128 3467 1196 3507 coe·

130 3574 142 3595 ι
153 3547 236 3624 gerit
250 3545 370 3607 Thebas
390 3546 432 3607 ab
450 3549 578 3609 interita
601 3543 759 3609 Graectam
776 3550 810 3609 in
827 3544 999 3609 libertatem
1021 3545 1194 3610 vindicare.

130 3644 223 3705 «Vos
241 3642 439 3708 damnationi
457 3648 492 3710 L.
510 3647 630 3734 Opimii
649 3669 748 3732 quem
768 3646 900 3710 titulum
922 3647 1129 3732 praescribere
1142 3647 1196 3727 ju·

130 3777 142 3798 «
158 3746 290 3807 stiorem
304 3746 464 3833 poteritis,
479 3770 591 3833 quant,
607 3746 697 3834 quod
711 3749 886 3834 impiorum
900 3747 1063 3835 suppliciis
1074 3762 1195 3813 seruata

130 3847 301 3926 «civitate,
324 3847 533 3929 haecomnia,
552 3872 675 3936 vosque
693 3850 798 3937 ipsos,
816 3849 1057 3935 quantumlibet
1077 3852 1195 3916 invitos

129 3980 141 4001 ι
155 3965 251 4033 atque
268 3964 500 4034 repugnantes,
515 3949 619 4012 salvos
635 3972 705 4012 esse
721 3949 884 4037 coegerit?

174 4050 305 4112 LXVll.
321 4080 333 4103 ι
348 4050 441 4112 Cives
458 4050 588 4130 armati,
605 4049 745 4113 ducibus
757 4051 832 4113 viris
848 4050 1073 4129 nobilissimis,
1089 4053 1195 4115 Aven-

130 4182 141 4204 ιι
158 4153 262 4215 tinum
280 4149 481 4230 insederant,
505 4172 572 4212 non
594 4173 707 4231 causa,
729 4173 795 4214 non
819 4153 1004 4239 proposito,
1027 4174 1068 4214 ne
1088 4151 1195 4239 specie

130 4253 289 4339 «quidem
308 4251 437 4330 eadem,
455 4273 520 4338 qua
542 4251 620 4314 olim
644 4253 746 4317 nostri
767 4253 884 4318 milites
906 4252 1059 4317 eumdem
1078 4253 1193 4318 collem

164 4438 179 4501 5
195 4442 270 4487 inv,
286 4439 338 4486 rav.
354 4438 636 4497 unwano,
650 4435 1194 4502 10.-stxv1.c0m.rtep.spm.e.s.
