2594 4980
153 720 221 792 558
329 722 394 784 JO.
423 715 759 785 FREINSHEMII
788 717 1029 785 SUPPLEM.

151 867 224 907 men
241 842 323 929 adigi
341 838 538 925 nequivisse,
555 853 591 901 ut
604 836 771 923 Equitium
785 857 845 923 pro
859 834 925 901 filio
945 838 1067 919 fratris,
1091 840 1211 904 osculo

149 942 281 1006 ferendo
304 954 498 1028 agnosceret.
526 940 562 1000 ln
587 936 697 1001 eedem
714 958 848 1001 censura
868 938 909 1019 Q.
929 939 1094 1020 MetelluS,
1114 941 1212 1027 quo'd

149 1044 192 1107 ob
212 1041 377 1105 cimbricae
396 1040 531 1101 maxime
548 1037 651 1101 clades
670 1036 774 1101 multo
788 1038 971 1125 pauciores,
990 1063 1087 1128 quam
1106 1064 1209 1129 supe·

148 1144 287 1206 rioribus
304 1142 425 1222 lustris,
444 1140 531 1202 censi
551 1139 635 1202 cives
653 1138 779 1202 romani
801 1138 950 1221 fuerunt,
967 1140 1147 1204 orationem
1163 1140 1208 1205 ad

146 1245 304 1333 populum
318 1242 358 1305 de
372 1240 556 1304 maritandis
568 1238 753 1320 ordinibus,
766 1255 799 1303 et
811 1240 959 1329 augenda
972 1243 1062 1330 prole
1074 1242 1207 1323 habuit,

147 1345 254 1407 multis
271 1343 389 1406 dehinc
403 1342 546 1403 aetatibus
561 1340 730 1405 celebrem.

189 1445 342 1507 XXXIX.
362 1441 444 1504 Nam
460 1458 490 1503 et
506 1445 669 1528 Augustus
685 1442 789 1505 Cesar
805 1442 886 1506 tenti
903 1465 973 1506 eam
992 1442 1084 1525 feeit,
1101 1461 1140 1507 ut
1154 1467 1207 1509 se·

146 1545 235 1608 natui
250 1560 347 1607 totam
366 1543 500 1629 legeret,
516 1543 702 1629 populoque
716 1565 774 1631 per
786 1541 926 1607 edictum
942 1544 1205 1629 commendaret3

146 1663 178 1712 et
203 1645 356 1709 Hadriani
383 1643 489 1705 adhuc
518 1664 802 1731 successorumque
827 1645 1026 1732 temporibus
1048 1647 1206 1733 gravitate

145 1747 311 1825 dictionis,
330 1760 360 1807 et
377 1745 609 1806 sententiarum
626 1743 811 1809 salubritate
825 1767 858 1808 se
874 1744 1129 1811 commendavit:
1145 1770 1205 1812 ne·

146 1870 209 1935 que
228 1848 344 1909 referre
361 1845 448 1931 piget
466 1844 550 1906 inter
569 1844 645 1909 elias
663 1845 877 1925 eminentem,
897 1869 963 1932 quo
982 1848 1080 1936 magis
1096 1848 1204 1935 pude-

144 1949 222 2011 fiant
237 1961 345 2009 nostra
361 1962 469 2024 aetate,
485 1967 567 2031 quos
584 1943 771 2009 divinorum
788 1968 827 2009 ex
843 1946 1017 2010 certissima
1033 1947 1206 2035 discipline

145 2051 280 2137 peritos,
296 2049 412 2135 pietate
431 2064 537 2110 tamen
556 2047 579 2109 ii
598 2047 750 2127 vincunt,
771 2048 827 2134 qui
843 2047 1000 2111 rationem
1021 2070 1120 2112 unam
1138 2048 1203 2113 du-

144 2174 232 2230 cem,
260 2150 343 2213 inter
371 2151 486 2212 multas
514 2148 781 2236 superstitionum
805 2148 961 2236 ineptias,
989 2171 1205 2237 errorumque

144 2252 378 2337 inexplicabiles
395 2251 537 2313 humana
552 2247 707 2313 industrie
723 2249 942 2338 labyrinthos,
963 2249 1158 2317 habuerunt.

187 2352 253 2414 XL.
279 2352 397 2438 Igitur,
418 2352 490 2413 deos
512 2349 635 2437 quidem
655 2350 842 2414 inmortales
857 2374 947 2439 posse
967 2353 1086 2431 omnib,
1108 2351 1143 2415 in
1166 2377 1205 2419 ea

143 2453 288 2515 oratione
311 2451 459 2514 llletellus
482 2450 578 2531 (lixit,
593 2450 649 2513 sed
663 2450 834 2515 homitibus
854 2450 977 2515 nullam
992 2474 1052 2513 esse
1071 2474 1204 2517 causam

144 2555 309 2643 opinandi,
329 2554 569 2640 indulgentiores
588 2551 745 2640 sitisses,
766 2577 860 2642 quam
878 2556 987 2617 sintin
1002 2552 1110 2617 liberos
1129 2556 1209 2620 boni

142 2660 350 2744 sapientesque
360 2674 476 2743 patres.
498 2659 656 2720 Caeterum
676 2678 767 2722 emor
782 2656 961 2731 coelibatus,
981 2656 1049 2719 aliis
1067 2656 1205 2746 aliisque

143 2761 245 2823 causis
256 2759 296 2822 ad
309 2758 404 2821 linem
419 2759 512 2820 Urbis
527 2758 718 2838 duraturus,
732 2757 797 2837 jam
812 2775 882 2821 turn
895 2758 1088 2822 inoleverat:
1103 2758 1204 2840 dum,

141 2861 254 2948 puellis
271 2875 327 2922 aut
343 2861 436 2921 etiam
456 2858 596 2921 maribus
612 2857 794 2940 illudendo,
809 2875 958 2946 corrupta
970 2860 1141 2941 juventus,
1154 2862 1205 2925 vi·

142 2977 208 3024 tato
225 2962 419 3023 matrimonii
439 2982 555 3038 onere,
579 2957 745 3023 libidinem
765 2959 903 3023 solutius
922 2977 1056 3025 exercet.
1073 2962 1134 3025 Cui
1151 2978 1202 3027 ta·

142 3086 216 3124 men
228 3060 346 3149 flagitio
358 3061 418 3122 sub
432 3084 466 3121 ea
481 3076 623 3145 tempora
636 3060 724 3123 haud
734 3083 806 3124 raro
818 3061 945 3125 obviam
959 3062 1039 3124 itum
1053 3086 1060 3126 :
1076 3062 1204 3143 judicio

141 3185 272 3248 quoque
300 3161 516 3239 memorabili,
545 3158 635 3245 quod
662 3160 698 3223 C.
726 3163 942 3243 Cosconium,
969 3163 1098 3227 Servilia
1129 3166 1203 3256 lege

139 3286 248 3340 reum,
266 3264 440 3346 multisque
458 3278 489 3322 et
505 3261 600 3323 certis
618 3259 807 3325 criminibus
826 3279 1014 3346 nocentem,
1034 3266 1066 3327 in
1084 3264 1203 3332 odium

139 3364 331 3426 accusatoris
344 3362 459 3423 Valerii
474 3360 634 3423 Valentini
648 3359 770 3439 judices
784 3363 1006 3445 absolverunt,
1023 3365 1067 3429 ob
1083 3367 1202 3433 recita·

139 3480 207 3526 tum
217 3464 332 3526 Valerii
344 3484 489 3539 carmen,
502 3485 568 3546 quo
580 3483 719 3547 puerum
731 3480 969 3551 praetextatum,
981 3482 1013 3529 et
1023 3465 1202 3554 ingenuam

140 3565 292 3651 virginem
310 3589 328 3626 a
348 3588 380 3625 se
397 3579 601 3649 corruptam,
618 3564 747 3651 poetioo
761 3565 835 3644 joco
853 3565 1093 3655 significaverat.

181 3667 264 3729 XLl.
282 3668 352 3729 Hoc
366 3667 460 3727 etiam
477 3688 563 3728 anno
581 3665 663 3731 mele
677 3684 789 3733 contre
807 3668 959 3756 fugitivos
977 3669 1009 3732 in
1028 3669 1133 3735 Sicilia
1147 3693 1202 3734 res

137 3792 155 3828 a
175 3768 210 3830 C.
229 3767 361 3830 Seruilio
381 3783 517 3853 praetore
533 3782 649 3855 gesta:
667 3784 759 3855 capta
778 3792 909 3856 quoque
929 3786 1032 3835 castre
1048 3770 1117 3849 ejus
1137 3794 1201 3835 au·

137 3884 240 3931 ctores
268 3868 380 3931 babeo.
407 3867 469 3930 Sed
494 3869 527 3930 in
553 3868 603 3931 his
628 3868 759 3958 quidem
783 3868 878 3934 rebus
900 3872 991 3958 sequi
1013 3870 1199 3937 Diodorum

137 3971 239 4034 tutius
256 3987 353 4049 esset,
368 3971 513 4058 genitum
525 3971 556 4033 in
570 3971 691 4052 Sintia,
706 3971 989 4059 temporibusque,
1002 3970 1121 4059 quibus
1136 3973 1201 4039 ista

135 4073 339 4155 gerebantur,
364 4096 552 4158 supparem;
584 4072 684 4138 modo
708 4074 912 4138 transmissus
935 4073 1053 4139 adnot
1071 4074 1201 4165 integer

136 4170 187 4233 ille
202 4174 339 4259 scriptor
354 4175 446 4235 l'oret.
462 4175 499 4235 In
518 4173 554 4235 iis
572 4196 650 4260 quas
666 4173 821 4237 babemus
837 4173 979 4260 reliquiis
993 4174 1094 4263 magis
1108 4173 1200 4239 desi·

169 4366 184 4429 S
198 4370 345 4419 xxxvlu.
363 4372 441 4434 Agell,
457 4375 480 4427 1,
495 4373 519 4417 6.
534 4397 568 4407 -
580 4370 596 4436 5
608 4373 734 4421 xxm.
747 4375 847 4422 Sueten
858 4375 962 4436 August.
976 4389 997 4421 c.
1010 4374 1051 4435 89.
1066 4399 1101 4410 -·-
1116 4376 1200 4439 Agat,

137 4476 168 4483 ·-
183 4449 197 4510 5
211 4454 262 4499 XL.
272 4455 326 4499 vat.
341 4456 408 4502 Max.
419 4456 492 4507 VIII,
515 4469 536 4500 t.
