2594 4980
322 743 373 811 IN
403 740 514 809 LOC.
541 740 633 807 LIB.
661 738 749 804 LIX
778 737 990 805 LIVIANI.
1115 737 1185 812 333

124 863 282 928 seditiosis
299 865 334 926 C.
352 861 469 950 Papirii
486 859 668 923 actionibus
685 857 860 937 referente,
876 881 979 944 quum
994 860 1079 925 illius
1091 863 1190 951 eulpa

124 964 302 1052 quidquam
326 966 444 1026 factum
467 976 658 1050 negaretur,
682 975 812 1023 senatus
833 956 993 1041 decrevit,
1017 985 1052 1024 eo
1074 965 1187 1042 invito,

123 1070 259 1154 quicum
268 1065 389 1154 populo
407 1076 526 1150 ageret,
543 1061 729 1145 seditionem
730 1055 808 1142 fien‘
818 1082 881 1122 non
889 1083 981 1147 posse
989 1085 1002 1140 ;
1015 1065 1127 1151 quippe
1140 1066 1193 1128 cui

125 1167 232 1246 laceat,
247 1169 445 1244 concionem,
462 1161 558 1225 simul
568 1174 661 1249 atque
673 1162 793 1224 turbari
806 1173 940 1248 coeptum
954 1165 1009 1242 sit,
1025 1166 1189 1230 dimitterer

126 1268 229 1355 ldque
251 1268 286 1332 P.
305 1271 420 1331 Crasso
435 1265 560 1329 absenti
574 1264 757 1352 placuerat,
774 1264 831 1350 qui
844 1263 925 1342 juris
941 1268 1046 1330 omnis
1064 1269 1194 1332 consul·

128 1372 268 1434 tissimus
288 1369 477 1433 habebatur.
497 1365 559 1431 Sed
583 1387 649 1428 non
672 1365 720 1429 uti
737 1363 878 1429 civilium
899 1365 1037 1447 artium,
1060 1368 1105 1430 ita
1122 1368 1192 1432 bel·

127 1473 262 1536 licarum
287 1494 421 1559 prosper
446 1469 476 1532 ei
503 1489 670 1531 successus
698 1466 834 1530 mansit:
854 1489 893 1530 ex
914 1469 1079 1555 provincia
1098 1468 1193 1550 dece·

129 1573 260 1638 dentem
284 1571 406 1635 insidiae
429 1570 573 1633 bostium
599 1569 684 1632 circa
707 1567 827 1631 Leucas
854 1586 1102 1655 oppresserunt,
1126 1593 1195 1636 non

130 1676 314 1740 calamitoso
343 1688 470 1737 tantum
496 1670 540 1734 ob
568 1668 690 1734 cladem
715 1669 820 1750 exitu,
837 1668 894 1733 sed
919 1671 1015 1735 etiam
1042 1671 1194 1762 adsperso

129 1777 267 1840 avaritiae
284 1774 364 1838 labe.
729 1790 731 1794 ⁴

175 1876 291 1940 XLIX.
315 1873 511 1962 Opulentam
530 1872 617 1934 enim
635 1870 775 1960 praedam
791 1873 940 1953 trahens,
963 1873 1043 1938 dum
1066 1899 1196 1942 conser-

131 1977 242 2043 vandae
265 1978 294 2039 ei
315 1975 444 2054 studet,
467 1974 575 2037 minus
599 1973 763 2063 expeditas
785 1973 827 2039 ad
850 1976 996 2062 praelium
1014 1979 1124 2066 copias
1142 1979 1199 2045 ha·

133 2078 220 2158 buit,
240 2077 406 2163 aciemque
424 2073 642 2138 inordinatam
659 2091 806 2164 tempore
824 2092 856 2140 et
871 2077 943 2141 loco
958 2079 1063 2143 alieno
1082 2082 1200 2162 objecit

134 2179 292 2251 hostibus.
310 2178 393 2240 Nam
408 2176 573 2265 regionem
586 2177 650 2240 situ
662 2178 875 2265 interruptam
892 2195 925 2243 et
936 2203 1099 2268 asperam,
1117 2198 1200 2248 tem·

134 2281 311 2368 pestatibus
338 2280 473 2342 maxime
503 2278 644 2342 obnoxia
667 2302 740 2366 pars
766 2281 843 2343 anni
868 2279 1080 2347 difficiliorem
1106 2285 1202 2352 solito

135 2383 262 2447 fecerat.
287 2382 418 2445 Collatis
443 2381 541 2469 igitur
563 2381 681 2468 signis,
707 2382 782 2446 licet
807 2383 1005 2470 aliquamdiu
1027 2371 1202 2453 fortissime

137 2485 274 2548 Romani
289 2484 494 2565 restitissent,
510 2504 627 2572 magna
639 2498 747 2546 tamen
763 2506 838 2546 curn
855 2483 944 2548 clade
960 2486 1024 2549 fusi
1036 2486 1203 2576 fugatique

138 2603 223 2651 sunt.
244 2589 424 2673 Imperator
444 2585 478 2647 in
499 2585 574 2673 fuga
593 2583 679 2646 inter
695 2584 804 2649 Eleam
826 2601 857 2648 et
874 2586 1035 2672 Myrinam
1051 2606 1203 2678 exceptus

137 2710 155 2749 a
176 2687 340 2751 Thracum
365 2685 509 2765 auxiliis,
528 2705 600 2769 quae
622 2706 798 2773 permagna
822 2685 1023 2751 Aristonicus
1046 2688 1205 2774 habebat,
1285 2754 1286 2757 ,

139 2812 180 2851 ne
203 2789 236 2850 in
258 2802 449 2874 potestatem
473 2785 616 2848 hominis
639 2784 755 2863 abjecti
775 2786 951 2871 proconsul
975 2810 1128 2853 romanus
1149 2813 1205 2854 ve·

141 2892 242 2969 niret,
256 2891 289 2951 in
302 2888 434 2951 Thracis
448 2887 546 2950 unius
559 2884 711 2965 oculum,
725 2907 822 2971 quam
838 2883 880 2949 ad
893 2908 1015 2972 equum
1027 2888 1204 2977 regendum

141 2993 223 3056 forte
243 2990 389 3079 gerebat,
408 2988 531 3077 virgam
550 2984 677 3049 direxit.

186 3094 220 3158 L.
246 3093 404 3156 Barbarus
425 3111 528 3177 quum
551 3087 662 3153 dolore
688 3103 721 3151 et
742 3088 789 3151 ira
811 3090 995 3170 exarsisset,
1022 3092 1086 3155 sica
1102 3108 1208 3157 trans·

143 3195 368 3273 verberatum,
394 3214 498 3279 quum
527 3189 637 3254 ulcisci
661 3205 810 3279 putaret,
838 3215 857 3253 a
883 3192 1086 3279 captivitate,
1110 3218 1208 3283 quam

144 3296 306 3383 quaerebat
324 3296 485 3383 effugere,
501 3291 658 3356 liberavit.
671 3295 775 3379 Caput
786 3291 827 3356 ad
838 3292 1057 3357 Aristonicum
1072 3295 1209 3360 relatum

145 3414 210 3476 est,
232 3396 380 3461 relictum
405 3417 523 3484 corpus
547 3395 749 3480 Myrinenses
771 3395 996 3460 humavemnt.
1016 3397 1140 3461 Harum
1158 3419 1209 3461 re·

146 3519 220 3558 rum
237 3500 320 3560 fama
334 3498 498 3561 consulem
512 3495 559 3560 M.
576 3495 789 3583 Perpernam,
803 3496 857 3558 cui
871 3495 954 3559 Asiae
968 3519 1038 3559 sors
1050 3513 1211 3579 evenerat,

148 3596 308 3679 incitavit,
324 3615 362 3662 ut
384 3597 587 3661 contentiore
607 3596 716 3660 studio
736 3597 769 3658 in
793 3596 992 3685 provinciam
1008 3598 1149 3679 veniret,
1170 3620 1212 3662 ue

148 3698 287 3785 spatium
309 3700 491 3763 Aristonico
513 3697 624 3779 daret,
646 3697 687 3763 ad
705 3696 944 3762 labefactandos
962 3699 1126 3763 sociorum
1142 3702 1213 3764 ani·

149 3823 220 3863 mos
239 3799 370 3863 victoria
390 3799 512 3863 utendi.
541 3800 683 3863 Multum
704 3798 848 3862 celeritas
866 3796 918 3860 illa
935 3796 976 3860 ad
992 3821 1153 3864 suminam
1168 3801 1213 3863 rei

151 3901 295 3991 profuit:
318 3901 438 3986 quippe
461 3900 665 3964 Aristonicus
691 3900 780 3986 quasi
807 3922 873 3961 non
899 3900 1027 3986 praelio,
1050 3901 1110 3969 sed
1126 3901 1215 3968 bello

150 4004 299 4083 vicisset,
317 4002 350 4064 in
374 4001 575 4065 securitatem
598 4018 631 4064 et
652 4001 748 4063 festas
766 3999 876 4087 epulas
897 4002 1076 4084 resolutus,
1092 4001 1214 4067 facilio-

188 4244 329 4309 samu.
339 4243 369 4289 U.
380 4241 408 4288 C.
419 4240 484 4297 om
499 4240 530 4286 Δ.
540 4240 569 4288 C.
578 4241 638 4291 130.
653 4266 688 4275 -
701 4240 753 4289 Cic.
772 4241 803 4289 de
815 4200 887 4307 [εἰς.
902 4247 953 4303 111,
969 4260 1009 4306 ¹9·
1027 4246 1131 4294 —Vell
1142 4249 1180 4305 11,
1192 4256 1217 4302 t.

157 4354 191 4364 —-
200 4327 278 4375 Strab.
290 4326 333 4374 lib.
343 4326 413 4372 xtV.
424 4349 459 4359 -
469 4323 485 4388 S
495 4324 585 4370 mit
596 4324 687 4372 Justin.
696 4325 824 4384 XXXVI,
834 4335 859 4382 t.
870 4356 904 4366 -
913 4330 977 4376 Flor,
987 4331 1026 4386 Π,
1037 4345 1078 4378 ao.
1087 4356 1123 4366 —
1132 4333 1216 4379 From.

159 4414 230 4460 strat.
242 4413 286 4470 IV,
301 4413 325 4460 5.
342 4409 441 4456 -Vat
455 4409 522 4455 Mu·
534 4409 583 4465 ΙΙΙ,
596 4423 620 4457 ².
636 4433 672 4444 -—·
686 4409 800 4468 ΟΜΝ,
817 4427 855 4459 10.
875 4438 910 4449 —-
930 4413 945 4477 S
959 4414 985 4459 L.
1005 4414 1107 4479 Eutrop,
1120 4413 1163 4463 lib,
1175 4416 1218 4463 Π,

165 4519 195 4528 -
208 4496 279 4544 Oros.
293 4522 328 4533 --
342 4495 422 4543 strab
432 4518 468 4530 --
480 4492 571 4542 Justln.
581 4518 616 4528 -
626 4491 691 4539 Flos.
704 4492 808 4540 -vett
990 4511 992 4515 ’
