2594 4980
271 708 326 777 IN
356 707 467 779 LOC.
494 707 587 774 LIB.
616 703 780 772 LXXIV
808 703 1024 772 LlVIANI.
1112 701 1185 799 699

113 852 233 917 «quern
248 828 289 893 ad
307 825 530 916 depellendam
544 824 757 891 calamitatem
774 825 865 910 sequi
886 821 1002 887 ducem
1020 825 1184 906 voluistis,

113 932 248 1010 «saltem
270 930 312 995 ad
335 928 553 1018 effugiendam
577 926 768 1014 sequamini.
785 956 799 981 ν
820 925 897 989 Haec
911 925 1068 1014 loquutus
1086 948 1184 991 vene·

113 1055 194 1096 num
208 1029 374 1122 poposcit,
391 1044 571 1117 epotoque,
583 1023 774 1090 conscendit
786 1047 922 1114 rogum,
936 1047 1035 1111 quern
1052 1027 1086 1089 in
1101 1042 1184 1090 tern-

113 1133 169 1221 plo
180 1132 324 1220 quodam
333 1127 568 1194 exstruendum
578 1142 754 1191 curaverat.
766 1126 902 1192 Factum
912 1127 981 1208 ejus
991 1127 1185 1193 imitatorem

113 1234 280 1298 neminem
304 1232 445 1312 invenit,
471 1252 575 1318 quum
601 1226 784 1292 laudatores
810 1229 984 1317 plerosque
1008 1227 1185 1293 habuisset.

112 1334 200 1416 Nec,
220 1334 336 1416 credo,
356 1333 509 1413 deerant,
533 1331 591 1418 qui
613 1329 828 1394 constantiam
855 1330 969 1394 mortis
991 1329 1186 1419 probarent,

113 1437 285 1501 consilium
303 1431 598 1523 reprehenderent,
615 1446 654 1494 ut
669 1429 847 1511 injustum,
865 1431 1184 1518 etintempestivum.

156 1537 292 1603 XXXV.
310 1536 395 1602 Nam
412 1533 513 1599 etalii
531 1532 696 1621 sapientiae
715 1532 876 1623 magistri,
895 1532 1039 1619 quitum
1055 1554 1187 1620 quoque

113 1660 178 1726 prae
195 1639 264 1703 aliis
280 1636 470 1701 hominibus
484 1634 610 1697 ratione
628 1632 806 1697 rectissime
822 1633 871 1696 uti
887 1631 1123 1714 credebantur,
1138 1648 1186 1696 te·

112 1739 294 1803 meritatem
317 1734 557 1804 consciscendae
576 1735 665 1799 necis
688 1733 949 1799 damnaverunt:
972 1750 1005 1797 et
1026 1756 1069 1798 ne
1086 1734 1188 1797 molli·

114 1842 192 1905 tiem
206 1841 308 1905 fuisse
322 1856 436 1928 putes,
454 1837 629 1902 fortissima
644 1837 794 1901 omnium
820 1851 925 1917 secta,
949 1857 1021 1924 quoe
1039 1833 1186 1899 dolorem

112 1965 150 2006 ac
165 1943 328 2006 molestias
343 1963 385 2005 ne
401 1939 534 2028 quidem
553 1936 771 2003 numerandas
787 1936 821 1999 in
838 1936 931 2000 malis
949 1951 1061 2024 putat,
1081 1935 1116 1997 in
1135 1956 1187 1998 ea·

112 2042 187 2107 dem
213 2042 372 2105 sententia
400 2041 471 2104 fuit.
496 2040 601 2117 Sane,
625 2040 682 2127 qui
708 2040 793 2128 leges
816 2036 958 2103 universi
987 2052 1132 2118 norunt,
1154 2052 1187 2100 et

112 2142 281 2230 quomodo
298 2142 338 2205 ab
355 2164 425 2207 uno
443 2142 590 2206 etunius
608 2142 674 2205 sint
687 2141 818 2222 omnia,
836 2138 986 2203 dubitare
1001 2153 1186 2226 nequeunt,

113 2246 192 2331 quin
209 2245 250 2308 ab
270 2245 355 2308 illius
375 2244 541 2308 voluntate
559 2240 798 2308 deflectendum
817 2242 859 2306 sit
877 2263 1058 2329 nusquam,
1080 2262 1187 2328 neque

112 2344 212 2410 fassit
224 2345 397 2432 cuiquam,
409 2367 447 2407 ex
462 2366 516 2425 ea,
531 2367 629 2432 quam
645 2344 819 2434 assignavit
836 2345 910 2426 ille,
928 2343 1087 2424 statione,
1099 2342 1185 2406 illius

110 2447 241 2527 injussu*
258 2446 423 2512 decedere.
449 2445 575 2510 Idcirco
598 2445 877 2535 quemadmodum
897 2445 979 2525 juris
1005 2445 1105 2509 civilis
1126 2466 1185 2507 au·

111 2565 216 2614 ctores
228 2564 425 2628 sanxerunt,
442 2548 615 2635 fugitivum
634 2549 685 2611 sui
700 2548 802 2636 ipsius
819 2549 945 2610 furtum
962 2547 1186 2626 committere,

111 2651 155 2712 ita
170 2651 380 2737 perspicuum
403 2664 472 2728 est,
499 2648 595 2736 longe
618 2650 747 2738 gravius
773 2649 898 2712 crimen
923 2648 1107 2727 incurrere,
1128 2647 1186 2734 qui

110 2749 176 2812 rita
185 2749 247 2812 sibi
260 2747 450 2828 adimenda,
467 2770 565 2833 quarn
579 2771 597 2811 a
610 2771 645 2813 se
661 2773 728 2814 non
742 2749 881 2830 habent,
896 2748 1103 2837 semetipsos,
1117 2771 1184 2812 non

112 2867 229 2938 sponte
245 2849 390 2930 domini,
406 2848 521 2912 usibus
539 2848 608 2928 ejus
622 2849 836 2914 suffurantur.

155 2950 309 3014 XXXVI.
334 2948 398 3013 Sed
421 2971 545 3037 neque,
562 2950 589 3013 si
614 2973 665 3014 res
689 2950 759 3040 ipsa
781 2968 907 3016 vacaret
925 2952 1076 3033 crimine,
1096 2951 1186 3016 dele·

111 3052 194 3141 gisse
223 3069 353 3141 tempus
377 3050 533 3115 idoneum
559 3052 721 3117 moriendi
750 3054 785 3117 C.
807 3052 982 3118 Judacilius
1005 3048 1195 3117 ridebaturs

111 3153 218 3219 «Nam
233 3155 259 3217 si
274 3153 315 3218 de
331 3176 365 3218 se
381 3169 508 3217 tanturn
526 3169 612 3219 esset
631 3153 805 3237 sollicitus,
820 3155 853 3218 in
871 3177 911 3218 eo
931 3176 1038 3241 neque
1053 3152 1184 3218 laudem

110 3279 283 3346 «magnam
312 3278 402 3336 esse,
419 3270 451 3318 et
474 3255 519 3318 ita
545 3271 769 3343 comparatum
794 3280 812 3320 a
838 3272 972 3337 natura,
999 3273 1037 3321 ut
1060 3255 1184 3343 ubique

110 3386 124 3411 s
135 3375 250 3443 praesto
267 3359 307 3422 sit
323 3356 407 3420 mori
423 3357 608 3421 volentibus
630 3359 767 3422 occasio.
789 3359 903 3447 Nuper
916 3359 1040 3447 alpinas
1052 3358 1183 3448 gentes,

110 3457 254 3524 «deinde
275 3459 456 3523 teutonicas
477 3459 657 3523 multorum
680 3461 817 3524 millium
836 3461 971 3525 interitu
987 3460 1184 3541 declarasse,

110 3559 175 3624 aad
191 3578 329 3625 mortem
344 3561 594 3651 properantibus
608 3561 776 3626 undelibet
790 3578 899 3650 patere
909 3564 1005 3628 viam
1018 3562 1082 3627 Sed
1092 3563 1184 3627 illum

110 3662 243 3748 apatriae
260 3663 426 3750 ingentem
444 3663 624 3752 praetulisse
639 3663 823 3745 caritatem,
843 3665 896 3729 cui
915 3666 942 3728 si
956 3664 1109 3754 prodesse
1125 3688 1184 3728 vo·

111 3763 266 3846 «luisset,
281 3787 349 3827 non
366 3765 466 3830 fuisse
481 3764 741 3830 subtrahendum
756 3766 890 3830 unicum
903 3766 1060 3832 libertatis
1076 3764 1185 3829 defen·

110 3886 260 3946 «sorem,
275 3864 392 3928 ducem
406 3889 591 3947 summurn,
607 3867 782 3957 impigrum
798 3867 944 3932 militem.

154 3965 442 4030 XXXV11.«Non
468 3968 512 4030 ita
539 3966 740 4056 desperatam
766 3970 866 4033 fuisse
890 3993 960 4033 rem
983 3969 1184 4052 asculanatn,

110 4067 213 4152 «quin
237 4090 365 4156 sperare
394 4069 525 4133 meliora
551 4073 614 4133 fata
635 4070 796 4136 licuisset:
815 4072 860 4136 ita
879 4071 1075 4161 praecipitato
1096 4072 1183 4136 exitu

110 4169 278 4253 «praetoris
294 4184 327 4231 et
341 4168 527 4257 praesidium
546 4170 726 4235 detractum
749 4174 843 4237 saluti
862 4173 1000 4262 publicae
1017 4173 1132 4256 fuisse,
1151 4190 1184 4237 et

110 4267 174 4331 «ad
190 4285 313 4333 metunt
332 4285 481 4334 extremar
499 4272 594 4336 sortis
610 4295 707 4337 omen
721 4272 880 4338 additum.
902 4273 1090 4362 Perrupisse
1106 4297 1183 4338 eum

145 4461 161 4523 S
178 4463 298 4511 xxxiv.
314 4467 385 4512 Oros.
396 4467 429 4525 V,
446 4466 485 4515 18.
500 4494 535 4504 -
549 4467 657 4531 Appiam
673 4468 726 4515 civ.
740 4467 820 4514 litut.
