2594 4980
138 720 639 799 J0.FRE1NS.sUPP.1N
660 720 777 787 LOC.
796 721 889 788 LIB.
908 722 1088 789 LXXIII.
1111 719 1184 818 669

113 851 162 914 bis
180 845 434 913 intercedebant.
448 842 575 906 Idcirco
590 841 624 904 in
640 840 855 904 concionibus
870 841 984 928 populi
997 843 1185 930 frequenter
1270 848 1275 871 ¹

113 953 230 1039 agitata
246 970 298 1011 res
314 962 381 1026 est,
398 945 552 1008 atrociter
568 944 601 1005 in
620 958 770 1006 senatutn
786 941 1016 1007 invehentibus
1034 945 1184 1011 tribunis.

113 1054 308 1132 «Quorsum
329 1047 437 1126 enim,
456 1045 603 1124 aiebant,
626 1043 769 1132 legiones
785 1044 1061 1133 imperatoresque
1078 1048 1184 1113 rebel·

113 1152 222 1215 «libus
236 1148 418 1238 opponitis,
434 1147 478 1227 si,
495 1145 585 1234 quod
599 1145 696 1233 longe
710 1145 813 1224 majus
829 1161 878 1208 est
889 1145 1083 1233 periculum,
1095 1146 1184 1211 domi

113 1275 202 1314 «non
218 1272 287 1314 esse
304 1246 405 1313 modo
424 1249 567 1313 fautores
585 1246 750 1323 hostium,
764 1245 822 1310 scd
836 1247 932 1311 etiam
949 1270 1084 1336 praeesse
1102 1251 1186 1338 pati·

113 1350 236 1432 «mini,
256 1346 425 1432 Quirites?
1103 1407 1105 1412 .

159 1453 200 1516 ll.
217 1453 324 1515 «Nam
342 1466 508 1513 externam
529 1448 595 1511 vim
619 1448 703 1513 forte
719 1450 789 1537 pari
812 1450 931 1514 robore
947 1472 1015 1514 non
1030 1473 1114 1541 aegre
1131 1475 1185 1519 ca·

99 1584 126 1615 ,ι
136 1576 225 1635 reas,
242 1574 299 1617 aut
316 1552 467 1640 repellas;
485 1566 519 1613 at
535 1549 626 1638 quod
642 1551 675 1614 in
692 1551 770 1639 ipsis
788 1552 880 1639 quasi
893 1552 1071 1616 visceribus
1087 1576 1186 1617 vene·

112 1679 216 1718 ·num
237 1656 335 1735 latet,
353 1653 387 1717 id
409 1652 471 1716 nisi
491 1667 618 1716 mature
641 1652 789 1733 ejeceris,
808 1653 929 1730 frustra
942 1652 1116 1740 postmodo
1133 1655 1186 1718 in·

112 1787 125 1812 ι
134 1757 264 1820 vocabis
276 1756 354 1820 deos
367 1779 375 1819 t
389 1756 459 1818 sine
473 1753 636 1835 remedio,
653 1754 724 1817 sine
738 1776 795 1842 spe
812 1754 942 1836 salutis,
956 1753 997 1819 ad
1009 1771 1186 1819 extremam

112 1882 241 1947 «usque
265 1858 442 1946 perniciem
468 1856 674 1944 grassabitur.
702 1855 794 1939 Quid
820 1872 950 1921 senatus
976 1857 1186 1944 populusque

113 1983 289 2025 ·r0manus
309 1960 341 2022 in
359 1958 463 2038 Urbe,
479 1955 560 2044 quid
575 1958 725 2021 consules
742 1957 776 2021 in
796 1958 905 2021 castris
923 1959 1064 2047 egerint,
1083 1959 1185 2023 immo

112 2092 124 2116 a
137 2061 217 2149 quid
229 2061 331 2125 acturi
343 2061 425 2142 sint,
440 2060 535 2123 citius
550 2059 735 2146 certiusque
747 2057 789 2122 ad
797 2059 925 2142 hostes,
938 2081 1037 2147 quarn
1049 2060 1090 2124 ad
1099 2063 1185 2126 cives

113 2165 317 2250 «perl'erturz
332 2184 396 2249 qua
418 2160 537 2225 deinde
555 2183 612 2249 spe
631 2182 781 2250 geremus
800 2160 940 2236 bellum,
960 2162 987 2225 si
1002 2161 1186 2249 proditores

113 2263 346 2326 «consiliorum
368 2261 546 2341 habemus,
568 2284 653 2348 quos
674 2262 796 2325 habere
818 2277 968 2326 auctores
992 2262 1185 2347 debuimus,

112 2365 284 2428 «conscios
300 2365 400 2427 vitare
417 2385 484 2427 non
501 2361 700 2451 possumus?

155 2466 215 2530 111.
233 2467 371 2553 «Nuper
387 2488 406 2528 a
421 2466 457 2529 P.
476 2465 600 2528 Ilutilio
616 2466 751 2528 consule
772 2480 850 2528 sunt
869 2464 969 2527 allatae
988 2463 1108 2529 literae:
1125 2468 1185 2530 viri

112 2566 271 2656 «quidam
301 2567 426 2631 nobiles
448 2564 537 2629 haud
564 2564 705 2629 obscure
733 2563 928 2652 proditionis
953 2565 1184 2651 arguebantur.

111 2666 225 2749 «Quid
241 2669 341 2754 igitur
360 2667 481 2730 iactum
501 2665 577 2728 est?
597 2680 829 2753 cognatorum,
851 2663 1019 2745 affinium,
1036 2666 1094 2729 sed
1111 2668 1185 2755 plus

113 2772 232 2831 «etiam
255 2790 369 2831 eorum
384 2815 393 2847 ,
410 2766 467 2852 qui
482 2762 596 2827 eadem
615 2765 649 2827 in
668 2786 764 2827 causa
779 2778 875 2844 sunt,
892 2764 1037 2851 potentia
1057 2766 1090 2827 in
1111 2782 1185 2831 tan·

113 2900 125 2924 a
139 2884 208 2932 tum
220 2867 337 2947 valuit,
349 2883 387 2929 ut
398 2866 505 2929 omnis
517 2888 554 2929 ea
566 2865 653 2928 dere
666 2887 732 2928 non
747 2865 916 2952 inquisitio
927 2864 1027 2929 modo
1036 2886 1184 2949 cessaret,

112 2969 193 3034 «sed
216 2970 313 3032 etiam
337 2990 444 3032 sermo
468 2967 719 3046 conticesceret,
736 2967 848 3052 reique
870 2967 1016 3032 criminis
1034 2968 1184 3054 probis,

112 3071 191 3158 «qui
210 3070 340 3133 fucrant
357 3067 511 3143 indicati,
529 3067 639 3132 nescio
663 3068 719 3154 qui
744 3067 822 3131 viles
848 3068 1018 3157 ignotique
1039 3070 1184 3134 homun-

111 3202 124 3227 ι
135 3172 244 3235 ciones
262 3169 396 3233 nomine
412 3169 596 3232 Marsorum
614 3167 842 3233 subderentur.
861 3170 990 3234 Scilicet
1005 3170 1121 3258 aliquis
1137 3175 1186 3236 ul-

111 3303 124 3327 ·
135 3272 198 3335 lius
213 3271 355 3334 nominis
371 3269 500 3357 locique
516 3269 552 3332 in
564 3269 679 3334 Marsis
698 3287 764 3352 est,
783 3286 821 3334 ut
836 3269 924 3359 apud
942 3271 1053 3336 hostes
1071 3274 1184 3361 explo-

111 3389 222 3436 ·rator
240 3372 395 3448 idoneus,
411 3370 498 3459 apud
516 3393 593 3434 suos
613 3370 677 3434 fide
697 3370 816 3462 dignus
837 3371 950 3436 haberi
972 3370 1183 3461 debeat,.qni

112 3475 279 3537 «romanis
294 3475 328 3536 in
343 3472 454 3536 castris
474 3495 508 3535 se
527 3472 636 3535 fallere
647 3489 775 3560 speret,
791 3473 847 3560 qui
863 3473 1027 3537 neminem
1046 3473 1079 3537 in
1098 3490 1185 3538 tanta

112 3604 125 3629 a
136 3572 345 3638 multitudine
362 3574 432 3637 lore
444 3589 553 3661 putet,
568 3596 587 3636 a
603 3595 670 3661 quo
688 3574 837 3662 agnosci,
854 3573 1074 3664 deprehendi,
1088 3591 1184 3663 atque

112 3674 271 3738 «indicari
285 3673 406 3760 queat?

156 3776 211 3841 lv.
230 3806 243 3829 u
255 3776 318 3840 Sed
333 3776 419 3839 inter
430 3775 636 3864 pabulatores
655 3776 843 3840 latuerunt:
856 3799 951 3841 narra
967 3778 1066 3867 igitur
1080 3779 1180 3853 mihi,

110 3906 124 3930 ι
136 3876 341 3963 pabulatores
367 3877 518 3965 ignotum
547 3892 580 3940 et
611 3879 837 3964 promiscuum
867 3878 901 3941 in
932 3880 1045 3943 castris
1079 3902 1183 3968 genus

110 4010 123 4033 «
135 3978 239 4042 sunt?
257 4001 298 4041 an
317 4001 414 4058 vero,
433 3995 471 4041 ut
491 3978 680 4066 imperatori
704 3979 809 4042 visum
831 3995 900 4059 est,
916 4001 935 4043 e
953 3979 1136 4069 legionibus
1153 3999 1185 4047 et

110 4079 259 4144 «auxiliis
274 4078 389 4143 delecti
406 4080 541 4160 milites,
555 4081 687 4144 interim
702 4081 799 4145 etiam
818 4096 894 4145 totae
911 4104 987 4146 curn
1004 4082 1104 4171 signis
1118 4085 1184 4148 suis

110 4212 123 4236 ι
133 4182 285 4244 cohortes
300 4180 496 4243 emittuntur
508 4181 522 4244 i
536 4183 563 4245 F
563 4205 600 4246 ac
615 4199 724 4249 autern
743 4182 843 4247 fuisse
858 4206 866 4247 :
883 4182 963 4270 quid
978 4207 1056 4248 vero
1070 4184 1115 4249 illi
1128 4208 1184 4250 ex·

110 4286 284 4372 «plorent,
308 4282 369 4346 nisi
389 4305 460 4369 quae
484 4306 552 4349 non
570 4285 709 4373 amplius
728 4284 761 4347 in
780 4280 906 4348 secreto
926 4285 1113 4351 habentur?
1131 4287 1185 4353 laic

147 4484 162 4548 s
176 4487 194 4530 I.
209 4485 240 4532 u.
250 4485 280 4533 C.
292 4484 358 4543 ess,
371 4485 400 4530 Α.
410 4484 439 4535 C.
450 4499 491 4545 90.
502 4511 538 4520 —
552 4484 654 4532 Pedian.
669 4484 695 4530 in
708 4485 784 4533 Com.
