2594 4980
930 114 934 121 ι

160 397 163 403 ·
998 396 1002 404 ι

1002 464 1005 471 ι

337 691 392 758 IN
422 690 533 760 hoc.
559 692 654 765 Lllt.
679 696 787 766 LVII
815 698 1034 771 LIVIANI.
1148 700 1223 799 adp

200 811 352 877 XXXVI.
375 796 511 902 Quippe
527 834 579 877 res
594 813 688 879 istius
703 814 856 882 Antiochi
871 818 970 907 paulo
987 834 1064 887 ante
1078 842 1117 887 ea
1136 830 1222 889 tala-

152 936 249 1002 poca,
266 914 375 980 subita
391 914 590 997 mutatione,
604 938 645 981 ex
667 918 813 1008 angustis
832 917 1070 988 homntissimae
1086 922 1227 1005 istm

152 1017 294 1098 fuerant3
311 1015 589 1105 quemadmodum
606 1040 675 1085 non
696 1019 740 1084 ita
758 1020 863 1086 multo
877 1036 969 1112 post,
984 1044 1088 1111 qutun
1110 1022 1224 1093 truie·

152 1119 240 1183 simae
253 1117 459 1197 viderentur,
473 1119 641 1207 inopinata
657 1119 749 1185 clade
766 1139 971 1201 corruerunt.
989 1126 1150 1191 Onerum
1167 1126 1222 1193 in*-

153 1219 266 1284 tetitus
288 1217 501 1284 adolescentis
519 1218 561 1284 ad
578 1221 748 1308 sequentia
765 1236 914 1311 tempora
932 1224 1097 1314 pertinet:
1114 1227 1222 1295 ittcre

152 1337 262 1386 menta
278 1323 401 1387 narrati
412 1342 553 1411 praesens
568 1322 661 1387 locus
677 1324 840 1412 postulat,
852 1338 910 1407 ut,
924 1346 993 1413 quo
1003 1326 1135 1393 interito
1145 1327 1222 1395 loeo

151 1444 203 1487 res
231 1423 375 1488 Orientis
402 1422 541 1503 iuterim,
568 1422 765 1512 compendio
791 1440 1017 1515 cognoscatur.
1044 1426 1222 1519 Postqnu
1264 1476 1271 1485 .

153 1525 293 1589 insessor
308 1525 423 1614 syriaci
437 1525 530 1616 regni
540 1524 677 1613 Trypho
688 1524 841 1614 superbis
852 1540 886 1591 et
896 1526 978 1592 luxu
993 1527 1134 1593 militum
1149 1528 1224 1597 ani·

153 1649 224 1691 mos
246 1626 476 1706 abalienasset,
495 1624 537 1691 ad
559 1626 780 1715 Cleopatram,
799 1626 957 1692 Demetrii
977 1650 1132 1713 uxorem,
1148 1644 1223 1719 quat

152 1748 228 1792 cum
241 1728 350 1793 liberis
363 1728 516 1794 Seleuciae
534 1748 569 1792 se
584 1728 774 1804 incluserat,
790 1728 938 1819 plerique
952 1750 987 1795 se
999 1730 1222 1799 contulerunt.

156 1829 249 1896 Unde
269 1831 324 1896 illa
346 1830 521 1920 resumptis
552 1829 689 1912 animis,
711 1834 815 1919 quum
846 1831 1062 1910 Antiochum,
1081 1833 1141 1898 riti
1168 1834 1223 1899 at'ai

154 1931 301 2013 fratrem,
327 1947 410 1997 toto.
423 1948 526 2021 regno
546 1932 699 1997 oberrare
725 1946 873 1999 cerneret
892 1932 1005 2022 (mem
1024 1934 1114 2000 enim
1140 1936 1223 2027 'lly—

153 2033 270 2120 phonis
284 2033 395 2100 civitas
408 2054 484 2099 eum
504 2034 594 2099 nulla
608 2033 819 2123 recipiebat),
835 2031 879 2099 sd
890 2034 1032 2100 rationes
1049 2035 1222 2125 utrinsqtte

153 2132 287 2199 mirifice
300 2136 462 2225 pertinere
475 2134 633 2218 credidit,
649 2136 678 2201 si
692 2136 845 2202 sotietate
859 2136 959 2226 regni-
974 2135 1074 2201 simul
1090 2134 1222 2227 totique

150 2235 387 2326 jungerentur:
406 2238 603 2327 impulerant
618 2237 735 2303 eodem
751 2258 855 2326 Qum
871 2237 1053 2304 amicorum
1068 2237 1221 2321 consilia,

153 2351 222 2400 tum
236 2336 452 2427 quorumdam
461 2338 631 2429 Tryphoni
642 2339 845 2406 studentium
858 2356 981 2421 metus,
992 2361 1010 2404 a
1023 2338 1143 2428 quihus
1155 2358 1222 2405 una

153 2458 227 2502 cum
244 2439 326 2505 urhe
337 2438 419 2505 tradi
434 2441 470 2504 in
486 2441 617 2530 tyranni
634 2454 828 2530 potestatem
847 2441 991 2506 timebat.

195 2540 365 2607 xxxvtt.
382 2542 581 2624 Antiochus,
598 2540 722 2633 'cupide
739 2557 874 2632 accepto
893 2542 1063 2630 insperatae
1079 2540 1221 2607 termus

153 2660 308 2723 munere,
334 2666 438 2730 quum
456 2643 634 2709 Seleuciam
659 2643 819 2725 venisset,
838 2642 989 2729 viresque
1012 2662 1087 2706 suas
1109 2642 1222 2733 angeri
1260 2674 1270 2683 -

153 2742 544 2831 qnotidievideret,hello
554 2758 665 2833 petere
673 2744 886 2832 Tryphonem
897 2764 996 2807 ausus
1005 2755 1069 2824 est,
1081 2742 1221 2809 victum·

153 2862 215 2930 que
233 2846 344 2933 prelio
366 2861 433 2911 tota
454 2845 621 2933 superiore
640 2843 733 2932 Syria
748 2843 859 2925 ejecit3
882 2864 925 2908 ne
944 2844 1057 2907 virum
1075 2858 1223 2935 copem,

88 3004 94 3015 ,
152 2946 281 3011 avaritia
291 2970 427 3012 suorum
440 2947 588 3035 equitum
597 2944 808 3035 praepedine,
819 2945 876 3033 qni
886 2964 1032 3035 sparsum
1043 2966 1062 3009 a
1075 2944 1228 3035 hagientt*

152 3067 268 3112 aurum
285 3046 482 3137 colligendo,
499 3062 648 3135 tempus,
665 3044 755 3136 quod
770 3045 831 3112 hac
846 3056 915 3109 atte
931 3043 1155 3132 queremur,
1171 3042 1222 3109 ei·

153 3147 296 3239 studendi
312 3162 553 3214 concesserunt.
566 3146 725 3237 Tryphon
738 3146 772 3209 in
790 3144 956 3211 munitum
975 3143 1147 3209 Phoenieie
1164 3165 1223 3211 m·

152 3250 298 3330 stellum,
310 3250 399 3314 Doro
410 3270 531 3314 nomen
543 3263 592 3313 est
605 3249 697 3330 loco,
713 3268 817 3337 mum
834 3246 1024 3337 refugisset,
1037 3244 1220 3312 Antiochen

153 3368 228 3413 eum
246 3350 389 3414 mercitu
406 3347 548 3439 pedestri
563 3363 695 3414 centum
711 3347 827 3439 viginti
848 3348 987 3413 millium
1004 3346 1221 3437 supervenit:

153 3449 282 3516 admota
297 3453 393 3516 mam
407 3452 514 3522 classis
530 3465 579 3517 est
599 3450 818 3539 (maritimum
837 3450 924 3514 enim
941 3464 1010 3515 erat
1022 3446 1223 3537 oppidum),

153 3551 375 3641 machinisque
390 3552 565 3634 conlectis,
581 3573 710 3617 summa
724 3573 788 3641 ope
803 3550 1001 3643 expugnatio
1015 3564 1130 3639 empta.

194 3654 381 3719 XXXVIII.
398 3654 560 3719 Ceterum
581 3652 740 3743 Tryphon
759 3650 841 3716 elatu
857 3652 1002 3741 elapsus,
1025 3648 1222 3715 orthosiada

153 3751 240 3819 haud
257 3756 373 3844 procul
393 3754 561 3820 Maeandro
578 3754 713 3837 urben,
733 3750 853 3818 deinde
865 3754 1042 3840 Apameam
1059 3749 1221 3843 perfugit,

153 3854 288 3941 patriam
304 3879 395 3922 suam
417 3878 425 3920 ε
441 3857 614 3923 eratenim
631 3854 723 3921 urbis
738 3852 831 3918 istius
847 3872 951 3941 quum
969 3851 1051 3917 situs
1067 3848 1224 3915 munitis·

153 3957 270 4042 simus,
288 3972 360 4024 tum
380 3959 496 4025 eximia
520 3958 723 4048 temporibus
742 3954 812 4019 istis
834 3952 989 4042 potentia.
1012 3950 1078 4017 Sed
1100 3949 1224 4016 Antio-

151 4057 233 4124 chus
248 4059 338 4125 haud
347 4060 491 4150 segniter
506 4072 694 4149 oppugnata
709 4054 809 4130 urhe,
827 4068 1004 4142 tyranuum
1021 4074 1062 4119 eo
1077 4050 1223 4117 necastiss

186 4211 203 4276 S
215 4213 337 4261 xxm
348 4210 454 4279 Ioseph.
461 4210 542 4269 xm,
554 4202 739 4259 m-tmttc
747 4200 878 4266 mvl,
891 4219 914 4255 r.
925 4202 1057 4251 -tm
1067 4226 1102 4240 -
1111 4196 1226 4269 ψ.

153 4295 247 4361 syme.
260 4294 387 4347 -stcah
398 4280 1226 4355 11,13.-tresa.stcat11,anduh-mim.

154 4405 188 4416 -
204 4380 222 4447 s
237 4382 387 4430 utrm.
405 4376 507 4443 sceptu
521 4402 557 4413 -
573 4374 639 4427 aun.
649 4373 684 4433 r,
695 4386 738 4434 η.
751 4396 788 4409 -
800 4368 882 4421 scats
893 4369 940 4419 tn.
950 4368 1022 4417 avt.
1037 4392 1071 4406 -
1082 4352 1173 4417 teu.
1183 4392 1224 4409 .-

154 4460 243 4512 Μ.
255 4490 291 4502 -
303 4458 418 4513 mnan.
