2594 4980
182 756 241 827 IN
268 757 378 825 LOC.
406 758 501 823 LlB.
528 758 581 825 LI
610 756 823 827 LlVlANl.
980 754 1047 830 153
1107 752 1110 759 ’

93 874 192 957 sides,
202 890 326 941 creatus
335 900 354 939 a
362 876 612 941 lacedemoniis
621 888 750 966 praetor,
760 878 884 943 facinus
895 879 1044 944 insanum

93 979 257 1044 furiosum
277 979 360 1043 facit.
384 980 507 1043 Urbem
524 981 614 1044 omni
631 1002 749 1070 genere
767 979 906 1044 cladium
923 983 1046 1047 exhau-

93 1081 290 1147 laoessendis
311 1082 396 1145 ultro
421 1081 626 1163 adversariis,
653 1104 740 1146 novo
767 1081 854 1159 bello
878 1082 1046 1170 implicat:

93 1204 136 1246 tm
148 1184 246 1247 Iason
261 1183 295 1245 in
308 1204 386 1272 agro
399 1182 645 1266 lacedaemonio,
657 1163 716 1248 sed
729 1183 851 1248 achaici
865 1199 936 1248 tum
948 1184 1046 1267 juris,

93 1285 208 1349 tmriso
222 1285 323 1373 oepit,
335 1302 466 1374 captum
483 1285 612 1375 diripit:
628 1284 733 1368 unde,
748 1285 900 1373 quumin
916 1308 1046 1352 summo

93 1408 126 1449 m
140 1384 218 1450 odio
235 1408 269 1451 se
285 1409 353 1451 esse
368 1388 575 1476 intelligeret,
590 1388 692 1452 salute
708 1409 767 1452 sua
784 1387 904 1476 pariter
918 1404 952 1452 et
969 1390 1047 1453 civi·

93 1504 251 1577 asperata,
268 1511 395 1553 veneno
413 1489 531 1553 hausto
547 1490 612 1553 vita
631 1510 665 1554 se
683 1488 802 1555 educit.

93 1588 160 1653 tlt.
188 1591 279 1653 Inter
304 1591 373 1654 baec
398 1590 522 1655 affuere
548 1593 653 1655 Roma
679 1590 769 1656 missi
795 1590 1047 1681 disceptatores,

93 1713 119 1754 m
140 1691 292 1779 princeps
307 1692 458 1756 Aurelius
479 1692 610 1756 Orestes
631 1691 704 1756 fuit.
725 1692 788 1756 llic
806 1692 1046 1782 magistratibus

93 1814 179 1855 trum
195 1791 346 1873 urbium,
361 1806 394 1856 et
407 1806 545 1879 praetore
561 1792 668 1873 Disco,
683 1792 879 1858 Corinthum
891 1797 1046 1878 evocatis,

93 1908 203 1982 {uutus
229 1893 355 1957 fertur:
376 1893 489 1958 «Nihil
513 1893 679 1982 antiquius
704 1895 831 1958 senatui
855 1898 1046 1985 populoque

93 2018 134 2059 no
158 2013 191 2059 et
213 1996 330 2077 fuisse,
350 2011 382 2058 et
403 2016 492 2076 esse,
511 2016 609 2082 quam
631 2011 670 2059 ut
689 1996 855 2060 sociorum
878 2019 947 2079 res,
965 2022 1046 2085 quas

94 2120 194 2187 opere
210 2097 252 2161 ad
270 2120 360 2160 suam
377 2119 488 2160 curam
505 2097 668 2185 pertinere
684 2098 875 2182 arbitratur,
893 2097 1045 2165 florentes

93 2221 180 2286 eque
199 2199 281 2280 sint3
299 2199 326 2261 si
344 2199 417 2286 quis
433 2199 467 2262 in
484 2197 623 2264 dubium
638 2222 752 2264 vocare
768 2201 879 2284 vellet,
896 2219 1044 2268 vocante

93 2301 282 2388 aequitatis
294 2301 570 2389 humanitatisque
578 2317 697 2366 nostrae
706 2318 802 2368 testes
812 2302 1044 2392 producerem,

93 2403 115 2466 i.
126 2404 195 2466 Vos
215 2403 302 2467 enim
325 2402 466 2490 Philippi
485 2403 702 2491 Antiochique
719 2404 829 2488 bellis,
848 2404 888 2470 T.
905 2403 1044 2489 Quintio

93 2505 194 2593 risque
210 2504 327 2568 nostris
343 2504 610 2591 imperatoribus,
625 2505 669 2569 ob
683 2529 720 2569 ea
735 2527 808 2593 quae
823 2527 863 2569 ex
877 2507 1044 2570 voluntate

93 2604 109 2668 li
121 2606 249 2669 romani
261 2604 417 2670 beneficia
426 2605 519 2669 robis
532 2606 731 2684 tribuerunt,
744 2630 828 2695 saepe
841 2606 916 2671 etin
929 2623 1043 2672 senatu

93 2730 104 2772 s
120 2709 255 2798 gratias,
272 2723 305 2771 et
324 2707 454 2772 illorum
474 2707 595 2797 pariter
613 2707 822 2796 nominisque
841 2709 966 2772 romani
984 2708 1044 2773 bo-

107 2832 204 2874 causa
226 2810 367 2897 plurima
388 2826 486 2896 atque
508 2809 736 2873 honestissima
757 2809 888 2873 decreta
912 2811 1043 2878 lecistis.

93 2931 191 2974 enos
211 2909 318 2974 adhuc
335 2910 462 2999 pristini
485 2911 519 2973 in
540 2933 598 2974 vos
620 2911 719 2974 animi
739 2910 963 2999 propositique
981 2934 1045 2998 poe·

108 3012 192 3098 quin
208 3011 319 3075 eadem
335 3013 405 3093 illa,
422 3028 519 3100 atque
534 3011 648 3095 etiam,
662 3013 690 3077 si
703 3012 746 3077 sit
759 3012 904 3093 occasio,
922 3012 1043 3091 majora
1095 3075 1096 3079 ,

94 3128 144 3177 tes
155 3114 365 3201 volentesque
376 3112 593 3179 concedamus
604 3113 683 3178 :sed
693 3136 711 3176 a
721 3113 816 3178 robis
826 3111 993 3176 interdum
1006 3136 1043 3178 ea

93 3215 128 3278 ia
144 3215 382 3302 suscipiuntur,
400 3238 471 3302 quae
487 3215 529 3279 ad
548 3213 743 3280 turbandam
764 3213 894 3279 Graecia
911 3236 1041 3302 pacem,

100 3338 217 3380 verum
234 3315 368 3398 auditis,
383 3316 424 3379 ad
439 3318 621 3406 periculum
636 3333 781 3382 restrum
798 3314 973 3406 pertinent.

93 3419 173 3482 llll.
194 3419 364 3500 «Frustra,
384 3419 515 3507 regibus
531 3418 730 3483 Macedoniae
743 3418 907 3507 Syriaeque
924 3416 1041 3506 depul-

93 3520 221 3583 raeciam
230 3520 449 3603 liberavimus,
461 3521 489 3584 si
501 3518 714 3586 foediusillam
723 3519 885 3584 intestinis
896 3518 1040 3583 motibus

93 3622 133 3686 mi
143 3623 297 3711 patimur,
308 3645 405 3710 quam
417 3623 443 3686 si
454 3638 584 3688 externa
593 3621 817 3687 dominatione
827 3635 1040 3710 premeretur.

93 3724 172 3789 mdo
190 3741 382 3788 mutuorum
399 3724 485 3788 inter
501 3725 760 3813 consanguineos
779 3723 918 3812 populos
937 3737 1041 3786 certa·

93 3849 120 3890 m
132 3825 351 3913 odiorumque
362 3824 434 3890 linis
446 3826 529 3890 erit?
544 3825 675 3908 Quanta
686 3846 761 3888 cum
774 3823 942 3888 Messeniis
956 3821 1041 3886 bella

93 3929 147 4004 tis,
163 3944 284 4016 quanta
299 3951 373 3991 cum
389 3928 571 4016 Spartanis!
587 3930 696 4014 Atque
708 3925 790 3990 adeo
804 3947 920 4013 nuper,
934 3945 1038 4009 quum

93 4028 216 4093 loniam
228 4028 404 4094 Andriscus
415 4029 589 4117 rapuisset,
605 4044 638 4092 et
650 4029 726 4092 licet
738 4027 800 4091 sub
811 4026 892 4090 falso
905 4022 1039 4086 nomine

101 4130 205 4219 gentis
223 4132 367 4217 potentia
386 4144 581 4222 resurgeret,
595 4150 652 4193 vos
670 4150 777 4215 neque
792 4142 940 4190 veterum
956 4125 1040 4211 peri-

93 4252 142 4293 um
164 4253 340 4312 memores,
362 4254 422 4295 nec
443 4230 596 4297 adversus
620 4230 729 4294 futura
754 4221 900 4316 providi,
921 4225 1038 4305 juven·

93 4331 261 4417 tviresque
280 4331 495 4398 finitimorum
515 4331 607 4397 bellis
630 4328 825 4396 atterebatis.
846 4327 977 4409 Quibus
1000 4343 1038 4390 ut

93 4517 148 4567 ΠΙ.
162 4520 249 4568 Ζοιιιιι.
264 4546 296 4556 -—
312 4521 399 4585 Polyb.
414 4523 528 4586 Ειυιιρι.
542 4524 624 4583 Legat.
641 4521 697 4573 ιω.
711 4542 745 4554 -
757 4519 860 4566 l’tustu.
