2594 4980
250 699 308 768 m
339 697 451 768 noc.
476 697 571 766 Lm.
599 696 722 765 xnvr
750 669 960 767 Liviam.
1096 720 1131 766 n

107 820 235 886 xvnl.
245 821 385 885 Comitia
395 819 512 884 deinde
520 819 702 884 consularia
713 817 854 882 habente
863 821 901 884 A.
911 819 1046 903 Manlio,
1061 842 1136 885 nam

75 923 188 1012 collega
205 923 277 1003 ejus
295 923 337 1004 Q.
358 921 485 986 Cassius
504 921 539 984 in
560 920 747 1009 magistratu
768 917 963 996 decesserat,
979 921 1028 985 Ti.
1046 922 1138 985 Sem-

74 1025 203 1111 pronius
210 1025 250 1089 P.
258 1023 394 1089 F.Ti.N.
404 1020 950 1102 Gracchusiterum,M'.Juventius
958 1023 996 1086 T.
1008 1023 1135 1088 F.T.N.

74 1126 190 1190 Thalna
200 1126 278 1189 facti
288 1141 376 1190 sunt.
387 1126 414 1188 li
429 1146 532 1211 quum
542 1124 763 1215 magistratum
777 1122 947 1185 inivissent
957 1169 966 1202 ,
976 1122 1027 1188 Ti.
1040 1123 1138 1188 Grac·

74 1227 147 1291 chus
171 1227 334 1304 Galliam,
350 1224 405 1291 Μ’.
431 1226 600 1291 Iuventius
623 1227 742 1289 Corsos
764 1223 947 1312 provincias
968 1244 1137 1312 accepere:

74 1328 123 1391 sed
139 1331 174 1391 in
186 1329 279 1393 Urbe
293 1327 360 1393 ludi
375 1328 572 1417 megalenses
587 1350 606 1390 a
619 1329 654 1392 L.
671 1325 823 1389 Cornelio
840 1325 995 1405 Lentulo,
1008 1324 1140 1388 L.Vale·

75 1429 117 1490 rio
135 1430 253 1493 Flacco
269 1428 416 1494 aedilibus
436 1429 619 1511 curulibus,
636 1428 698 1492 acti
719 1443 806 1491 sunt.
821 1428 859 1490 In
881 1428 988 1491 Corsis
1004 1426 1140 1491 feliciter
1160 1468 1163 1477 ·

77 1529 226 1595 bellatum
240 1552 336 1596 causa
352 1531 453 1595 fuisse
470 1547 603 1619 putatur
616 1530 758 1611 consuli,
773 1545 811 1593 ut
826 1528 990 1593 rarissimo
1009 1527 1065 1591 fati
1082 1549 1140 1616 ge·

75 1652 146 1693 nere
166 1631 327 1697 interiret.
345 1632 457 1715 Quum
478 1633 565 1721 enim
584 1629 774 1696 sacrificanti
792 1630 877 1694 forte
892 1631 992 1694 literae
1008 1644 1138 1694 senatus

75 1732 167 1795 allatae
176 1748 302 1815 essent,
315 1755 388 1821 quae
396 1734 436 1796 ob
448 1756 495 1797 res
504 1734 546 1796 ab
559 1756 594 1797 eo
600 1744 706 1820 gestes
717 1731 971 1818 supplicationem
983 1730 1140 1794 decretam

76 1834 283 1917 nuntiabant3
307 1856 361 1897 eas
384 1835 597 1899 attentissime
617 1834 727 1921 legens
749 1847 824 1894 ante
841 1831 1006 1914 foculum,
1027 1832 1138 1895 subito

75 1935 231 2017 concidit,
249 1936 443 2016 exstinctus,
464 1949 503 1998 ut
517 1949 667 2022 putatur,
682 1932 818 2023 gaudi0,
838 1934 930 2014 cujus
947 1935 980 1996 in
1004 1934 1138 1998 transla-

76 2035 135 2098 titia
151 2035 305 2099 felicitate
320 2035 546 2123 intemperiem
561 2050 719 2124 angustus
732 2035 861 2099 animus
877 2056 945 2098 non
961 2035 1093 2100 ferebat.

111 2138 205 2201 XIX.
224 2138 360 2201 Circum
373 2135 442 2201 baec
459 2137 745 2224 tempora,‘quum
766 2135 831 2214 jam
848 2135 983 2200 mirifice
1001 2135 1137 2224 amplili-

75 2254 137 2301 cata
150 2261 203 2303 res
214 2260 352 2302 romana
363 2234 618 2319 esset,m0ribns
632 2237 782 2301 omnium
795 2236 898 2301 ferme
913 2258 1088 2327 regnorum
1103 2258 1139 2301 se
1161 2317 1164 2320 ἦ

74 2340 260 2424 permiscuit
277 2362 285 2403 ε
302 2360 404 2426 quare
427 2339 579 2428 deinceps
607 2339 786 2404 domestica
808 2355 1005 2427 externaque
1030 2355 1137 2428 gesta,
1199 2386 1202 2391 -

74 2441 161 2505 sicuti
171 2443 277 2505 causis
287 2441 523 2529 eventibusque
533 2455 611 2504 sunt
621 2462 781 2522 connexa,
791 2442 943 2505 sicetiam
952 2442 1138 2504 narratione

74 2542 323 2632 conjungentur.
349 2543 478 2607 Prusias
504 2560 674 2631 nunquam
697 2565 808 2631 equus
833 2543 991 2625 Eumeni,
1014 2543 1136 2623 etjam
1163 2544 1169 2552 “

74 2641 153 2729 apud
170 2660 320 2708 senatum
339 2644 578 2708 criminationes
593 2644 745 2709 adversus
764 2647 856 2709 illum
874 2645 985 2733 pronis
1002 2643 1136 2709 auribus

74 2744 171 2832 accipi
189 2743 324 2827 doctus,
343 2768 410 2809 non
430 2746 598 2810 desinebat
617 2746 785 2811 intendere
803 2747 1018 2835 suspiciones,
1038 2747 1135 2810 etiarn

73 2845 273 2935 Gallograecis
290 2865 323 2912 et
341 2848 564 2937 Selgensibus,
584 2848 717 2935 aliisque
732 2872 789 2936 per
805 2848 913 2912 Asiam
929 2847 1078 2935 populis,
1095 2848 1135 2912 ad

72 2944 155 3008 idem
176 2947 364 3011 faciundum
388 2949 540 3013 excitatis.
563 2950 667 3038 Igitur
688 2949 869 3029 Eumenes,
891 2948 1045 3035 quoniam
1067 2948 1136 3036 ipse

72 3048 172 3112 lloma
190 3049 436 3132 excludebatur,
456 3052 569 3114 fratres
596 3051 737 3114 Attalum
758 3067 792 3114 et
811 3051 1004 3114 Athenaeum
1027 3049 1133 3130 misit,

73 3151 205 3234 querelis
218 3153 367 3216 omnium
381 3152 603 3241 responsuros.
618 3150 717 3234 Quod
728 3152 772 3214 illi
786 3173 889 3240 quum
902 3151 991 3215 haud
1004 3152 1134 3214 incom-

74 3251 163 3315 mode
175 3254 346 3339 perfecisse
357 3253 554 3334 viderentur,
572 3253 697 3342 magnis
711 3252 892 3316 honoribus
909 3251 1071 3340 donisque
1084 3253 1133 3315 af-

74 3350 140 3415 lecti
154 3352 349 3419 discessere:
364 3378 470 3442 neque
483 3371 590 3418 tamen
604 3354 710 3417 omnis
724 3374 802 3416 cura
815 3351 952 3416 decessit
968 3352 1134 3436 Patribus,

75 3471 236 3539 nunquam
262 3454 338 3518 satis
365 3455 508 3536 credito,
526 3455 773 3543 conspirationis
795 3454 948 3518 adversus
970 3456 1132 3542 populum

74 3573 237 3617 romanum
259 3578 335 3619 cum
352 3558 512 3621 Antiocho
528 3557 616 3620 initae
629 3577 745 3619 vanam
763 3554 959 3620 delationem
976 3554 1087 3620 fuisse.

112 3655 183 3719 XX.
199 3656 325 3720 Placuit
343 3657 458 3745 igitur,
481 3658 517 3721 C.
541 3658 722 3745 Sulpicium
742 3657 892 3739 Gallum,
911 3657 956 3721 M.
983 3657 1130 3746 Sergium

74 3749 170 3839 specie
181 3757 350 3845 legationis
359 3756 400 3821 ad
409 3759 542 3822 consilia
553 3781 667 3848 regum
679 3756 874 3846 exploranda
882 3755 1052 3845 proficisci.
1063 3757 1134 3821 Ob·

75 3856 285 3921 tendebantur
292 3880 343 3922 res
354 3859 482 3924 Grmciae
492 3861 610 3947 passim
621 3862 746 3924 interna
755 3858 915 3923 discordia
924 3858 1130 3923 dissidentis:

75 3972 101 4018 et
115 3961 333 4023 controversia
344 3961 693 4050 Megalopolitanorum
704 4011 712 4036 ,
722 3962 779 4049 qui
790 3984 866 4025 cunr
880 3959 1132 4026 lacaedemoniis

74 4053 108 4120 de
124 4062 191 4150 agri
209 4077 304 4151 parte
319 4060 550 4150 disceptabant.
577 4064 615 4126 In
641 4084 678 4127 ea
705 4063 864 4153 legatione
889 4064 924 4126 C.
948 4060 1129 4148 Sulpicium

100 4284 114 4349 s
126 4288 220 4337 mn.
233 4289 299 4337 Fasti
312 4288 417 4354 Capitol.
431 4291 538 4340 -Vice
553 4292 579 4340 in
594 4295 613 4341 1.
629 4319 664 4329 -
674 4291 747 4341 libet.
761 4293 814 4342 Cic.
830 4319 864 4328 -
873 4291 948 4340 Titul.
960 4290 1130 4339 Heautontim.

73 4365 209 4421 Terentiani.
219 4397 254 4408 -
266 4371 393 4432 elinvn,
408 4373 449 4421 53.
457 4374 551 4423 -Val
564 4377 747 4438 Max.1X‚1a.
759 4403 793 4412 -
803 4375 819 4440 s
828 4376 901 4423 xlx.
913 4375 1001 4438 Polyb.
1014 4375 1130 4438 Excerpt.

74 4447 253 4513 laegtt.106.-
264 4454 339 4503 Diod
348 4455 414 4520 apud
423 4456 508 4506 llrsin.
