2594 4980
298 713 349 780 ru
384 712 496 780 coc.
525 714 617 780 tra.
645 715 707 779 nx
740 714 950 783 urrant.
1086 714 1156 811 359

94 847 208 919 portus
232 848 309 895 sunt
331 831 513 912 commodi,
533 833 593 897 nisi
611 832 716 919 quod,
733 854 847 896 saxoso
863 834 1057 921 plerumque
1078 839 1155 911 or'e,

95 955 206 995 curam
222 948 318 1018 atque
336 933 483 1019 peritiam
502 933 758 1023 gubernatorum
772 933 925 998 introitus
941 933 1112 1001 desiderat.

139 1035 291 1098 XXXIV.
316 1034 465 1098 Absurda
482 1035 649 1121 quaedam,
665 1050 704 1098 ut
719 1035 877 1117 barbaris,
897 1035 1043 1098 instituta
1059 1053 1156 1118 sunt,

95 1158 167 1220 quae
184 1134 297 1198 referri
313 1159 379 1199 non
397 1137 512 1200 attinet
531 1160 538 1199 ε
555 1135 636 1200 illud
649 1137 746 1200 etiam
760 1136 959 1223 sapientibus
971 1136 1059 1200 haud
1072 1160 1158 1224 spen

96 1235 242 1299 nendum
260 1236 473 1317 crediderim,
493 1236 582 1324 quod
605 1260 721 1301 aurum
741 1254 773 1300 et
795 1251 966 1325 argentum
991 1259 1096 1323 neque
1113 1239 1157 1301 si·

96 1353 214 1425 gnant,
236 1360 343 1425 neque
365 1339 440 1402 alibi
457 1340 619 1428 signatum
637 1338 805 1426 importari
821 1339 957 1402 sinunt:
978 1335 1103 1419 edocti,
1120 1353 1158 1401 ut

95 1438 205 1517 aiunt,
221 1439 382 1526 Geryonis
401 1440 597 1521 calamitate,
609 1440 662 1504 cui
679 1455 813 1528 propter
825 1438 1083 1528 magnitudinem
1098 1461 1157 1527 pe·

96 1540 200 1601 cuniae
220 1539 340 1604 bellum
357 1542 481 1605 illatum
498 1541 538 1604 ab
553 1541 692 1605 Hercule
709 1541 814 1626 fuerit.
833 1540 919 1628 Ergo
936 1540 993 1626 qui
1009 1538 1157 1603 mercede

95 1640 184 1727 apud
209 1643 486 1731 Carthaginienses
513 1642 710 1722 militabant,
734 1641 905 1730 pecuniam
923 1663 990 1704 non
1011 1657 1157 1728 reporta·

95 1741 174 1802 bant
189 1740 343 1823 domurn,
358 1743 415 1807 sed
432 1744 545 1806 vinum
562 1743 728 1818 emebant,
745 1743 836 1822 cujus
851 1741 1051 1830 cupidissimi
1064 1757 1157 1822 sunt,

96 1859 129 1904 et
147 1843 316 1923 mulieres,
341 1845 373 1906 in
396 1845 480 1908 hanc
502 1867 634 1932 quoque
654 1845 851 1931 voluptatem
871 1844 953 1908 adeo
975 1843 1157 1931 projectum

96 1964 217 2029 genus,
234 1959 271 2005 ut
289 1968 365 2008 cum
382 1947 491 2031 piratis
513 1968 617 2010 unam
630 1946 800 2009 mulierem
817 1961 957 2032 quatuor
974 1959 1158 2032 permutare

97 2064 172 2104 viris
189 2063 424 2110 consueverint.

141 2144 277 2207 XXXV.
295 2147 448 2210 Discincti
462 2148 494 2210 in
510 2147 631 2210 bellum
648 2164 743 2227 eunt,
758 2163 888 2211 scutum
904 2147 1048 2210 excorio
1060 2169 1159 2211 manu

97 2259 273 2330 gestantes,
286 2246 466 2325 etjaculum
477 2264 616 2336 praeusta
627 2249 821 2336 plerumque
831 2246 983 2335 cuspide,
996 2270 1063 2311 non
1075 2270 1159 2336 saepe

97 2343 201 2422 ferro,
219 2367 323 2430 eoque
339 2349 474 2436 exiguo,
490 2348 667 2436 praefixum.
686 2349 827 2413 Maxima
842 2348 889 2411 vis
911 2348 945 2410 in
964 2346 1073 2412 fundis
1092 2355 1177 2428 est,
1231 2430 1234 2434 ι

98 2467 177 2529 quas
201 2469 239 2509 ex
258 2447 494 2511 melancranide
516 2448 618 2534 (junci
638 2472 741 2539 genus
761 2449 827 2536 cst)
845 2448 924 2511 scite
945 2449 1106 2511 confectas
1124 2448 1159 2511 in

101 2547 217 2632 praeliis
230 2565 335 2621 ternas
348 2550 476 2630 ferunt,
490 2555 553 2614 una
568 2567 665 2637 caput
678 2550 875 2629 vincientes,
888 2549 985 2612 altera
995 2565 1159 2628 ventrem,

97 2645 175 2710 durn
189 2651 280 2712 tertia
296 2649 330 2712 in
343 2674 442 2713 manu
452 2668 501 2714 est
517 2674 524 2714 :
540 2673 601 2714 nec
612 2649 653 2713 ad
666 2650 751 2713 idem
763 2651 902 2736 spatium
917 2648 1070 2712 omnibus
1084 2672 1160 2737 pro·

97 2749 218 2813 miscue
240 2766 396 2830 utuntur;
415 2752 482 2814 aliae
501 2751 588 2813 enim
605 2749 645 2813 ad
667 2750 828 2836 longiores
851 2748 954 2826 jactus
972 2765 1048 2811 sunt
1068 2771 1159 2812 corn·

98 2849 277 2928 rnodiores,
300 2851 368 2912 aliae
390 2851 541 2938 propiore
561 2864 647 2911 meta
666 2850 785 2913 certius
801 2849 1003 2936 validiusque
1025 2849 1158 2914 feriunt.

98 2953 169 3014 Hoc
195 2952 265 3015 solo
287 2972 405 3040 genere
423 2971 590 3013 armorum
612 2947 780 3011 metuendi
804 2965 898 3026 sunt,
917 2948 1083 3010 tribuente
1099 2948 1159 3012 illis

96 3053 238 3141 vigorem
258 3075 295 3115 ac
312 3053 460 3140 peritiam
475 3073 554 3131 usu,
572 3071 671 3136 quem
687 3071 705 3111 a
721 3048 843 3112 teneris
859 3046 1037 3110 adhibent:
1054 3048 1160 3134 ireque

97 3154 214 3216 matr-'cs
231 3177 345 3241 panem
370 3168 444 3217 ante
462 3151 539 3215 dare
559 3149 714 3214 dicuntur
738 3146 935 3226 infantibus,
953 3168 1051 3232 quam
1069 3147 1159 3235 scopi

97 3254 200 3316 vicem
219 3255 422 3341 propositum
440 3252 542 3316 funda
561 3250 745 3331 dejecerint
1247 3332 1255 3345 .

142 3356 293 3419 XXXVI.
320 3354 493 3420 Pacificum
518 3354 592 3418 alias
617 3353 788 3417 hominum
810 3371 933 3439 genus,
951 3370 1026 3412 cum
1049 3348 1159 3412 studio

98 3456 243 3538 pecuniae
257 3458 425 3545 plerasque
446 3457 607 3520 bellorum
628 3476 738 3519 causas
761 3452 961 3532 abjecerant,
979 3473 1158 3537 paucorum

98 3555 260 3617 temeritas
277 3557 310 3619 in
327 3559 536 3636 calumniam,
550 3573 582 3620 et
598 3579 638 3618 ex
651 3554 812 3619 calumnia
827 3553 861 3616 in
872 3552 1081 3616 calamitatem
1094 3568 1158 3616 tra·

98 3654 145 3715 xit
160 3678 167 3715 ;
185 3676 245 3716 nec
259 3657 346 3718 enim
365 3658 496 3745 publico
517 3658 653 3722 consilio
671 3679 759 3719 mare
778 3656 934 3719 infestum
955 3653 1159 3734 habuerunt,

98 3753 155 3817 sed
168 3754 306 3841 cupidus
319 3757 476 3844 triumphi
490 3758 624 3838 consul,
638 3757 767 3820 noxiam
781 3752 883 3817 videri
896 3768 1046 3842 gentem,
1061 3752 1159 3841 quam

98 3857 167 3943 ipsc
182 3879 249 3920 esse
265 3857 419 3921 innocens
433 3859 598 3922 maluerat.
617 3859 688 3920 Hoc
699 3857 743 3918 ita
757 3853 912 3917 traditum
923 3877 942 3916 a
955 3853 1080 3917 ratione
1092 3875 1159 3917 non

97 3959 252 4021 abhorret
277 3980 283 4019 :
305 3980 364 4020 nec
381 3958 467 4021 enirn
486 3957 566 4022 duas
584 3959 660 4020 istas
683 3956 802 4019 insulas
820 3972 1074 4020 consentaneum
1093 3968 1159 4031 est,

98 4082 184 4121 arma
209 4080 359 4138 romana,
380 4080 520 4144 quorum
546 4080 612 4122 non
636 4057 829 4145 ignorabant
851 4057 1048 4144 potentiam,
1068 4056 1100 4116 in
1126 4077 1160 4116 se

131 4283 147 4345 S
159 4285 279 4332 xxxw.
290 4283 393 4331 Diodor.
404 4307 439 4318 -
450 4279 552 4328 Aristot.
565 4277 620 4347 ntpl
632 4278 783 4346 θαυμασίων.
794 4279 861 4342 -3
876 4279 985 4327 XXXV.
994 4304 1027 4313 -
1037 4277 1117 4325 Strab-
1127 4302 1161 4312 -·

98 4365 200 4413 Diodor.
