2594 4980
122 745 192 825 ΔΜ
289 741 359 809 JO.
387 739 730 807 FREINSHEMII
760 739 1005 809 SUPPLEM.
1065 789 1068 795 -

120 864 204 929 tueri
225 863 387 926 voluisset.
410 863 488 924 Tam
510 863 595 924 varia
619 883 729 925 rerum
752 860 875 949 ubique
893 861 1008 942 facies,
1026 876 1135 931 tamen
1156 865 1194 927 in

120 962 248 1034 summa
267 965 333 1029 fere
356 964 396 1028 ad
418 965 656 1027 incrementum
674 985 816 1027 romanae
831 963 986 1051 potentiae
1001 963 1194 1051 spectabat:

121 1068 453 1158 quae-opportunitate
472 1083 658 1153 temporum
675 1086 747 1146 usa,
763 1080 897 1145 cuncta,
912 1088 984 1153 quoe
1002 1063 1103 1129 modo
1119 1088 1194 1130 me-

120 1170 332 1249 moravimus,
350 1191 464 1256 regna,
482 1183 616 1254 excepto
632 1165 798 1255 parthico,
816 1167 850 1230 in
869 1165 1026 1231 ditionem
1044 1181 1193 1255 potesta·

119 1288 252 1360 temque
271 1271 403 1359 redegit.

164 1375 280 1439 XLIV.
309 1372 372 1438 Sed
400 1395 460 1460 ego
486 1371 619 1459 quidem
647 1369 826 1452 hactenus,
855 1386 894 1433 ut
916 1369 1024 1450 licuit,
1047 1368 1196 1434 historia

118 1477 243 1542 lirianae
260 1475 471 1553 detrimenta,
492 1494 692 1559 quamquam
708 1471 895 1559 eloquentia
919 1471 1077 1558 copiaque
1094 1469 1197 1561 longe

119 1579 251 1667 impari,
267 1576 457 1663 conquisitis
472 1573 619 1660 undique
633 1571 882 1660 supplementis,
896 1572 939 1636 ita
955 1571 1107 1635 resarcire
1120 1586 1195 1635 stu·

117 1680 195 1762 dui,
215 1698 252 1744 ut
266 1679 395 1742 nullum
411 1676 597 1765 posterioris
612 1675 714 1739 aetatis
727 1674 897 1762 vestigium
912 1688 1101 1738 notaretur:
1117 1695 1195 1762 gra·

117 1783 199 1846 tiora
217 1780 369 1845 studiosis
385 1802 502 1840 rerum·
513 1799 739 1858 romanarum,
758 1798 830 1864 quse
847 1776 1100 1864 componebam,
1120 1775 1194 1839 fore

117 1884 311 1962 arbitratus,
334 1883 359 1944 si
384 1881 446 1943 sub
471 1881 692 1967 qualicunque
712 1879 821 1942 colore
840 1877 950 1965 magni
971 1877 1130 1958 nominis,
1157 1893 1193 1943 et

116 1999 272 2070 tanquam
291 1983 432 2068 antiquis
449 1980 653 2068 temporibus
670 1980 788 2067 scripta
804 1979 999 2068 legerentur.
1025 1977 1112 2061 [llud
1129 1982 1204 2044 au·¹

117 2101 183 2149 tem
210 2085 412 2174 propositum
442 2083 565 2146 diutius
591 2082 731 2147 retinere
758 2079 930 2144 difficultas
957 2078 1190 2147 tradendarum

116 2210 226 2252 rerum
243 2202 352 2250 vetat:
373 2207 447 2248 nam
471 2184 607 2271 penuria
633 2183 829 2271 scriptorum
853 2182 992 2269 plurima
1016 2181 1189 2270 ignorare,

116 2287 157 2352 de
171 2289 332 2375 plerisque
347 2286 496 2349 dubitare
513 2308 623 2375 cogor,
637 2307 725 2372 quae,
740 2307 845 2372 quum
859 2285 982 2350 viveret
994 2283 1118 2365 Livius,
1133 2307 1189 2350 re·

115 2389 218 2454 centis
232 2388 340 2452 adhuc
355 2387 537 2466 memoriae,
553 2385 757 2473 publicisque
770 2408 808 2450 ac
818 2386 950 2474 privatis
963 2388 1189 2452 monumentis

114 2491 264 2580 plurimis
282 2507 313 2553 et
331 2489 516 2553 certissimis
534 2488 789 2576 compertissima
805 2487 950 2554 fuerunt.

159 2593 258 2657 XLV.
273 2593 354 2673 Quis
370 2593 455 2654 enim
469 2592 565 2673 ferat,
581 2588 715 2678 quando
727 2588 769 2654 ad
781 2591 825 2654 M.
837 2591 948 2654 Scauri
962 2592 1189 2675 consulatum,

25 2738 43 2757 c
113 2693 229 2758 seriem
244 2695 408 2757 annalium
427 2693 574 2780 sequuti,
589 2692 816 2781 pervenimus,
835 2692 875 2756 de
892 2693 990 2773 hujus
1006 2694 1190 2759 clarissimis

114 2817 154 2857 eo
173 2809 320 2881 tempore
340 2796 453 2882 gestis,
476 2817 578 2881 pauca
596 2808 629 2857 et
643 2794 766 2858 incerta
781 2794 844 2859 sub
860 2795 929 2875 ejus
946 2795 1189 2884 praescriptione

112 2895 222 2961 liviani
233 2896 383 2959 nominis
400 2897 625 2961 consarcinare
644 2896 865 2986 satagentem?
881 2920 1003 2984 quum,
1021 2914 1059 2961 ut
1074 2914 1189 2962 caetera

115 3013 181 3062 tam
204 2999 304 3060 multa
329 2999 456 3061 silentio
477 3016 681 3084 praeteream,
698 3014 764 3062 tres
786 2999 885 3063 fuisse
905 3000 1005 3064 libros
1028 3000 1188 3082 sciamus,

114 3121 197 3186 quos
214 3100 281 3188 ipse
301 3099 440 3162 Scaurus
457 3099 577 3162 devita
593 3123 650 3163 sua
670 3099 712 3163 ad
728 3100 894 3164 Fufidium
913 3103 1103 3190 scripserat:
1129 3104 1187 3191 qui

115 3201 212 3265 etiam
229 3217 304 3287 post
314 3202 439 3263 Livium
454 3200 563 3263 adhuc
575 3202 608 3263 in
621 3201 771 3265 manibus
784 3201 957 3266 hominum
970 3219 1187 3270 versarentur.

111 3301 216 3388 Igitur
235 3321 388 3387 persona,
413 3323 511 3385 quam
536 3301 696 3364 sustinere
721 3323 867 3388 nequeo,
892 3303 1055 3391 deposita,
1078 3326 1187 3393 neque

113 3421 218 3464 meam
235 3416 359 3462 aetatem
378 3401 478 3479 ultra,
493 3425 600 3488 neque
616 3402 751 3466 Ioannis
766 3403 972 3468 Fremsltemti‘
982 3428 1104 3469 nomen
1118 3405 1187 3470 dis·

113 3503 294 3583 simulab03
315 3501 387 3580 sed,
403 3505 473 3566 Deo
493 3504 577 3566 bene
590 3504 744 3587 juvante,
761 3505 922 3593 quidquid
939 3506 1063 3570 livianis
1075 3509 1187 3571 Anna·

113 3604 201 3668 libus
215 3620 386 3668 tractatum
401 3606 513 3693 periit,
530 3607 755 3693 Epitomarum
768 3608 902 3695 vestigia
914 3608 1042 3696 legens,
1056 3607 1099 3670 ita
1112 3629 1187 3695 per-

112 3721 219 3768 texere
244 3706 402 3787 conabor,
428 3723 464 3769 ut
490 3708 638 3794 opinioni
665 3708 829 3774 Chrbtt'rtae
851 3709 990 3797 reginae,
1011 3731 1083 3796 quae
1103 3709 1185 3772 mihi

109 3807 241 3871 titulum
259 3808 518 3897 Historiographi
537 3811 586 3874 sui
607 3833 674 3874 non
692 3827 820 3899 rogata,
834 3810 896 3874 sed
912 3827 1068 3899 tanquam
1085 3812 1186 3875 rneri-

110 3925 201 3990 turo,
222 3909 352 3990 tribuit,
369 3912 395 3973 si
417 3936 482 3975 non
509 3905 679 3991 faclrndia,
703 3911 871 4002 diligentia
891 3929 979 3977 certe
999 3929 1032 3978 ct
1049 3912 1113 3979 fide
1130 3935 1183 3978 re·

111 4011 299 4098 spondeam.

152 4115 267 4178 XLVI.
292 4114 391 4195 Quod
415 4133 451 4177 ut
471 4140 531 4203 pro
554 4117 637 4180 virili
660 4116 858 4183 contendam
879 4116 1028 4204 assequi,
1047 4137 1185 4180 moveor

111 4214 244 4302 quidem
261 4219 425 4295 majestate
440 4216 705 4283 florentissimum
719 4219 892 4307 imperium
906 4217 1064 4308 regentis,
1079 4217 1182 4282 immo

143 4411 249 4477 sm.
261 4415 291 4460 U.
303 4415 332 4463 C.
344 4415 407 4473 6373
422 4417 453 4460 A.
463 4416 491 4462 C.
502 4415 559 4463 115.
571 4442 606 4452 -
615 4415 667 4466 Cic.
678 4416 707 4464 in
719 4418 839 4477 Bmto,c.
852 4415 1146 4480 29.-Plin.m111,
1157 4431 1180 4465 r.

110 4524 143 4534 -
154 4497 209 4544 val.
224 4498 292 4545 Max.
307 4499 350 4556 IV,
366 4506 388 4553 t.
401 4501 500 4548 -Tac
518 4498 627 4562 Agricol.
642 4515 698 4566 esp.
713 4516 735 4549 1.
