2594 4980
65 757 68 763 <
124 714 192 784 106
293 714 1010 785 10.FRE1Nst{EM118UPPLEM.

80 904 92 918 ι
114 833 209 919 fugae
226 832 328 897 locum
345 834 506 900 habituris.
523 838 565 899 At
582 836 627 899 illi
644 836 727 900 hanc
750 858 883 923 quoque
898 835 1088 906 seutentiam
1105 835 1123 899 ir

112 937 255 1018 ‚debant3
276 937 423 1024 luitque,
441 938 497 1026 qui
516 938 704 1017 minaretur,
725 938 917 1027 abjecturum
934 960 965 1001 sc
977 936 1123 1025 gladtitm

116 1040 241 1130 quidem
255 1063 318 1103 non
332 1040 453 1105 consuli
464 1041 600 1105 Manilio
608 1089 618 1120 ‚
637 1042 694 1104 sed
702 1042 828 1105 tribuno
840 1040 998 1128 Scipioni,
1009 1038 1123 1129 perard

118 1156 200 1205 esset.
219 1141 370 1205 Manilius
386 1143 497 1232 igitur,
514 1143 564 1206 vir
576 1165 638 1207 nec
654 1143 729 1207 alias
746 1143 856 1206 multae
872 1141 906 1204 in
924 1141 1011 1205 bello
1025 1141 1123 1229 expeti

118 1226 405 1322 tiae,boniirmatus
418 1243 562 1332 plurium
579 1245 760 1325 sententiis,
771 1243 969 1309 transcendit
980 1241 1123 1308 flumem(

117 1364 220 1429 quum
236 1343 430 1408 occurrisset
453 1344 653 1427 Hasdrubal,
675 1360 790 1439 magna
807 1346 962 1433 utrinque
984 1343 1085 1408 credes
1101 1343 1123 1408 it

116 1460 185 1525 est,
202 1445 307 1509 donec
324 1446 507 1512 Hasdrubal
522 1449 639 1513 omissa
652 1471 762 1539 pugna
772 1449 806 1511 in
821 1447 988 1512 castellum
1000 1467 1036 1510 se
1047 1466 1123 1533 rece}

116 1544 174 1609 ubi
190 1568 229 1609 ex
246 1562 319 1611 tuto
337 1563 465 1636 tempus
479 1549 669 1616 observabat
684 1548 837 1615 turbandi
855 1547 1084 1638 regredientes.

160 1649 211 1712 Ll.
230 1649 383 1731 Romani,
401 1673 483 1738 quos
496 1652 563 1731 jam
582 1652 708 1716 consilii
725 1653 774 1716 sui
795 1650 942 1740 pigebat,
960 1648 1066 1713 donec
1080 1649 1123 1735 imj

117 1749 300 1814 dimentum
323 1752 432 1818 itineri
452 1755 578 1818 nullum
601 1755 759 1835 occurrit,
776 1753 907 1816 servatis
930 1749 1100 1814 ordinibus
1118 1773 1123 1809 t

117 1872 262 1916 cessere:
284 1851 341 1914 ubi
363 1851 405 1917 ad
421 1876 550 1918 amnem
567 1868 721 1932 rentum,
739 1853 832 1938 isque
854 1852 965 1938 paucis
984 1851 1062 1914 locis
1079 1870 1123 1913 vat

117 1969 149 2016 et
170 1950 344 2016 difficulter
369 1969 513 2041 poterat,
535 1952 716 2017 necessario
742 1950 930 2015 distractum
955 1950 1123 2014 turbatum

117 2076 232 2143 agmen
249 2070 322 2118 est:
342 2053 433 2145 quod
448 2055 545 2119 simul
563 2055 708 2118 intentus
726 2053 826 2118 hostis
843 2051 939 2133 vidit,
955 2067 1027 2145 tum
1045 2051 1123 2139 prim

118 2154 193 2217 totis
214 2155 338 2218 viribus
357 2155 523 2236 incubuit,
543 2177 731 2243 paucosque
758 2169 959 2243 pugnantes,
978 2150 1123 2242 pluresi

118 2256 240 2343 palatos
258 2258 444 2322 interiecit:
467 2253 523 2321 sed
544 2274 576 2322 et
594 2258 717 2320 tribuni
734 2274 797 2321 tres
814 2255 973 2336 cecidere,
991 2255 1015 2317 ii
1036 2253 1111 2344 ipsi,

119 2359 208 2421 malae
224 2381 342 2448 pugnae
362 2359 516 2447 praecipui
532 2374 680 2423 auctores
698 2360 834 2423 brerant.
851 2361 895 2422 At
907 2357 1016 2444 Scipio
1030 2368 1123 2421 cumt

119 2460 237 2539 centis,
252 2483 335 2547 quos
355 2482 465 2524 secum
482 2459 636 2541 habebat,
657 2458 840 2548 equitibus,
856 2457 1007 2545 aliisque,
1026 2470 1123 2545 quotq

119 2561 225 2650 colligi
243 2562 388 2625 celeriter
404 2578 596 2650 potuerant,
616 2584 714 2625 cursu
732 2560 824 2624 duxit
839 2560 872 2622 in
890 2560 1037 2640 hostem,
1054 2555 1123 2622 dun

120 2681 241 2726 turmas
269 2662 406 2745 divisos,
432 2664 723 2752 praemonitosque,
744 2677 780 2726 ut
798 2661 978 2724 alternatim
999 2678 1123 2749 capesset

109 2790 259 2854 pugnam
266 2816 276 2847 ‚
295 2766 591 2857 amissisquejaculis
601 2790 633 2830 sc
643 2769 833 2854 reciperent:
847 2765 892 2828 sic
906 2760 1118 2841 euimfiebat,

120 2890 188 2930 uno
203 2867 374 2932 recedente
390 2869 507 2961 globo,
519 2869 599 2932 alter
612 2867 773 2955 extemplo
787 2863 991 2946 succederet;
1006 2882 1113 2951 neque

118 2968 158 3030 sti
176 2969 267 3055 quies
281 2969 346 3033 ulla
363 2970 512 3051 daretur3
529 2970 690 3056 multique
704 2969 860 3032 Afrorum
875 2966 1033 3029 continuo
1049 2965 1123 3028 telot

116 3070 202 3148 jactu
224 3072 545 3135 convulnerarentur.
568 3072 633 3145 lta,
657 3069 793 3133 durnin
816 3091 850 3131 se
870 3066 1028 3154 plurimos
1045 3063 1123 3130 boati

120 3174 312 3248 abstrahunt
323 3177 482 3264 Scipionis
495 3176 640 3262 equites,
653 3174 811 3238 exercitus
823 3172 949 3235 minore
963 3193 1039 3235 cum
1051 3171 1123 3259 impr

120 3291 232 3338 mento
249 3277 293 3338 cis
312 3274 447 3339 fluvium
467 3298 501 3339 se
520 3275 661 3363 recepit:
678 3291 748 3338 tum
767 3273 900 3338 demum
917 3273 1085 3337 concitatis
1098 3293 1123 3336 et

120 3373 239 3439 vadum
257 3377 351 3462 petiit
368 3376 492 3464 Scipio,
509 3393 541 3439 et
563 3398 749 3462 quanquam
768 3374 888 3440 densus
907 3374 941 3436 in
961 3395 1037 3437 eum
1051 3371 1123 3437 telot

120 3477 224 3540 imber
237 3478 430 3557 mitteretur,
442 3478 616 3541 incolumis
628 3479 661 3540 in
672 3477 854 3542 citeriorem
864 3476 967 3564 ripam
982 3490 1123 3563 penetrat

164 3577 232 3640 Lll.
248 3577 416 3657 Acciderat
430 3594 557 3660 autem,
573 3580 660 3643 utin
677 3579 783 3666 primo
804 3578 1028 3668 ingruentium
1046 3576 1123 3639 host

122 3679 283 3759 tumultu,
301 3679 450 3745 cohortes
468 3698 618 3770 quatuor,
632 3704 650 3745 a
665 3682 786 3745 caeteris
803 3678 951 3758 divulsae,
966 3678 1001 3741 in
1016 3698 1123 3765 quem«

124 3782 288 3847 tumulum
305 3783 519 3875 confugerent
531 3809 539 3849 :
552 3807 596 3847 eae
613 3784 654 3847 ab
665 3780 865 3846 Hasdrubale
880 3779 1123 3844 circumsidebat

122 3884 240 3972 ignaris
266 3883 372 3949 adhuc
397 3888 573 3969 Romanis,
597 3886 703 3949 donec
726 3885 760 3947 in
783 3885 894 3947 stativa
921 3897 1116 3969 perventum

123 3987 222 4062 Tum,
237 3988 372 4051 consilio
381 3987 555 4071 advocato,
569 3987 729 4075 plerisque
741 3986 861 4049 rectius
870 3986 974 4048 visum
984 4007 992 4064 3
1003 3984 1109 4071 urgeri
1113 4005 1123 4046 e

123 4103 190 4151 tum
200 4091 267 4169 iter,
286 4112 384 4178 raeque
397 4112 494 4153 causa
505 4111 681 4178 paucorum
694 4099 819 4150 cunctos
835 4088 868 4149 in
874 4087 1043 4174 percuciens
1054 4104 1123 4168 con)

124 4187 228 4252 donec
244 4190 351 4278 Scipio
369 4188 468 4272 dixit,
481 4191 564 4255 dunc
577 4191 638 4255 sibi
650 4202 766 4276 reaper
780 4189 1029 4271 arrimumsuisse
1038 4234 1048 4266 ,
1064 4196 1120 4264 ut,

123 4303 246 4378 tequam
273 4291 438 4356 discrimen
457 4293 620 4370 subiretur,
647 4293 741 4354 ettam
760 4305 855 4380 atque
877 4292 973 4354 etrum
992 4289 1123 4376 cogitatu

159 4478 175 4544 S
187 4481 213 4531 L.
228 4481 280 4529 Lis.
293 4481 358 4546 Epir.
373 4507 408 4519 -
419 4481 506 4530 Zonar.
520 4508 555 4519 —
568 4479 674 4546 Appiam
687 4495 741 4545 cap.
754 4487 798 4536 tr.
807 4505 841 4515 —
854 4476 870 4542 S
884 4478 923 4525 LI.
939 4479 1027 4526 Zonar.
1039 4477 1123 4540 -Ap
