2594 4980
288 704 348 773 IN
378 703 497 772 LOC.
523 705 621 772 le.
647 703 736 770 LIV
762 702 988 773 LIVIANI.
1090 727 1160 799 ²²9

93 825 175 889 aine
189 825 372 902 sentiente,
391 824 480 913 quod
496 825 566 889 sine
579 847 658 889 voce
675 839 732 888 aut
751 824 888 912 strepitu
905 824 1024 890 caedem
1040 825 1160 889 vulnus

93 943 317 1015 pportunum
334 942 499 1017 peregerat
509 926 576 1008 ,ad
598 927 781 1013 Caepionem
803 927 1036 1016 transfugiunt,
1060 950 1160 1015 expo·

93 1028 145 1092 lto
170 1028 264 1093 lacto
284 1028 452 1116 premium
472 1044 592 1094 navatae
610 1050 714 1117 operte
729 1028 938 1115 postulantes.
956 1028 1062 1116 Caepio
1085 1052 1164 1094 con·

93 1131 204 1214 esais,
230 1152 304 1219 que
319 1132 476 1197 hacteuus
498 1131 734 1211 obtinuissent,
752 1130 792 1193 de
809 1145 921 1194 caetero
936 1144 1059 1194 senatus
1075 1132 1161 1195 arbi·

93 1233 183 1296 rt’ttm
194 1254 260 1296 etse
273 1246 427 1321 oportere,
441 1233 609 1322 respondit
624 1256 631 1298 :
651 1235 866 1321 temeratorem
876 1236 961 1297 enim
976 1257 998 1295 a
1013 1233 1160 1298 militabat:

93 1335 148 1399 uu
164 1331 320 1419 ιἰιεσῄσί,
338 1336 490 1399 Romanis
507 1358 671 1425 nunquam
680 1334 846 1424 pheuisse.

131 1435 262 1501 xxm.
287 1437 348 1502 Hic
371 1436 443 1501 finis
466 1437 603 1502 Viriathi
627 1437 690 1500 fuit
715 1459 723 1501 ε
749 1437 842 1516 cujus
867 1436 1036 1501 interitum
1057 1457 1160 1523 quum

97 1556 232 1602 numero
248 1552 281 1601 et
298 1537 361 1602 lide
377 1539 593 1627 precellentes
610 1556 759 1603 auctores
777 1539 913 1603 consilio
928 1539 1089 1626 Caepionis
1107 1537 1163 1602 ad·
1256 1568 1258 1576 Α

104 1637 295 1728 seripsmint,
318 1641 397 1705 alios
418 1643 512 1729 sequi
536 1642 645 1731 nolui,
665 1642 721 1729 qui
742 1642 905 1728 sequentis
930 1640 1007 1703 anni
1033 1642 1160 1705 consuli

108 1736 230 1828 Popillio
245 1741 320 1806 lacti
333 1742 430 1822 hujus
439 1742 623 1834 ambiguam
635 1741 764 1807 laudem
776 1742 1058 1829 transcripserunt.
1069 1746 1112 1808 At
1126 1743 1160 1805 in
1227 1826 1229 1831 Ι

113 1841 237 1904 nereitu
252 1843 407 1925 Viriathi,
425 1866 529 1931 quum
547 1845 650 1909 multa
660 1844 726 1924 jam
742 1845 815 1908 luce
830 1842 979 1907 nondum
998 1842 1065 1907 dux
1080 1866 1161 1908 con·

116 1939 280 2027 spiceretur,
296 1945 404 2031 primo
421 1968 489 2008 rem
505 1946 667 2037 insolitam
686 1967 800 2010 omnes
815 1944 984 2027 admirari,
1004 1967 1080 2009 mox
1104 1968 1161 2009 co·

117 2041 185 2128 ‘titt
199 2064 292 2107 causa
313 2046 434 2134 gemitu
454 2047 612 2134 luctuque
634 2049 796 2137 complere
821 2063 943 2129 castra,
969 2070 1058 2111 nune
1076 2047 1161 2111 illius

119 2137 204 2208 dolere
216 2146 335 2230 vicem,
352 2170 441 2211 nunc
458 2149 602 2213 miserari
618 2172 729 2233 suam,
747 2149 866 2238 quibus
888 2149 923 2213 in
941 2149 997 2213 tali
1014 2148 1161 2239 periculo

93 2254 205 2337 *natu
228 2247 347 2313 invidia
374 2248 511 2314 deorum
534 2250 660 2316 ablatus
684 2253 859 2340 imperator
893 2267 986 2316 esset.
1014 2251 1162 2340 Augebat

119 2337 237 2411 dolorem
252 2370 337 2414 nova
347 2350 468 2431 rabies,
485 2351 575 2439 quod
590 2368 738 2418 auctores
752 2353 902 2418 facinoris
920 2353 1036 2418 hustra
1052 2351 1161 2440 requi·

120 2449 257 2532 malus,
272 2475 315 2516 ne
328 2453 462 2518 ultionis
480 2453 613 2542 quidem
633 2456 783 2520 relictum
801 2456 952 2520 solatium
964 2471 1042 2520 erat.
1060 2451 1161 2535 Quod

120 2560 201 2613 uara
210 2566 375 2639 poterant,
386 2553 520 2619 cadaver
527 2555 728 2644 interempti,
737 2558 971 2644 pretiosissimo
979 2577 1055 2619 cum
1069 2555 1161 2618 cultu

120 2645 222 2716 altini
238 2675 320 2743 rogo
344 2655 552 2743 impositum,
574 2657 682 2720 multis
700 2678 798 2745 super
814 2658 879 2721 hcc
896 2657 985 2720 caesis
1002 2654 1160 2735 victimis,

123 2751 350 2819 oeubusserunt.

152 2847 253 2919 lxlv.
272 2854 354 2919 Inde
369 2855 516 2944 peditum
533 2856 684 2919 cohortes
700 2858 914 2944 equitumque
931 2858 1003 2937 ala,
1022 2855 1160 2919 barbaro

123 2965 189 3014 more
208 2954 316 3019 laudes
338 2956 486 3019 defuncti
513 2955 728 3036 celebrantes,
748 2957 832 3020 circa
859 2957 993 3021 bustum
1015 2956 1166 3020 decurre·

123 3043 192 3132 lut3
209 3077 267 3120 nec
286 3072 363 3119 ante
378 3055 557 3120 discessum
578 3073 640 3137 est,
663 3079 762 3144 quam
784 3056 868 3146 ignis
889 3079 1023 3146 prorsus
1042 3057 1161 3120 exstin-
1232 3056 1234 3062 ’

123 3167 255 3235 nentur.
280 3156 455 3247 Magnifico
484 3157 602 3222 deinde
629 3158 758 3222 tumulo
781 3158 944 3222 cineribus
970 3155 1161 3236 reconditis,

124 3245 230 3321 hetam
245 3258 459 3348 gladiatorum
477 3259 565 3347 paria
579 3258 757 3341 dederunt,
772 3260 921 3325 eximiam
935 3260 995 3323 viri
1007 3260 1161 3322 virtutem

124 3353 191 3421 tulto
210 3360 318 3426 studio
340 3362 549 3426 honorantes.
578 3362 654 3427 Fuit
676 3363 763 3426 enim
789 3361 878 3426 haud
900 3361 999 3426 dubie
1022 3361 1105 3425 siout
1125 3360 1160 3424 in

125 3460 445 3527 mutuatissime
464 3463 576 3545 militi,
602 3463 647 3527 sic
673 3464 708 3527 in
732 3463 935 3553 providendo
959 3463 1162 3553 sagacissimo

125 3556 213 3646 *ipre
227 3564 411 3651 imperatori
425 3563 661 3654 comparandus
679 3588 687 3628 :
704 3564 859 3652 quodque
874 3564 969 3629 bonis
985 3563 1082 3628 etiatn
1099 3561 1161 3626 du·

125 3653 283 3730 dhahaud
295 3681 491 3754 perpetuum
502 3682 563 3742 est,
580 3681 650 3730 toto
663 3666 790 3754 imperii
800 3666 851 3730 sui
862 3682 1008 3754 tempore
1019 3664 1161 3727 benevo-

124 3750 199 3825 lntis
213 3767 357 3831 omnium
372 3767 512 3830 militum
524 3814 534 3847 ,
546 3783 580 3830 et
594 3788 704 3831 amore
718 3767 871 3856 singulari
887 3788 965 3831 usus
979 3782 1047 3830 est:
1062 3785 1160 3852 quem

125 3857 314 3931 nodnatione
339 3866 570 3955 beneficiisque
593 3869 804 3956 provocabat,
826 3867 908 3932 virili
930 3866 1045 3956 praedae
1071 3877 1161 3951 parte

126 3970 283 4050 mantus,
303 3990 408 4057 quum
432 3991 560 4058 semper
575 3970 733 4034 exereitus
752 3970 820 4058 ipse
840 3969 1029 4058 ampliorem
1046 3985 1162 4051 capere

125 4051 237 4148 ”berth
246 4085 339 4157 atque
352 4068 431 4133 binc
445 4070 540 4134 etiam
555 4070 659 4134 multa
673 4069 812 4158 premiis
826 4069 1017 4133 meritorum
1030 4079 1087 4129 aut
1102 4085 1161 4127 ne·

156 4260 247 4327 mll-
257 4276 465 4340 tlm.11,17.-
476 4280 573 4328 Auctor
585 4278 617 4329 de
627 4280 681 4329 Vir.
696 4280 731 4330 ill.
745 4296 768 4328 c.
781 4295 825 4341 71·
835 4277 933 4326 -vu
943 4277 1012 4324 Mu.
1023 4273 1075 4331 IX·
1089 4272 1115 4320 ὅ·
1126 4298 1160 4310 ···

129 4340 215 4409 *nh
226 4381 256 4394 -
266 4361 368 4428 neap.
382 4388 418 4400 -
429 4364 501 4412 020..
510 4364 544 4423 v,
554 4372 579 4419 t.
592 4390 629 4402 -
641 4362 717 4411 moa
726 4361 794 4428 apua
803 4361 872 4409 rav.
883 4359 967 4408 una.
982 4382 1018 4398 -
1030 4357 1084 4406 rav.
1095 4356 1161 4423 apa·

129 4444 160 4459 '¹'
167 4424 181 4490 i
188 4431 267 4488 mli.
277 4442 328 4493 Ην.
343 4445 409 4510 Epir.
419 4472 455 4485 -
466 4446 570 4496 Diodor.
579 4446 645 4513 apud
654 4446 736 4496 Valet.
746 4472 782 4484 -
799 4445 907 4511 Appiae.
