2594 4980
332 756 386 825 ΙΝ
415 755 527 846 LOC.
553 756 648 822 LlB.
675 752 800 822 LXIV
829 751 1045 818 LIVIANI.
1155 748 1228 844 469

158 877 339 964 perieulum
354 875 522 963 effugerit,
539 874 658 963 probra
672 889 780 946 tamen
799 871 901 935 audiit
909 886 923 950 ,’
936 871 976 936 ab
993 871 1132 935 inimicis
1146 894 1225 936 eon·

146 979 327 1041 -tunreliose
343 977 529 1066 exagitatus.
874 1019 877 1023 -
1043 1026 1047 1034 .
1147 1034 1151 1043 .

202 1082 236 1143 L.
261 1082 373 1163 Certe,
396 1101 500 1167 quum
525 1078 587 1142 sub
610 1077 696 1142 idern
723 1094 850 1165 tempus
873 1079 1064 1141 nonnullam
1092 1076 1227 1140 haberet

157 1179 311 1243 invidiam
335 1202 374 1242 ex
397 1202 437 1242 eo
458 1202 608 1267 quoque,
629 1179 720 1268 quod
734 1180 827 1244 bona
847 1179 995 1267 Pompeii
1011 1178 1237 1267 Phrygionis,¹

157 1281 298 1344 hominis
318 1281 506 1368 locupletis,
527 1282 596 1345 sine
612 1297 806 1345 testamento
821 1280 1024 1370 possederat,
1046 1281 1081 1344 in
1098 1280 1224 1360 judicio

156 1385 192 1445 L.
206 1383 373 1469 Calpurnii
385 1384 513 1466 Bestiae,
529 1406 632 1470 quum
650 1384 737 1447 inter
751 1382 923 1448 advocatos
941 1383 1010 1464 ejus
1026 1383 1169 1464 sederet,
1192 1398 1226 1447 et

155 1485 239 1546 forte
261 1500 411 1548 mortuus
434 1484 623 1566 efferretur,
645 1502 814 1550 accusator
835 1486 949 1550 Restioe
970 1487 1006 1550 C.
1029 1485 1241 1565 Memmius„

154 1580 270 1666 «Quid
291 1585 398 1667 sedes,
425 1586 549 1674 inquit,
575 1586 717 1651 Seaure?
739 1603 890 1651 mortuus
914 1587 1058 1676 rapitur:
1076 1585 1168 1668 vide,
1194 1585 1222 1648 si

153 1688 283 1774 «possis
298 1711 367 1752 esse
382 1693 560 1777 possessor.
575 1719 588 1744 u
617 1690 779 1753 Caeterum
801 1704 834 1752 et
854 1690 889 1754 L.
906 1688 1030 1764 Bestia,
1053 1703 1087 1752 et
1105 1685 1222 1751 eodem

153 1789 290 1853 crimine
315 1791 410 1854 multi
435 1807 588 1879 praeterea
610 1791 777 1856 clarissimi
795 1790 856 1854 viri
880 1789 1078 1854 ceciderunt.
1094 1786 1223 1853 ludices

153 1892 240 1955 enim
252 1893 425 1982 gracchani
433 1910 541 1970 erant:
556 1909 589 1957 et
599 1893 739 1957 instabat
751 1892 954 1980 urgebatque
965 1890 1118 1980 populus,
1131 1891 1222 1954 laetus

152 1995 361 2059 occasionem
381 1995 443 2059 sibi
465 1994 651 2083 premendae
672 1994 850 2058 nobilitatis
872 1993 1063 2082 praebitam3
1082 2015 1159 2056 nam
1182 2014 1222 2056 eo

152 2095 240 2158 velut
254 2097 396 2182 partium
417 2095 491 2160 odia
510 2111 753 2184 processerant,
770 2111 808 2160 ut
827 2094 930 2174 major
948 2094 990 2158 ad
1009 2095 1063 2159 illa
1082 2095 1223 2182 plerum·

151 2187 233 2281 que,
253 2219 352 2283 quam
366 2197 407 2273 ad
423 2199 596 2262 utilitatem
615 2199 816 2287 reipublicae,
830 2213 997 2286 respectus
1010 2196 1199 2260 baberetur.

194 2299 246 2361 Ll.
259 2299 388 2363 Primus
402 2316 478 2388 post
491 2302 628 2364 Romam
643 2300 808 2365 conditam
820 2323 953 2381 eorum,
966 2300 1023 2388 qui
1037 2300 1071 2363 in
1084 2300 1221 2390 collegio

150 2400 355 2465 sacerdotum
379 2418 502 2485 essent,
521 2406 558 2468 C.
575 2405 737 2492 Sulpicius
759 2403 827 2469 Ser.
842 2403 879 2468 F.
898 2402 1017 2484 Galba,
1038 2426 1143 2491 quum
1160 2424 1222 2490 pro

149 2503 278 2590 seipso
300 2503 449 2586 dixisset,
472 2505 605 2593 publico
625 2505 750 2585 judicio
773 2503 945 2569 damnatus
968 2500 1039 2568 est':
1064 2520 1219 2593 praeterea

148 2608 334 2670 consulares
353 2622 495 2693 quatuor
515 2608 627 2671 eadem
648 2623 821 2696 tempestas
843 2607 1012 2695 oppressit.
1035 2608 1069 2670 L.
1083 2607 1220 2692 Calpur·

149 2706 241 2785 nius,
270 2708 324 2793 Sp.
350 2707 505 2785 Albinus,
532 2728 571 2769 ex
596 2708 718 2782 causis,
743 2729 824 2794 quas
846 2724 922 2770 ante
946 2704 1219 2785 memoravimus,

149 2804 292 2868 damnati
315 2821 402 2869 sunt.
436 2808 472 2871 C.
494 2807 653 2870 Catonem
676 2830 752 2871 curn
782 2809 818 2871 L.
844 2806 976 2895 Opimio
999 2807 1033 2869 in
1060 2805 1220 2894 legatione

147 2905 248 2969 fuisse
270 2922 400 2994 putem,
424 2923 582 2994 tantoque
607 2907 760 2996 cupidius
785 2907 1059 2987 condemnatum,
1083 2927 1151 2993 quo
1176 2926 1218 2968 ne

147 3008 182 3071 L.
198 3008 364 3096 Opimius,
381 3030 480 3097 super
494 3030 608 3073 omnes
629 3009 672 3072 ob
693 3012 730 3075 C.
745 3010 883 3074 Gracchi
901 3031 1013 3074 necem
1029 3008 1117 3098 plebi
1133 3007 1218 3071 invi·

146 3133 218 3191 sus,
236 3111 427 3175 elaberetur.
449 3110 565 3199 Neque
583 3106 806 3194 dubitabatur,
821 3113 901 3200 quin
918 3112 1091 3200 pecuniam
1109 3133 1129 3173 a
1143 3132 1220 3202 rege

145 3213 320 3300 Iugurtha,
342 3213 384 3277 ad
408 3236 506 3301 quern
530 3215 654 3303 legatus
673 3215 791 3298 iverat,
808 3214 993 3303 accepisset.
1016 3214 1233 3295 caeterorum·

144 3335 278 3400 quoque
298 3314 372 3378 talia
386 3312 504 3379 delicta
515 3331 622 3397 erant,
640 3330 693 3398 ut,
715 3316 742 3380 si
760 3316 885 3396 justitia
903 3315 1005 3404 magis
1024 3338 1123 3402 quarn
1139 3313 1220 3379 odio

144 3413 350 3478 commodata
373 3431 462 3480 tanta
489 3417 642 3482 severitas
667 3417 768 3500 foret,
797 3440 839 3482 ne
867 3418 930 3507 ipsi
960 3416 1094 3506 quidem
1123 3418 1216 3505 queri

143 3515 328 3598 potuerint»,
344 3517 434 3602 quod
449 3518 547 3582 honis
563 3534 596 3583 et
614 3518 743 3583 civitate
758 3520 965 3608 pellerentur.

141 3608 147 3621 ’
187 3613 256 3678 LII.
283 3616 453 3704 Opimius,
479 3636 555 3707 post
584 3636 750 3684 senectam
778 3621 813 3683 in
843 3620 1049 3684 contumeliis
1073 3619 1217 3707 odioque

143 3711 317 3777 hominum
334 3733 491 3799 exactam,
507 3719 541 3781 in
559 3719 785 3807 dyrrhachino·
794 3721 891 3785 litore
906 3722 1094 3808 sepulcrum
1110 3720 1216 3787 deser

144 3814 306 3877 tissimum
326 3833 464 3882 nactus:
486 3820 584 3895 Cato,
608 3844 713 3908 quum
731 3821 837 3885 solum
852 3822 1019 3902 vertisset,
1032 3824 1215 3889 Tanacone

143 3914 304 3996 consedit,
318 3917 453 4004 ejusque
467 3920 604 3984 civitatis
617 3922 695 3985 ciris
710 3921 847 3987 effectus
862 3938 933 4005 est,-
952 3946 1109 4012 magnum
1124 3923 1213 3987 enim

141 4017 187 4079 ibi
208 4021 370 4081 Catonum
392 4042 534 4102 nomen,
552 4021 622 4099 jam.
643 4045 662 4085 a
689 4023 829 4086 censorii
854 4024 987 4088 Catonis
1014 4023 1213 4112 hispaniensi

142 4119 297 4208 imperio,
315 4143 505 4209 magnaeque
527 4123 684 4188 clientelae
710 4140 811 4187 erant.
837 4125 951 4206 Quum
976 4141 1027 4189 tot
1050 4125 1211 4190 nobilium

175 4337 191 4401 S
202 4342 231 4386 L.
243 4340 295 4389 Cie.
307 4338 411 4388 deOrat.
420 4301 458 4399 ll,
474 4357 519 4402 70.
528 4341 684 4402 clinnum,
692 4360 715 4391 c.
724 4343 756 4391 ³³
764 4343 946 4408 uq.-sallnn.
955 4341 1177 4412 '‘S,1J·V‘ll·¹¹s
1189 4360 1211 4406 7.

141 4445 175 4455 -
191 4423 243 4472 Cic.
257 4441 304 4490 pro
322 4425 420 4484 Sextio,
437 4440 492 4491 cap.
506 4426 551 4487 ⁶7,
560 4436 586 4475 et
606 4427 634 4476 in
652 4429 739 4476 Pisou.
757 4443 814 4493 cap.
828 4430 869 4490 39.
884 4454 920 4465 —-
931 4427 1025 4476 ascen
1040 4427 1068 4474 in
1080 4427 1164 4476 Pison.
1176 4453 1211 4465 -—

140 4503 262 4558 Plutarch.
277 4508 304 4556 in
321 4511 351 4560 C.
365 4509 495 4572 Graccho,
509 4522 566 4576 cap.
581 4511 624 4559 ss.
