2594 4980
328 716 381 785 IN
414 716 525 784 LOC.
551 718 642 786 LIB.
668 719 798 789 LXIII
828 720 1044 794 LIVIANI.
1144 722 1216 810 435

152 838 320 924 miumque
341 839 471 918 Romae,
490 838 612 926 quique
632 838 734 904 habiti
754 857 899 906 oratores
919 842 1065 909 fuerint:
1084 847 1217 934 quando

150 938 246 1002 iidem
264 940 425 1027 principes
443 941 636 1027 plerumque
652 941 788 1006 civitatis
807 943 1019 1010 exstiterunt:
1038 968 1146 1034 neque
1155 949 1217 1013 mi·

150 1064 211 1103 nus
226 1039 395 1119 facundia,
414 1063 511 1128 quam
528 1042 719 1107 eorumdem
735 1059 920 1133 temporum
937 1047 1147 1135 Imperatores
1162 1070 1215 1114 ar·

149 1143 227 1222 mis,
248 1159 304 1205 aut
327 1144 540 1230 compositam
564 1145 794 1228 turbaverunt,
819 1164 876 1211 aut
896 1149 1056 1213 turbatam
1079 1171 1215 1240 compo·
1255 1209 1259 1215 .

149 1267 251 1308 suere.
269 1245 359 1308 Sicut
374 1245 461 1308 enim
479 1267 662 1322 armorum,
681 1248 728 1312 sic
745 1248 901 1313 orationis
919 1271 1036 1337 anceps
1050 1273 1130 1317 usus
1147 1266 1214 1316 ests

148 1347 204 1433 qui
219 1368 323 1433 quum
334 1347 452 1411 virtute
469 1347 597 1436 publice
608 1349 824 1437 privatimque
838 1350 1077 1432 celeberrimus,
1087 1353 1215 1440 quoties

147 1449 180 1510 in
199 1471 333 1536 pravum
352 1465 609 1538 corruptumque
625 1451 796 1540 ingenium
816 1451 947 1531 incidit,
966 1469 1089 1540 quanto
1108 1455 1216 1543 potior

147 1548 305 1638 cujusque
317 1550 449 1614 facultas
467 1567 532 1630 est,
548 1567 639 1615 tanto
652 1553 876 1618 vehementius
889 1570 985 1618 nocet
1001 1576 1008 1617 :
1021 1577 1128 1641 neque
1140 1554 1215 1620 dee·

146 1665 224 1712 runt
241 1651 324 1714 clara
337 1653 507 1739 utriusque
522 1670 658 1718 eventus
672 1655 837 1742 exempla,
850 1669 1024 1742 postquam
1036 1678 1214 1743 paucorum

146 1749 252 1814 adhuc
268 1775 430 1816 annorum
446 1771 533 1842 gesta
551 1757 674 1819 emensi
690 1756 822 1820 crimus.

189 1853 259 1916 XV.
279 1852 343 1917 Sed
361 1855 394 1917 in
418 1876 458 1917 eo
480 1870 585 1919 tractu
608 1873 811 1944 temporum,
831 1857 864 1920 in
888 1878 955 1944 quo
977 1855 1085 1921 adhuc
1105 1879 1214 1923 versa·

146 1977 237 2030 mur,
253 1956 402 2043 princeps
419 1974 550 2020 senatus
563 1956 608 2021 Μ.
619 1958 759 2020 Scaurus
773 1979 888 2047 magna
907 1958 1060 2046 gravitate
1072 1974 1143 2023 tum
1155 1957 1214 2023 de·

145 2053 314 2118 fendendis
330 2055 524 2143 quibusdam
542 2058 622 2138 reis,
636 2073 706 2120 turn
723 2060 863 2122 maxime
877 2057 1029 2122 dicendis
1047 2059 1080 2121 in
1098 2075 1215 2125 senatu

144 2157 311 2220 sententiis
325 2157 442 2221 valuit:
455 2180 550 2245 quarn
563 2157 691 2223 laudem
703 2146 852 2245 sequutis
861 2180 994 2246 quoque
1012 2159 1214 2246 temporibus

144 2256 293 2337 retinuit,
316 2280 418 2344 quum
442 2274 565 2346 partam
591 2281 649 2322 sua
670 2274 761 2322 aetate
781 2258 822 2327 ab
849 2258 1033 2347 eloquentia
1059 2259 1213 2348 gloriam,

144 2357 367 2445 magnitudine
388 2360 608 2425 recentiorum
625 2360 865 2448 proeumbrante
883 2360 1085 2450 perdidisset.
1108 2363 1213 2429 Etiam

142 2458 305 2522 familiaris
321 2460 431 2523 Scauri
448 2462 482 2525 L.
499 2460 645 2525 Fufidius
665 2461 700 2525 in
714 2462 826 2548 aliquo
842 2480 1057 2549 patronorum
1075 2484 1214 2530 numero

142 2558 220 2640 fuit,
234 2575 266 2623 et
279 2561 429 2625 inimicus
443 2561 478 2626 P.
492 2563 652 2642 Rutilius,
666 2563 724 2648 qui
738 2563 812 2650 plus
826 2564 955 2650 assequi
966 2563 1138 2648 potuisset,
1151 2566 1213 2629 nisi

142 2662 248 2725 stoicae
265 2663 428 2751 sapientiae
442 2662 608 2742 addictus,
625 2663 786 2726 lenocinia
804 2663 978 2727 verborum
995 2661 1092 2725 etiarn
1107 2664 1140 2727 in
1154 2686 1212 2752 pe·

142 2763 244 2825 riculo
256 2785 317 2824 suo
329 2762 529 2850 repudiasset
541 2786 548 2826 ε
560 2779 593 2826 et
605 2762 748 2842 ejusdem
764 2778 858 2826 sectae
872 2763 909 2826 C.
918 2761 1078 2843 Fannius,
1093 2763 1134 2845 Q.
1142 2757 1211 2827 'ru-

141 2860 238 2940 bero,
259 2861 438 2925 mediocres
454 2863 488 2924 in
506 2861 646 2925 dicendo
664 2864 806 2924 suerunt.

185 2963 272 3026 XVI.
292 2966 329 3026 C.
348 2961 536 3026 Scribonius
554 2962 676 3043 Curio,
697 2962 756 3049 qui
779 2962 869 3026 velut
886 2957 1114 3029 hereditariam
1142 2962 1210 3028 elo·

141 3064 281 3151 quentiae
292 3066 526 3152 possessionem
535 3065 568 3127 in
579 3063 680 3128 filium
691 3086 728 3128 ac
742 3080 893 3151 nepotem
905 3064 1094 3144 transmisit,
1107 3062 1210 3128 dein·

139 3183 229 3230 cestu
245 3189 306 3255 pro
321 3168 388 3230 Ser.
401 3167 515 3230 Fulvio
530 3166 631 3231 dixit:
645 3189 717 3255 quae
729 3167 833 3230 oratio
849 3164 1052 3254 temporibus
1064 3166 1125 3231 illis
1139 3189 1210 3233 om·

141 3270 231 3332 niurn
255 3270 380 3356 optima
400 3285 450 3333 est
470 3269 590 3334 habita.
607 3268 671 3334 Sed
685 3268 807 3335 borum
818 3267 953 3357 gloriam
973 3269 1010 3330 C.
1025 3265 1211 3351 Gracchus,

139 3392 334 3458 quamquam
352 3373 385 3435 in
402 3369 480 3435 llorc
496 3374 638 3452 juvente
650 3386 856 3459 peremptus,
870 3369 966 3434 vicit:
981 3368 1108 3456 plenior
1121 3369 1210 3457 prio·

140 3471 228 3535 ribus
240 3489 272 3536 et
282 3474 413 3538 uberior
423 3522 432 3554 ,
444 3496 541 3561 quern
554 3473 674 3561 passim
689 3488 726 3536 ut
740 3471 907 3561 egregium
921 3484 1083 3534 oratorem
1093 3469 1208 3537 Cicero

140 3574 306 3654 nominat,
321 3576 449 3639 romani
465 3577 588 3664 eloquii
604 3597 729 3664 parens.
748 3574 853 3637 Etiam
869 3573 904 3636 C.
916 3570 1077 3658 Sulpicius
1086 3569 1209 3654 Galba,

139 3687 170 3737 et
186 3673 220 3737 L.
236 3675 430 3762 Calpurnius
448 3678 572 3753 bestia,
594 3678 664 3766 lege
685 3675 829 3740 Mamilia
846 3672 1008 3747 damnati,
1031 3695 1099 3737 non
1123 3672 1207 3738 iudi-

140 3776 214 3838 serti
233 3775 367 3838 fuerunt
384 3800 391 3840 :
411 3778 588 3865 Bestiaeque
607 3780 640 3841 in
658 3777 829 3841 consulatu
847 3773 968 3862 collega
985 3773 1022 3836 P.
1035 3772 1160 3861 Scipio,
1174 3789 1224 3848 et¹

138 3877 204 3942 Ser.
221 3875 330 3941 Galbae
345 3877 391 3941 M.
409 3877 559 3944 Scaurus.
578 3878 642 3944 Sed
666 3895 700 3942 ct
724 3878 766 3958 Q.
780 3873 950 3939 Metellum
972 3871 1205 3953 Numidicum,

171 4052 187 4118 S
200 4054 270 4101 xlv.
279 4052 342 4100 Veli.
353 4053 391 4111 II,
404 4067 430 4114 9.
442 4079 477 4088 -
491 4053 616 4101 Plutarch.
627 4051 657 4100 dc
671 4056 739 4100 Fort.
752 4051 826 4099 Rom.
838 4076 872 4086 -
885 4051 958 4097 Auct.
973 4047 1004 4096 de
1013 4047 1084 4095 Cous.
1097 4058 1206 4113 corrupt,

136 4138 206 4201 Eloq.
215 4155 268 4202 cap.
280 4136 321 4184 36.
332 4164 367 4173 -
376 4136 428 4185 Cic.
439 4136 470 4183 de
483 4138 580 4184 Invent.
591 4138 616 4193 I,
630 4151 651 4182 1.
665 4162 698 4172 -
711 4135 728 4200 ς
741 4136 798 4182 xV.
810 4134 863 4184 Cic.
873 4133 900 4180 in
912 4133 1001 4189 Bruto,
1011 4146 1064 4194 cap.
1075 4144 1109 4192 ap
1119 4146 1172 4195 sqq.
1182 4144 1208 4183 at

137 4220 167 4269 de
180 4223 248 4270 Orat.
261 4225 287 4279 1,
300 4223 341 4269 53.
358 4249 393 4258 -
405 4226 480 4270 Auct.
493 4220 525 4269 de
536 4221 591 4268 vir.
605 4220 640 4268 ill.
655 4236 709 4284 cap.
721 4235 763 4280 7²·
773 4218 872 4266 -Vat
885 4220 953 4266 Max.
963 4217 1014 4275 v1,
1027 4222 1052 4270 6.
1060 4241 1096 4253 -
1103 4215 1121 4282 S
1133 4216 1206 4265 XVI.

137 4308 210 4354 duct.
224 4307 255 4353 de
265 4307 337 4355 Caua.
352 4315 463 4370 corrupt.
481 4306 552 4370 Eloq.
570 4321 624 4371 cap.
640 4306 679 4352 18.
700 4330 736 4341 -
748 4303 811 4352 Plin.
819 4303 884 4361 vu,
899 4303 940 4349 30.
959 4326 991 4337 -
1010 4298 1063 4349 Cic.
1076 4299 1104 4347 in
1116 4299 1207 4363 Bauio,

136 4405 189 4452 cap.
202 4391 232 4437 35
244 4403 268 4438 et
283 4392 324 4439 36.
334 4389 440 4439 -velt
452 4392 492 4448 11,
505 4405 529 4451 9.
542 4390 641 4438 -vst
653 4389 805 4446 mecvm,
818 4387 848 4434 15
861 4421 869 4447 ,
881 4401 920 4432 ra.
933 4382 1099 4433 -Plutarcln
1112 4386 1204 4447 Quart.

136 4472 205 4520 Rom.
218 4490 271 4538 cap.
284 4475 325 4521 83.

927 4546 930 4553 Ι
990 4563 1050 4630 98.
