2594 4980
157 676 226 772 370
332 680 399 744 lO.
426 677 765 746 FREINSHEMII
796 675 1039 745 SUPPLEM.

153 813 216 885 set,
231 796 412 878 videretur,
427 796 461 858 id
476 797 630 877 omnino,
646 812 758 860 contra
773 795 905 858 Petrum
923 795 1071 860 obnisam
1087 795 1230 862 dimica·

153 899 276 961 tionem
302 898 424 979 tenuit,
448 912 483 959 ut
503 921 569 959 nou
592 919 637 960 ex
661 911 789 975 senatu,
809 894 1029 984 sicutfitctum
1050 900 1228 986 autr'qut'tus

139 998 272 1087 fecerat,
288 1001 344 1062 sed
354 1024 397 1062 ex
409 1000 482 1061 solis
498 1001 630 1062 decuriis
644 1001 782 1088 equitum
797 999 1008 1088 sortejudiees
1024 999 1224 1066 ducerentur.

197 1102 327 1165 LXVII.
346 1103 536 1164 Orationem
555 1101 676 1164 tribuni
692 1100 825 1188 reliquis
842 1101 938 1164 etiam
955 1101 1052 1165 rebus
1067 1103 1223 1168 omnibus

150 1205 339 1291 popularem
357 1203 450 1266 allata
466 1218 707 1289 postremorum
724 1202 849 1290 aliquot
860 1202 1057 1281 judiciorum
1075 1208 1223 1293 exempla

145 1307 319 1386 juverunt,
337 1327 438 1391 quum
454 1304 587 1367 dedecus
602 1326 641 1366 ac
649 1303 829 1391 periculum
843 1307 976 1368 statutis
991 1304 1150 1370 invidiose
1165 1306 1222 1372 de·

149 1406 305 1493 ploraret,
324 1409 356 1468 in
371 1428 435 1494 qua
452 1428 541 1466 nemo
556 1421 625 1468 tam
639 1419 854 1484 assertiones,
869 1409 945 1493 quin
956 1406 1220 1494 absolvipecum‘a

147 1509 227 1572 duta
238 1521 344 1596 posset
357 1532 367 1569 .·
387 1511 430 1570 sic
446 1512 527 1569 enim
545 1505 711 1570 Aurelium
730 1505 856 1571 Cottam
875 1529 914 1569 ac
929 1505 1143 1572 Salinatorem
1158 1532 1219 1574 rsu-

140 1634 217 1699 per,
240 1613 284 1671 sic
308 1610 400 1672 modo
421 1611 513 1673 Mau.
534 1607 712 1695 Aquillium
734 1608 915 1670 uindictam
938 1606 1040 1694 legum
1057 1605 1219 1696 effugisse.

146 1710 395 1776 Accendebatur
414 1711 554 1796 populus
576 1731 611 1771 re
630 1724 707 1771 nota
724 1730 761 1771 ac
779 1708 917 1789 recenti,
937 1730 1040 1793 quum
1060 1708 1168 1774 adhuc
1184 1710 1217 1774 iu

146 1813 235 1876 Urbe
250 1812 345 1899 legati
363 1811 527 1872 sociorum
545 1824 669 1890 essent,
686 1808 728 1871 de
741 1808 807 1871 suis
823 1808 949 1887 injuriis
965 1824 998 1872 et
1013 1809 1218 1876 absolutione

145 1937 277 1978 reorum
295 1913 397 1974 multa
412 1912 530 1998 passim
548 1909 751 1996 quiritantes.
770 1910 831 1972 Hie
848 1910 985 1973 maxime
1002 1910 1111 1997 pudor
1126 1914 1217 1977 cohi·

145 2015 216 2076 buit
233 2031 400 2093 senatum,
419 2035 460 2074 ne
474 2011 515 2073 ad
530 2027 711 2074 extremum
725 2010 938 2074 obniteretur.

188 2115 336 2177 LXVIII.
362 2113 486 2175 Perlata
507 2112 576 2199 lege
598 2111 763 2176 Gracchus
786 2112 964 2192 exsultans,
985 2135 1069 2176 nuuc
1087 2137 1165 2178 vero
1185 2139 1216 2180 se

144 2217 390 2279 dominationem
413 2225 538 2276 senatus
564 2235 585 2274 a
611 2211 745 2275 culmme
767 2212 917 2275 subruisse
937 2213 1078 2293 jactavit.
1107 2216 1216 2303 Atque

145 2319 213 2380 haec
231 2318 316 2380 actio
334 2339 436 2403 quum
462 2314 503 2377 ad
527 2314 756 2377 contumeliam
778 2314 910 2376 Petrum
932 2330 1001 2379 tota
1019 2316 1213 2402 pertineret,

143 2419 268 2483 addidit
285 2420 313 2480 ei
333 2441 465 2504 quoque
484 2439 523 2479 ex
539 2439 574 2479 re
594 2438 661 2478 non
683 2416 727 2478 ita
744 2438 861 2504 magna
876 2439 1031 2505 magnum
1048 2440 1125 2482 sane
1140 2441 1213 2484 mo-

144 2538 301 2583 mentum.
325 2522 407 2583 Nam
423 2518 464 2581 ad
479 2541 516 2580 ea
530 2540 633 2604 usque
650 2534 813 2605 tempora,
834 2519 890 2606 qui
907 2541 983 2583 curu
998 2522 1122 2607 populo
1138 2544 1213 2612 age·

143 2623 236 2703 bant,
253 2622 293 2684 ad
313 2621 481 2683 comitium
503 2620 690 2706 curiamque
709 2621 866 2707 respicere
883 2637 975 2684 erant
990 2621 1097 2686 soliti:
1116 2625 1212 2699 Caius

142 2725 182 2788 ad
209 2727 316 2786 lorum
344 2723 485 2786 obvertit
508 2743 596 2802 sese,
621 2739 798 2808 posteaque
825 2745 950 2786 morem
972 2723 1065 2786 illum
1087 2725 1211 2807 tenuit,

141 2826 230 2914 quod
251 2825 356 2887 verbis
381 2847 448 2888 nou
471 2823 611 2886 audebat
631 2823 755 2903 dicere,
775 2825 859 2886 lacto
880 2823 1079 2912 significans,
1098 2824 1133 2886 in
1154 2825 1210 2906 iis,

140 2950 212 3014 quae
236 2926 278 2989 ad
303 2927 536 3012 rempublicam
560 2925 778 3012 pertinerent,
803 2924 930 3013 plebem
953 2926 1082 3012 potius,
1111 2948 1209 3013 quam

139 3044 287 3090 senatum
312 3027 528 3104 intuendum,
553 3042 649 3112 atque
668 3027 770 3106 illius,
788 3049 886 3113 quam
904 3027 1001 3106 hujus
1026 3025 1068 3090 ad
1089 3029 1209 3092 volun·

140 3147 235 3192 tatem
254 3127 520 3214 componendum
540 3149 724 3190 sermonem
743 3151 825 3191 esse.

183 3230 300 3292 LXIX.
319 3231 386 3290 Hac
397 3229 564 3305 judiciaria
581 3228 651 3316 lege
668 3229 761 3291 Caius
782 3231 921 3293 multum
940 3246 973 3293 et
988 3230 1114 3293 senatui
1130 3228 1207 3295 ade·

137 3332 196 3394 mit
221 3330 368 3405 roboris,
397 3344 426 3389 ct
454 3329 513 3388 sibi
537 3328 676 3410 adjecit3
700 3333 896 3417 praesertim,
919 3331 994 3417 quia
1013 3332 1153 3420 populus
1176 3335 1206 3396 ei

137 3431 283 3494 decurias
311 3429 502 3490 instituendi
526 3429 797 3518 describendique
824 3435 859 3495 in
884 3456 936 3496 eas
961 3433 1002 3497 ad
1030 3456 1206 3497 numerum

136 3532 260 3619 equites
279 3547 467 3617 potestatem
490 3532 686 3619 permiserat.
705 3534 768 3597 Sed
790 3536 856 3621 ipse
874 3534 1007 3621 quidem
1025 3534 1113 3598 haud
1130 3534 1205 3600 diu·

136 3650 271 3696 turnum
296 3634 436 3695 victoriae
461 3658 525 3696 suae
551 3634 693 3697 fructum
719 3636 884 3723 percipere
912 3636 1049 3722 potuit:
1077 3638 1203 3700 senatui

135 3753 294 3823 quantum
316 3736 475 3798 inflictum
499 3738 617 3799 vulnus
641 3753 740 3819 esset,
764 3739 873 3825 paucis
897 3737 1015 3801 deinde
1033 3737 1125 3800 annis
1144 3760 1203 3825 ap·

135 3839 261 3927 paruit,
280 3863 380 3925 quum
402 3840 526 3925 equites
543 3841 686 3919 rourum,
709 3840 828 3927 quibus
849 3839 989 3902 subnisis
1003 3837 1202 3917 judiciorum

133 3957 305 4029 potestate,
325 3963 437 4002 vexare
453 3941 630 4026 quemlibet
643 3966 682 4005 ex
696 3942 896 4028 principibus
915 3942 1102 4004 facillimum
1117 3957 1202 4024 erat,

134 4045 301 4106 occasione
324 4042 511 4121 abutentes,
537 4042 735 4129 quandoque
757 4059 958 4106 accusatores
983 4043 1203 4108 subornarent

166 4269 284 4335 §th't
298 4273 350 4317 Lir.
367 4272 431 4334 Epis.
450 4298 484 4305 ·-
506 4270 568 4316 Plin.
584 4272 713 4329 XXXIII,
732 4289 757 4319 a.
781 4298 816 4309 -
837 4271 960 4319 Plutarch.
981 4272 1007 4318 in
1024 4271 1052 4319 C.
1069 4270 1200 4329 Grseebo,

132 4371 185 4416 cap.
199 4370 221 4412 7.
241 4383 275 4388 -
289 4354 375 4400 Ruald.
388 4356 412 4398 in
427 4353 491 4399 Plut.
508 4353 677 4402 animadvers.
693 4357 734 4402 26.
749 4382 782 4391 -·
793 4358 885 4405 aaron
902 4355 928 4402 in
942 4355 1025 4401 Divis.
1040 4381 1075 4390 -
1087 4356 1198 4420 Appien.

132 4437 184 4481 slis.
195 4437 238 4482 lib.
251 4439 270 4482 l.
286 4464 318 4471 -
333 4437 348 4497 b
363 4438 476 4482 LXVIII.
492 4437 611 4483 Plutarch.
