2594 4980
93 735 555 760 mmmmm

205 958 509 1048 JOANNIS
546 957 1024 1052 FREINSHEMII

136 1225 1083 1367 SUPPLEMENTORUM

272 1635 275 1640 ,
314 1509 936 1665 mvrluoauiu

465 1770 647 1851 LIBER
679 1774 764 1855 XX

287 1982 334 2038 IN
359 1980 516 2039 Locum
540 1976 663 2040 LIBRI
687 1984 738 2039 LV
761 1984 948 2042 LIVIANI.

419 2228 810 2263 “oo-...-

493 2439 737 2507 EPITOME

231 2615 366 2671 maur
397 2615 792 2686 Qumousoasrur
822 2615 1004 2685 Quium.

101 2756 127 2819 p·
139 2771 250 2828 Cornelio
267 2774 380 2836 Nasica,
399 2774 442 2826 cui
459 2792 608 2845 cognomen
624 2773 761 2844 Serapioni
775 2773 825 2825 luit
842 2773 876 2825 ab
890 2771 1014 2826 irridente
1030 2774 1148 2829 Curiatio

130 2857 223 2911 minuo
242 2857 328 2929 plebis
350 2857 519 2929 impositum,
540 2855 718 2909 centonio
737 2855 819 2908 Bruto
841 2857 995 2909 oonsulibus
1016 2855 1148 2911 delectum

130 2939 293 3006 labentibus,
314 2942 342 2994 in
366 2953 509 3012 conspectu
536 2941 653 2993 tironsuu
682 2958 724 2992 res
750 2940 917 2994 saluberrimi
942 2940 1054 3011 exempli
1080 2941 1150 2995 facta

129 3035 180 3078 ast:
203 3044 267 3079 nsm
290 3025 324 3077 C.
344 3024 478 3077 Matienus
497 3035 635 3076 aecusatus
656 3035 696 3077 est
717 3023 790 3096 spud
812 3024 933 3091 tribunos¹
956 3023 1057 3098 plebis,
1077 3023 1151 3097 qnod

129 3111 260 3165 nucitum
271 3110 300 3162 in
313 3108 442 3181 Hispania
455 3106 612 3161 deseruisset
625 3126 633 3172 ;
647 3106 842 3181 damnatusque
855 3108 906 3161 sub
920 3109 996 3163 furca
1008 3108 1055 3162 diu
1069 3108 1150 3181 virgis

130 3207 198 3248 tusus
208 3207 265 3259 est,
279 3205 305 3247 et
322 3193 440 3246 sestertio
456 3211 567 3244 nummo
580 3192 671 3246 veniit.
683 3192 796 3246 Tribuni
807 3192 907 3264 plebis,
922 3193 984 3265 quia
997 3212 1052 3245 non
1065 3192 1149 3264 irnpe-

128 3285 235 3342 urrant,
255 3291 285 3331 ut
298 3276 347 3330 sibi
363 3276 461 3340 denos,
477 3295 544 3348 quos
557 3276 665 3340 vellent,
678 3277 773 3331 milites
785 3278 898 3332 eximere
909 3277 1016 3342 liceret,
1027 3277 1149 3331 oonsules

126 3357 146 3413 t'u
159 3380 293 3418 osroerenr
311 3361 372 3415 duci
383 3363 529 3434 jusserunt.
541 3362 637 3416 iunius
647 3363 742 3416 Brutus
752 3363 846 3416 oousnl
859 3363 887 3415 in
900 3362 1028 3434 Hispania
1040 3360 1087 3424 iis,
1104 3362 1150 3433 qni

123 3450 164 3503 ’tl
180 3448 311 3503 Viristbo
329 3448 525 3511 militaverant,
544 3466 624 3519 agras
642 3460 669 3501 et
686 3447 814 3520 oppidum
831 3446 923 3512 dedit,
939 3445 1013 3520 qnod
1027 3446 1151 3500 Valentis

120 3543 241 3590 vocatam
258 3546 308 3587 est.
328 3534 368 3587 u.
387 3532 514 3604 Popillius
530 3552 546 3585 a
559 3533 744 3598 Numantinis,
758 3551 819 3587 cum
833 3531 929 3603 quihus
944 3549 1038 3604 pacem
1051 3531 1150 3583 laetam

115 3627 221 3674 ⁸aestus
239 3618 340 3672 irritans
358 3616 418 3670 lieri
435 3630 590 3682 censuerat,
611 3637 671 3675 cum
693 3617 808 3670 exercitu
828 3618 903 3671 lusus
924 3616 1082 3693 fugatusque
1100 3625 1149 3667 est.

114 3697 143 3758 c.
154 3704 272 3758 Hostilio
283 3703 409 3757 Mancino
421 3701 530 3756 consule
540 3701 720 3763 sacrificante,
732 3700 799 3773 pulli
818 3720 850 3752 ex
865 3718 944 3752 cavea
958 3698 1148 3753 evolaverunt:

109 3786 303 3842 mumdensi
315 3786 411 3840 deinde
421 3787 447 3837 in
458 3786 561 3849 navim,
575 3786 640 3838 utin
650 3786 803 3858 Hispaniam
817 3782 1039 3855 proficisceretur,
1054 3780 1152 3834 accidit

104 3877 175 3936 Vox,
188 3878 276 3935 nane,
289 3875 416 3923 Manciae:
427 3889 486 3942 quis
500 3870 617 3940 suspitia
630 3870 714 3923 tristia
727 3869 820 3930 fuisse,
835 3879 933 3921 eventu
943 3869 1085 3938 probatum
1099 3877 1148 3918 est.

108 3947 213 4011 Victus
228 3957 301 4010 eninr
319 3974 336 4008 s
354 3955 539 4016 Numantinis,
552 3966 579 4007 et
595 3954 689 4006 eastris
705 3964 814 4016 exutus,
830 3970 914 4022 quum
930 3969 989 4023 spes
1010 3946 1083 4001 nulls
1101 3964 1155 3999 sen-

103 4039 199 4095 vendi
209 4038 342 4092 asrdtus
352 4049 437 4101 esset,
451 4057 543 4109 pacem
555 4055 617 4090 curn
629 4037 666 4089 eis
677 4035 739 4089 feoit
752 4036 1056 4107 ignominiosam,quanr
1067 4042 1153 4083 ratam

101 4134 173 4177 ἕω
186 4133 295 4175 senatus
310 4122 404 4174 vetuit.
414 4121 534 4194 Triginta
549 4120 632 4173 millia
642 4121 820 4173 Romanorum
832 4138 847 4172 a
861 4117 1083 4172 Numantinorum
1095 4111 1153 4165 mil·

102 4195 188 4258 libus
199 4217 316 4278 quatuor
327 4204 395 4256 victa
406 4215 491 4256 erant.
507 4204 539 4255 D.
552 4203 646 4256 lunius
660 4203 841 4265 Lusitaniam,
862 4201 968 4272 triginta
984 4198 1091 4251 urbium
1108 4214 1153 4248 ex·

100 4288 342 4362 pugnationibus,
356 4286 486 4358 usquead
500 4305 626 4340 occasum
644 4299 670 4338 et
680 4289 818 4339 Oceanum
831 4283 999 4355 perdomuit:
1015 4293 1056 4344 et,
1070 4298 1154 4352 quum

107 4373 231 4426 flavium
242 4370 410 4423 Oblivionem
421 4371 533 4423 transire
543 4370 647 4424 nollent
659 4371 770 4433 mih'tes,
783 4379 903 4438 ereptum
913 4365 1038 4438 signifero
1048 4364 1154 4501 sigum

121 4461 182 4532 ipss
191 4455 340 4518 mouit,
350 4467 376 4507 et
385 4455 436 4518 sic,
446 4467 477 4509 ut
485 4454 745 4526 transgrederentur,
758 4451 896 4529 persuasit.
904 4448 1054 4506 ‘Alexandri
1098 4447 1153 4509 ἰν,
