2640 5046
117 814 1178 844 fflfflmmtmmmmfflfflmmmfflfflmfflm

252 1025 544 1153 JOANNIS·
575 1024 1044 1116 incrusurum

170 1283 1138 1427 SUPPLEMENTORUM

339 1587 962 1769 murinorum

496 1869 676 1949 LIBER
708 1869 813 1948 XIV

293 2099 339 2157 IN
363 2099 517 2157 LOCUM
541 2099 665 2155 LIBRI
689 2098 802 2154 XLIX
826 2098 1012 2158 LIVIANI.

458 2301 846 2336 ...ῥοῦ-...-

532 2477 774 2546 ΕΡῙΤΟΜΕ

317 2652 447 2710 LIBRI
474 2649 849 2722 QUADRAGESIIIII
875 2650 1001 2710 NONI.

121 2831 205 2884 Tertii
218 2830 308 2901 punici
319 2830 381 2882 belli
393 2827 497 2880 initium
509 2828 592 2879 altero
603 2839 628 2878 et
641 2827 828 2880 sexcentesimo
843 2847 915 2882 anno
929 2831 963 2881 ab
976 2829 1049 2882 Urbe
1062 2830 1186 2893 condita,

159 2914 230 2966 intra
252 2914 374 2984 quintum
399 2929 516 2973 annum,
538 2928 619 2982 quam
643 2921 699 2962 erat
723 2922 854 2982 eoeptum,
878 2925 1086 2965 consummatur.
1114 2914 1189 2965 Inter

159 2997 197 3049 Μ.
212 2997 336 3050 Porcium
354 2996 482 3049 Catonem
500 3005 525 3046 et
543 2993 693 3065 Scipionem
712 2994 852 3057 Nasicam,
870 3012 985 3066 quorum
1003 2995 1068 3046 alter
1086 2995 1189 3066 sapien·

159 3079 274 3132 tissimus
290 3079 329 3132 sir
347 3079 373 3131 in
391 3077 496 3131 civitate
512 3077 676 3140 habebatur,
692 3076 758 3131 alter
777 3077 855 3131 etiam
873 3079 913 3130 vir
932 3079 1046 3150 optimus
1063 3098 1079 3132 a
1099 3090 1190 3132 senatu

156 3162 291 3235 judicatus
302 3174 375 3226 erat,
390 3161 500 3214 diversis
519 3173 647 3215 certatum
664 3163 798 3216 sententiis
816 3173 869 3226 est;
884 3167 982 3216 Catone
996 3162 1122 3217 suadente
1134 3163 1189 3216 bel-

158 3247 231 3312 lum,
242 3259 267 3300 et
281 3259 310 3300 ut
323 3247 461 3300 tolleretur
473 3244 659 3318 delereturque
669 3246 818 3319 Carthago;
833 3248 929 3300 Nasica
941 3246 1119 3301 dissuadente,
1130 3246 1189 3299 Pla·

158 3332 212 3384 cuit
225 3343 327 3395 tamen,
338 3330 412 3404 quod
425 3341 516 3383 contra
528 3329 613 3383 fedus
627 3349 705 3383 naves
716 3330 860 3394 haberent,
874 3329 947 3403 quod
962 3331 1106 3384 exercitum
1117 3340 1189 3383 extra

159 3413 225 3468 lines
243 3414 379 3468 duxissent
388 3452 396 3477 ,
410 3414 483 3486 quod
502 3413 573 3468 socio
586 3414 676 3485 populi
691 3415 794 3467 romani
812 3425 838 3467 et
855 3415 941 3467 amico
958 3415 1102 3468 Masinissa
1115 3432 1189 3467 arma

160 3496 323 3561 intulissent,
342 3496 414 3570 quod
437 3497 521 3550 lilium
544 3499 601 3570 ejus
623 3498 785 3565 Gulussam,
804 3498 852 3570 qui
875 3517 937 3551 cum
957 3499 1049 3570 legatis
1072 3498 1190 3552 romanis

160 3592 233 3645 erat,
246 3582 274 3634 in
287 3580 414 3654 oppidum
432 3600 486 3634 non
499 3583 674 3654 recepissent,
697 3581 796 3634 bellum
811 3582 842 3634 iis
854 3581 945 3634 indici.
958 3582 1116 3654 Priusquam
1129 3581 1190 3634 ulle

162 3663 245 3735 copiae
262 3663 289 3716 in
305 3683 386 3718 naves
406 3664 622 3736 imponerentur,
641 3666 772 3719 uticenses
784 3665 864 3736 legati
877 3668 987 3718 Romam
1001 3676 1145 3728 venerunt,
1162 3684 1189 3717 se

163 3763 262 3815 suaque
283 3747 371 3798 omnia
391 3747 527 3801 dedentes.
547 3749 586 3802 Ea
610 3749 723 3820 legatio,
742 3748 823 3802 veluti
840 3769 937 3811 omen,
955 3760 1029 3820 grata
1049 3749 1187 3813 Patribus,

161 3828 257 3882 acerba
272 3828 537 3900 Carthaginiensibus,
547 3832 607 3884 luit.
623 3833 675 3885 Diti
688 3834 756 3905 patri
773 3833 829 3886 ludi
847 3833 881 3887 ad
895 3834 1038 3911 Tarentum
1046 3836 1069 3897 ',
1083 3853 1114 3887 ex
1127 3851 1191 3905 pras·

162 3924 239 3984 cepto
251 3912 378 3965 librorum
393 3915 595 3986 sibyllinorum,
614 3917 676 3970 lacti
692 3935 699 3970 :
714 3917 759 3988 qui
778 3937 850 3971 anno
870 3917 1030 3983 centesimo,
1042 3918 1128 3989 primo
1140 3936 1190 3988 pu·

162 3997 223 4051 nico
235 3996 323 4059 bello,
336 3997 546 4069 quingentesimo
556 4013 582 4053 et
595 4001 678 4053 altero
690 4020 761 4055 anuo
771 4001 805 4054 ab
816 4002 888 4054 Urbe
897 4000 1018 4064 condita,
1031 4001 1093 4054 lacti
1104 4011 1188 4053 erant.

160 4080 252 4152 Legati
266 4080 372 4153 triginta
384 4083 493 4136 Romam
505 4096 650 4147 senerunt,
664 4103 713 4156 per
728 4104 795 4156 quos
815 4103 843 4137 se
861 4085 1094 4156 Carthaginienses
1107 4081 1188 4136 dede·

162 4164 235 4217 baut.
252 4164 360 4218 Catonis
374 4167 506 4219 sententia
519 4167 646 4239 pervicit,
662 4168 730 4221 utin
744 4168 850 4223 decreto
862 4181 1034 4240 perstaretur,
1049 4179 1075 4222 et
1088 4179 1117 4219 ut
1128 4186 1191 4220 con·

164 4248 232 4301 sules
249 4269 331 4321 quam
348 4250 463 4322 primum
482 4249 516 4304 ad
534 4250 635 4303 bellum
648 4253 887 4325 proficiscerentur.
902 4253 955 4318 Qui
971 4252 1017 4304 ubi
1032 4251 1060 4303 in
1074 4250 1189 4303 Africam

164 4332 343 4399 transierunt,
359 4334 472 4406 acceptis
482 4375 490 4402 ,
502 4354 570 4406 quos
583 4336 797 4408 imperaverant,
810 4338 931 4392 trecentis
948 4335 1101 4399 obsidibus,
1113 4348 1139 4388 et
1152 4355 1193 4388 ar·

192 4533 204 4559 *
219 4532 280 4588 otin
292 4534 325 4579 ed
336 4536 469 4582 Tarestam:
481 4535 584 4583 correxit
595 4534 675 4599 Sigon.
687 4552 717 4585 ea
728 4512 796 4585 Festo
808 4547 831 4584 et
840 4537 892 4583 Val.
904 4538 967 4584 Max.
981 4536 1017 4591 ll,
1028 4544 1050 4593 a.
