2594 4980
126 681 193 754 136
296 682 1004 753 Joraalrtsuuntllsupptatr.
1086 726 1093 742 .

118 804 256 894 imperio
266 828 342 884 suo,
359 819 518 892 quantum
534 803 720 866 calamitatis
729 804 882 867 allaturus
895 803 1132 892 Carthaginiesae

119 906 201 970 Nam
215 907 384 996 appulsum
401 905 470 984 ejus
486 905 648 992 extemplo
663 904 879 969 memorabilis
893 928 984 969 maus
999 905 1132 971 illustravi

117 1030 185 1071 non
205 1008 310 1071 minus
325 1008 357 1071 in
375 1007 543 1096 praesentia
558 1006 717 1087 utilitatis,
733 1029 830 1094 quam
846 1005 888 1070 ad
898 1029 1057 1071 summam
1068 1028 1132 1071 reru

119 1111 236 1174 ominis
251 1111 407 1198 praebens.
421 1111 499 1174 Sero
516 1108 580 1171 diei
598 1109 776 1173 uticensem
792 1125 925 1197 portum
941 1109 1132 1198 attigemtcla

119 1212 179 1293 sis,
198 1226 230 1275 et
255 1210 387 1276 vixdum
411 1210 562 1299 expositas
583 1209 684 1297 copiae
707 1224 817 1288 erant,
840 1230 943 1296 quurn
961 1208 1023 1273 sub
1043 1206 1132 1274 merliu

118 1328 247 1377 noctem
272 1337 291 1376 a
314 1313 466 1378 Mancino
493 1312 592 1374 literae
614 1333 748 1390 venere,
764 1308 901 1374 celerem
925 1331 1019 1398 opem
1045 1304 1132 1373 maxia

117 1437 192 1490 cum
209 1414 424 1477 obtestatione
437 1411 623 1500 flagitantes.
641 1412 716 1476 Non
730 1412 783 1475 ille
799 1408 932 1498 quidem
944 1409 984 1474 ad
997 1410 1132 1498 Scipione

118 1515 305 1601 scripserat,
332 1536 429 1602 quem
451 1511 561 1577 adesse
585 1512 762 1592 nesciebat;
786 1510 843 1576 secl
865 1511 976 1575 Pisoni
995 1532 1132 1600 proconn

119 1615 392 1704 Uticerrsibusque
413 1613 630 1704 significabat,
653 1638 685 1678 se
709 1616 743 1676 in
761 1626 855 1700 capta
868 1627 960 1700 parte
983 1609 1132 1699 Carthagi

117 1716 266 1796 obsideri,
292 1732 377 1781 certo
403 1739 473 1781 cum
500 1719 613 1794 exitio,
640 1717 701 1779 nisi
720 1729 794 1780 ante
819 1713 918 1778 lucem
944 1726 1132 1779 memoret

117 1817 287 1881 Mancinus
302 1819 405 1900 enim,
417 1816 639 1884 animadverso
654 1817 769 1881 urbem
781 1816 985 1904 amplissimis
999 1811 1132 1904 spatiistl

117 1916 223 1985 fusam
246 1917 306 2005 (ad
330 1918 390 1981 tria
408 1935 441 1982 et
462 1917 574 2006 viginti
596 1918 693 1982 millia
715 1939 869 2006 passuum
893 1916 1087 2006 occupabat)
1108 1936 1132 1978 m

118 2017 229 2082 eadem
249 2018 465 2083 sollicitudine
483 2019 572 2083 omni
587 2042 626 2083 ex
641 2035 731 2109 parte
747 2017 904 2086 custodiri
921 2042 1034 2108 posse,
1052 2017 1092 2082 ad
1106 2016 1132 2081 ll

116 2143 192 2208 gara
208 2120 314 2209 (regio
331 2122 532 2210 Carthaginis
552 2121 612 2185 ista
630 2121 709 2209 fuit)
723 2121 831 2185 subito
850 2121 1014 2185 admoveri
1031 2119 1132 2208 deprot

56 2250 70 2266 ·
117 2237 187 2307 pras
203 2245 242 2286 ex
259 2222 394 2289 navibus
410 2224 508 2287 scalas
519 2223 624 2302 jussit.

160 2324 203 2387 11.
227 2324 422 2410 Quanquam
444 2324 531 2387 enim
555 2324 711 2387 remotior
733 2345 752 2386 a
778 2338 891 2387 eaetera
917 2323 1000 2386 urbe
1023 2343 1095 2411 pars
1115 2319 1132 2383 is

118 2440 203 2502 erat,
221 2442 343 2503 tamen,
365 2425 442 2512 quia
462 2425 526 2488 situ
543 2425 666 2489 circum
684 2446 797 2512 aspero
814 2441 847 2488 et
862 2425 952 2488 aditu
968 2423 1089 2489 difficili
1103 2444 1132 2487 aa

115 2526 276 2589 munitam
293 2526 468 2613 putabant,
486 2548 554 2590 non
580 2548 699 2615 magno
716 2525 864 2613 praesidio
887 2526 1066 2591 tenebatur.
1085 2525 1132 2589 Set

118 2626 255 2690 admotis
264 2628 358 2714 pauci
368 2625 476 2690 adhuc
485 2648 617 2689 murum
631 2625 896 2709 conscenderant,
903 2648 1006 2713 quum
1016 2624 1132 2712 carchar

117 2727 244 2789 aienses
266 2742 411 2812 portam,
436 2748 508 2813 quae
530 2726 676 2814 proxima
698 2743 781 2808 erat,
806 2727 976 2815 aperiunt,
1000 2746 1132 2817 magnoq

117 2851 191 2892 cum
209 2828 348 2892 clamore
363 2826 403 2892 ad
421 2826 617 2907 dejiciendos
630 2827 702 2891 loco
719 2828 827 2891 hostes
842 2829 1004 2893 feruntur.
1018 2829 1132 2893 Resistt

116 2928 203 2992 tibus
219 2930 355 3011 fortiter,
371 2946 460 3018 terga
475 2944 607 2992 vertunt
625 2928 730 3009 Poeni,
749 2927 1010 3017 refugientesque
1024 2952 1083 3018 per
1097 2950 1132 2994 eu

117 3027 190 3092 dem
207 3045 334 3117 portam
348 3029 530 3115 insequuti,
545 3029 603 3116 qui
617 3028 826 3116 pepulerant,
843 3028 957 3094 eodem
972 3031 1096 3119 impetu
1110 3052 1132 3119 p

115 3152 241 3217 rupere.
260 3131 379 3193 Alacris
402 3128 534 3210 exinde,
553 3145 706 3217 tanquam
723 3131 757 3193 in
777 3147 862 3195 certa
878 3132 1028 3216 victoria,
1050 3133 1132 3198 clam

115 3230 223 3318 plures
245 3254 284 3294 ex
302 3229 469 3294 navalibus
483 3229 577 3294 sociis
592 3232 671 3318 (nec
687 3232 774 3315 enim
796 3234 911 3321 procul
929 3233 1037 3299 classis
1053 3235 1132 3299 aben

115 3331 251 3397 excivit:
269 3330 356 3395 etad
372 3329 538 3396 ferendam
560 3334 626 3397 suis
644 3355 757 3421 opem,
775 3335 870 3422 pauci
885 3337 1019 3418 armati,
1037 3336 1132 3426 pleriq

114 3456 179 3521 prae
198 3433 306 3496 studio
329 3449 362 3496 et
384 3433 589 3498 festinatione
610 3436 794 3500 semiermes
811 3454 1031 3502 accurrerunt.
1050 3439 1122 3503 Erat

117 3535 180 3597 hoc
196 3535 323 3624 agmine
340 3534 407 3599 dux
428 3535 513 3622 ipse,
531 3558 597 3599 non
619 3553 657 3600 ut
675 3554 782 3605 rector
796 3553 1003 3620 caeterorum,
1016 3537 1073 3603 sed
1092 3536 1132 3602 vd

114 3657 201 3698 unus
226 3656 244 3698 e
266 3635 379 3719 turba3
406 3635 550 3701 laetarum
573 3661 683 3703 rerum
705 3639 847 3730 imagine
874 3655 1003 3728 captus,
1031 3639 1132 3706 advers

116 3734 281 3824 ambiguas
296 3737 465 3824 providere
481 3738 672 3829 neglexerat.
688 3740 792 3808 Tarde
806 3743 915 3831 agnito
931 3744 1132 3832 periculo,qt

116 3858 223 3924 neque
252 3839 391 3926 relinqui
417 3840 509 3905 locus
531 3857 623 3923 tuto,
648 3866 755 3930 neque
777 3843 909 3908 delendi
935 3845 1005 3910 sine
1027 3844 1117 3910 armis

115 3956 298 4004 commeatu
310 3958 451 4029 poterat,
470 3965 489 4006 a
504 3943 622 4008 Pisone
634 3945 768 4026 milites,
785 3945 826 4010 ab
844 3946 1051 4010 Uticensibus
1063 3944 1132 4010 cibat

115 4042 215 4128 petiit.

160 4144 217 4206 111.
237 4145 280 4207 At
299 4144 416 4207 frustra
429 4143 469 4208 ad
483 4145 635 4210 Pisonem
647 4161 842 4233 respexerat,
861 4146 916 4233 qui
934 4145 1050 4232 procul
1063 4145 1096 4209 in
1109 4158 1132 4204 ra

116 4241 294 4306 diterranea
306 4242 375 4309 lo'ea
388 4244 565 4311 abduxerat
576 4247 683 4336 copias
695 4271 702 4311 :
716 4270 823 4335 neque
835 4248 1042 4312 Uticensibus
1053 4244 1132 4312 anim

151 4428 166 4490 ‚r
180 4434 198 4478 1.
213 4433 298 4482 asma.
313 4463 347 4473 -
361 4437 468 4501 appas.
478 4438 575 4486 -nv,
587 4437 655 4500 apa.
670 4465 704 4476 -
717 4422 831 4487 metas
845 4438 937 4502 congr.
948 4454 999 4488 aa.
1012 4439 1035 4497 r,
1050 4440 1091 4507 η.
