2594 4980
324 680 380 749 IN
409 681 518 748 LOC.
545 682 636 749 LIB.
664 681 735 749 LII
763 683 977 752 LIVIANl.
1114 688 1175 758 181

108 797 296 861 clarissimo
313 797 384 860 viro
401 799 566 863 constituti
581 800 724 881 fuciunt,
741 822 845 888 quum
861 803 1084 889 abolerentur,
1102 831 1181 896 pro·

109 921 208 986 spem
226 916 384 962 successu
400 899 464 988 egit
482 922 490 963 ι
510 916 542 965 et
558 915 679 964 statuas
694 901 818 984 Achaei,
835 903 922 967 unde
939 907 1026 994 genti
1042 929 1181 992 nomen,

111 1001 273 1088 datique
289 1015 322 1064 et
342 1001 605 1090 Philopoemenis,
628 1025 700 1092 quse
714 1005 780 1083 jam
802 1004 837 1066 in
854 1006 1067 1071 Acarnaniam
1090 1026 1182 1075 erant

113 1103 296 1183 translate,
312 1103 472 1184 obtinuit,
488 1124 557 1168 rem
576 1104 777 1169 multitudini
795 1107 1026 1194 gratissimam
1046 1110 1133 1174 unde
1151 1128 1183 1175 et

114 1204 175 1291 ipsi
189 1219 334 1268 statuant
345 1221 383 1268 cx
395 1224 555 1271 marmore
567 1206 706 1270 candido
721 1228 796 1270 mox
811 1228 962 1295 posuere,
976 1231 1051 1274 eum
1065 1208 1183 1300 insigni

116 1303 214 1367 titolo
229 1321 351 1393 :nsque
366 1303 669 1394 offinsuromfuisse
680 1307 855 1387 Groeczom,
873 1313 902 1373 si
918 1310 1043 1396 Polybo
1052 1312 1186 1377 consiliis

111 1402 291 1493 paruissem
308 1420 419 1496 etpost
430 1406 588 1495 tfffensam
605 1409 695 1474 illum
711 1430 808 1474 tentem
823 1409 956 1499 afflicto
971 1412 1111 1476 levamen
1127 1435 1186 1477 ct·-

118 1509 237 1571 stt'tt'sss.
250 1507 358 1588 Idem,
370 1528 474 1596 quum
486 1512 635 1597 quaestmi
650 1513 735 1577 bona
750 1513 830 1578 Diei
844 1513 1046 1601 aliorumque
1055 1514 1187 1579 damno·

120 1624 230 1672 torum
254 1609 411 1673 vendenti
437 1610 542 1696 (bono
562 1613 649 1676 eninr
671 1631 800 1693 corum,
818 1613 874 1701 qui
895 1614 1049 1703 conjuges
1073 1631 1130 1678 aut
1150 1615 1188 1679 li·

120 1709 217 1773 beros
243 1728 311 1774 non
339 1705 520 1792 habebant,
544 1712 641 1776 vendi
673 1709 855 1801 placuerat)
887 1734 905 1778 a
933 1715 1045 1780 decem
1077 1716 1188 1805 legatis

120 1806 319 1901 ptwptunt
336 1812 467 1893 luisset,
484 1824 536 1892 ut,
559 1835 632 1901 quoe
649 1836 692 1876 ex
712 1813 775 1878 iltis
792 1814 942 1901 Polybius
952 1816 1186 1904 postulavisset,

119 1916 222 1999 gmtls
237 1912 472 1993 addecemntw,
487 1936 555 1977 non
572 1913 671 1983 modo
686 1934 748 2003 pro
764 1937 797 1979 se
813 1916 906 2003 petiit
919 1917 1114 2005 quidquam,
1132 1915 1190 1982 sed

121 2015 217 2078 etiam
236 2015 349 2079 amieis
368 2031 483 2079 auctor
504 2015 585 2096 fuit,
607 2016 689 2080 nihil
713 2039 751 2081 ex
774 2017 885 2104 spoliis
908 2018 976 2081 istis
999 2017 1188 2107 attingendi.

122 2116 197 2181 nso
211 2116 324 2180 omnia
342 2136 447 2203 quum
464 2114 548 2179 intra
567 2134 719 2181 semestre
735 2120 863 2207 tempus
879 2118 991 2183 decern
1008 2121 1102 2210 legati
1118 2142 1191 2208 per-

123 2216 291 2298 fecissent,
302 2218 336 2281 in
356 2219 478 2282 ltaliam
492 2218 670 2284 redierunt.
682 2217 838 2308 Polybius
853 2239 1020 2284 exenium
1037 2220 1191 2286 mandato

122 2318 266 2382 civitates
287 2319 388 2400 obiit,
410 2319 607 2407 respublicas
626 2320 668 2383 ad
692 2320 865 2385 formulam
887 2321 928 2385 ab
949 2321 1025 2410 ipsis
1046 2321 1192 2409 prescri-

122 2434 209 2509 ptum
226 2423 431 2510 composuit,
452 2423 523 2486 lites
542 2423 689 2502 sustulit,
706 2423 862 2510 brevique
877 2423 1031 2511 perfecit,
1051 2434 1089 2486 ut
1105 2438 1192 2487 statu

123 2523 273 2610 presenti
294 2540 362 2587 non
385 2523 627 2612 acquiescerent
647 2521 747 2587 modo
763 2524 883 2604 Graeci,
900 2543 1012 2587 verum
1029 2525 1124 2587 etiam
1141 2525 1194 2586 le.-

124 2636 279 2688 urentur.
302 2618 400 2688 Unde
420 2625 558 2689 vicissim
582 2624 736 2688 omnibus
758 2625 850 2689 illum
871 2626 994 2689 eximiis
1011 2624 1194 2688 honoribus

124 2744 179 2810 per
196 2725 345 2815 singulos
360 2726 457 2791 urbes
478 2715 584 2790 colere
604 2726 836 2789 instituerunt·
852 2727 945 2810 Quos
964 2726 1050 2788 inter
1067 2726 1102 2788 in
1121 2725 1195 2789 foro

126 2822 336 2916 Megalopolis
351 2841 456 2891 statutt
471 2828 549 2902 fuit,
566 2849 643 2890 eum
659 2826 889 2915 inscriptione,
906 2846 995 2913 quae,
1008 2822 1191 2909 Polybium,

127 2925 401 3014 lqwruefiltism‚
412 2930 625 2993 Romanorum
635 2928 667 2988 t'n
679 2925 805 2988 Groecos
818 2928 898 2988 itum
911 2928 1080 3011 mitigant,
1097 2939 1194 2987 testa·

131 3044 228 3094 Mur.
1013 3054 1016 3065 '

165 3130 276 3194 xxfl.
290 3132 332 3194 At
343 3133 455 3193 Romo
468 3128 622 3216 peridem
633 3142 762 3215 tempus
775 3149 793 3189 a
805 3124 936 3189 duobus
947 3125 1196 3212 imperatoribus

130 3230 364 3320 triumphatum
380 3244 439 3294 est.
457 3230 551 3292 Prior
568 3230 609 3310 Q.
626 3228 772 3291 Caecilius
790 3227 939 3290 Metellus
958 3225 998 3288 de
1012 3219 1198 3290 Macedoni-

131 3327 188 3393 bus
207 3329 403 3418 Acboeisque
426 3329 698 3418 speciosissimum
721 3327 924 3416 triumphum
946 3328 981 3390 in
1003 3327 1197 3415 Capitolium

135 3426 230 3495 duxit.
257 3432 350 3496 Inter
369 3432 490 3495 multos
513 3431 674 3518 ceptivos,
696 3431 754 3516 qui
779 3450 912 3493 currum
938 3430 1007 3509 ejus
1028 3450 1197 3516 praecesse·

137 3547 226 3611 tunt,
241 3529 378 3621 insignis
396 3531 535 3595 tnsxime
551 3521 727 3594 Andriscus
746 3526 828 3612 luit,
848 3532 904 3618 qui
922 3552 957 3595 se
971 3552 1032 3618 pro
1049 3530 1198 3616 Philippo

140 3626 329 3720 sliquzmdiu
342 3647 376 3696 et
386 3628 583 3697 Macedonis
595 3653 670 3721 rege
684 3647 840 3721 gesserat3
858 3652 1010 3720 magnum
1023 3629 1063 3693 ed
1075 3645 1199 3692 utram·

144 3750 197 3815 qne
223 3728 344 3798 soitem
366 3725 504 3800 fottunoe
527 3732 692 3796 mutabilis
715 3732 910 3819 exemplum.
933 3731 1061 3794 Tertius
1082 3729 1137 3791 hic
1159 3727 1198 3791 de

148 3828 321 3898 llsosdonia
332 3834 518 3923 triumphus
531 3834 594 3897 luit
608 3857 616 3898 τ
633 3834 667 3897 in
685 3854 752 3922 quo
761 3833 846 3896 inter
857 3846 969 3896 eoetere
980 3832 1081 3919 spolia
1093 3845 1199 3892 trans·

79 3922 83 3961 ²
153 3933 222 3995 rent
240 3951 396 4016 nttmatn,
417 3935 589 4000 Alexandri
610 3935 720 4022 Magni
741 3935 879 4022 imperio
899 3957 918 3997 a
937 3929 1200 4022 praestantissimo

158 4031 293 4100 artificum
310 4037 451 4124 Lysippo
467 4037 594 4101 factam.
612 4036 773 4122 Quinque
784 4051 816 4098 et
832 4035 946 4123 viginti
963 4053 1001 4096 ex
1020 4031 1199 4094 amicorum

162 4129 237 4197 thiu
250 4158 359 4226 pugna
378 4135 420 4200 ad
441 4131 617 4202 Granicum
636 4135 690 4199 ille
706 4158 763 4200 rex
779 4135 928 4199 amiserat
944 4156 952 4197 ε
969 4151 1082 4194 eorum
1101 4147 1202 4214 eque-

173 4325 277 4459 Argu·
295 4336 420 4391 ΗΜ.
431 4341 556 4407 ¹l'rttcspt.
574 4335 673 4390 Politic.
693 4346 718 4391 st
731 4335 878 4408 Philopoern.
895 4365 930 4377 -
943 4334 1034 4401 Polyb.
1050 4361 1085 4371 -
1099 4335 1203 4383 Ριιιιιι.

79 4420 92 4461 l
232 4445 276 4463 ·-·
288 4425 378 4474 torar.
