2594 4980
240 713 298 782 IN
331 711 448 781 LOC.
474 711 570 781 LIB.
596 712 771 782 LXXVI
805 710 1035 780 LIVIANI.
1100 706 1170 807 735

102 833 216 896 tinum
234 832 414 898 intraveris.
433 832 516 914 Quae
539 832 687 921 regiones
704 831 865 920 bithyniae
887 848 1030 920 partem,
1053 830 1173 897 deinde

102 933 333 1022 Mariandynos
344 933 506 997 Heracleae
522 933 704 1016 subjectos,
719 956 796 998 mox
812 933 1050 1022 Paphlagonas,
1066 957 1172 1024 usque

102 1035 144 1099 ad
155 1033 292 1099 fluvium
302 1035 408 1122 Halyn
421 1034 628 1100 habuerunt:
641 1051 755 1101 caetera
767 1032 809 1097 ad
818 1032 1053 1123 Propontidem
1068 1058 1173 1123 usque

103 1136 343 1202 Chalcedonam
353 1135 489 1200 fuerunt
498 1137 733 1227 Bithynorum,
744 1135 827 1201 Galli
836 1134 981 1201 fluminis
990 1137 1080 1201 ostiis
1092 1136 1173 1203 lines

103 1261 220 1303 eorum
233 1238 494 1305 terminantibus.

148 1340 286 1404 XXVII.
302 1340 442 1405 Maxima
456 1339 590 1403 urbium
609 1338 801 1405 Nicomedia
817 1340 898 1422 tuit,
915 1339 1035 1405 deinde
1047 1340 1174 1423 Nicaea3

104 1441 183 1506 item
204 1441 322 1524 Prusa,
342 1463 440 1529 quam
465 1440 507 1506 ab
531 1429 714 1506 Hannibale
736 1440 902 1507 conditam
919 1440 959 1505 de
977 1442 1099 1506 Prusiae
1115 1461 1176 1511 no·

105 1544 213 1625 mine,
230 1566 322 1633 reges
337 1543 548 1608 Othomanici
563 1558 638 1607 ante
654 1558 844 1630 occupatam
862 1541 1106 1630 Adrianopolim
1123 1564 1176 1605 re·

105 1646 163 1734 gni
178 1644 286 1709 sedem
305 1644 502 1710 habuerunt.
520 1643 671 1708 Flumina
686 1645 845 1734 bithynia
862 1645 1010 1733 Syrium,
1027 1644 1176 1732 Lapsias,

106 1745 329 1828 Pharmacias‚
343 1745 451 1828 Alces,
463 1744 598 1834 Crynis,
611 1745 754 1834 Lylaeus,
768 1746 921 1834 Scopius,
933 1762 1176 1826 memorantur3

106 1862 155 1926 et,
176 1846 233 1933 qui
251 1846 438 1936 Bithyniam
453 1870 472 1911 a
491 1846 615 1912 Galatia
633 1847 896 1929 disterminabat,
914 1849 1036 1912 llieras.
1050 1848 1128 1912 Erat
1142 1861 1177 1910 et

107 1946 205 2033 Hylas
227 1945 371 2012 fluminis
390 1964 423 2012 et
439 1949 527 2012 lacus
546 1971 686 2030 nomen,
704 1949 745 2013 ab
764 1949 913 2014 Herculis
930 1948 1055 2013 amasio.
1069 1946 1176 2013 dedu·

106 2065 215 2126 ctum,
237 2050 264 2112 si
290 2049 406 2113 fabulis
430 2050 522 2115 lubet
546 2049 695 2132 credere,
711 2051 803 2130 juxta
825 2050 1017 2115 Prusiadam
1039 2049 1176 2130 urbem,

108 2150 267 2215 diversam
288 2151 330 2215 ab
355 2167 492 2239 utraque
516 2151 645 2216 Prusa:
666 2175 742 2216 nam
760 2170 794 2217 et
812 2153 912 2217 altera
932 2152 996 2217 fuit
1018 2151 1178 2241 bithynioe

108 2251 227 2333 Prusa,
241 2251 284 2315 ad
299 2252 456 2340 Hippium
470 2275 612 2318 amnem.
836 2257 839 2261 ’
857 2257 859 2261 ’

153 2353 307 2419 XXVIII.
325 2353 377 2418 Ab
393 2353 444 2419 his
463 2354 669 2444 regionibus,
688 2354 925 2443 Cappadociam
946 2371 985 2420 et·
994 2355 1179 2445 bithyniam

108 2454 202 2532 dico,
217 2454 373 2543 quasdam
385 2472 492 2543 partes
502 2456 694 2521 abraserunt
704 2456 909 2546 Gallograeci,
921 2455 962 2519 de
975 2455 1095 2543 quibus
1105 2472 1181 2544 post

108 2556 267 2643 prolixam
284 2557 367 2621 Livii
381 2555 632 2645 descriptionem
644 2573 746 2620 taceo.
763 2555 828 2619 Sed
842 2555 1096 2643 Paphlagoniam
1113 2557 1181 2621 lla·

109 2658 159 2746 lys
175 2655 295 2721 fluvius
308 2659 350 2721 ab
364 2674 440 2721 ortu
459 2656 669 2745 terminabat,
686 2679 706 2721 a
723 2655 859 2720 meridie
872 2655 1014 2735 Galatia3
1030 2654 1072 2719 ad
1087 2677 1181 2721 ocea-

110 2780 183 2821 sum
189 2757 320 2846 Bithyni
333 2773 365 2821 et
375 2756 582 2845 Mariandyni
593 2757 799 2838 habitabant3
808 2780 921 2821 versus
932 2757 1181 2844 septemtriones

112 2882 200 2923 mare
213 2859 379 2923 Euxinum
396 2874 473 2922 erat.
488 2859 644 2924 Amastris
653 2859 774 2922 horum
787 2875 855 2922 erat
865 2881 932 2922 non
944 2857 1107 2922 incelebre
1123 2881 1183 2947 op·

112 2960 246 3048 pidum,
266 2960 462 3048 majorisque
477 2959 586 3025 adhuc
603 2960 697 3024 farriae
713 2960 897 3059 Amisuset
918 2959 1050 3047 Sinope.
1069 2959 1185 3048 Neque

112 3061 229 3142 refert,
246 3060 304 3124 has
320 3059 487 3124 interdum
507 3061 615 3125 Ponto
629 3061 786 3126 vindicari
802 3085 810 3126 ε
828 3084 903 3125 narn
920 3062 1092 3150 regionum
1107 3061 1184 3126 ista·

113 3185 188 3225 mm
203 3163 360 3226 terminos
378 3184 446 3225 non
461 3163 588 3246 minus,
604 3179 703 3250 atque
723 3162 869 3251 gentium
882 3160 972 3244 jura,
988 3161 1184 3226 Mithridatis
1277 3170 1280 3175 '

113 3263 249 3327 ambitio
270 3263 430 3343 turbarit,
453 3262 592 3328 redactis
620 3263 835 3328 inditionem
858 3263 1022 3352 plerisque
1042 3263 1184 3352 populo·

115 3387 208 3445 rum,
226 3388 309 3454 quos
325 3364 558 3429 enarravimus.

159 3470 284 3534 XXIX.
302 3475 346 3535 At
359 3471 539 3559 antiquitus
556 3471 696 3559 pontiore
712 3484 825 3561 gentes
841 3471 941 3535 fuisse
952 3470 1104 3535 videntur
1117 3470 1187 3535 Ma·

116 3570 285 3658 riandyni,
307 3572 502 3661 Mosynoeci,
529 3575 715 3654 Caucones,
739 3575 796 3662 qui
815 3574 881 3654 jam
905 3589 997 3639 aetate
1018 3573 1187 3638 Strabonis

117 3673 198 3737 nulli
224 3673 473 3762 superfuerunt,
497 3674 676 3764 Chalybes,
697 3676 755 3763 qui
779 3691 811 3739 et
834 3675 995 3756 Chaldaei,
1013 3675 1187 3755 Tibareni,

117 3775 287 3839 Macrones
303 3775 527 3841 Euboicorum
544 3776 669 3842 credita
682 3778 830 3842 colonia:
844 3800 921 3841 nam
937 3793 1005 3842 tota
1019 3778 1072 3842 illa
1090 3777 1188 3842 Ponti

117 3899 192 3958 ora,
211 3876 399 3940 Graecorum
419 3878 623 3966 frequentata
641 3879 916 3969 navigationibus,
937 3881 1094 3968 plurimas
1107 3901 1188 3968 gen-

119 3977 159 4040 tis
176 3975 245 4056 ejus
257 3978 355 4041 urbes
370 3979 499 4062 habuit,
518 4004 657 4069 quarum
674 3982 890 4047 celeberrimae
904 3984 996 4048 fuere
1007 3984 1187 4071 Trapezus,

118 4096 151 4143 et
166 4081 330 4146 Heraclea.
340 4083 497 4148 Amnium
510 4084 724 4149 Ponticorum
735 4085 957 4150 nobilissimus
967 4085 1096 4166 Phasis,
1111 4106 1187 4148 cum

119 4182 201 4246 urbe
213 4183 410 4271 cognomine
419 4186 461 4250 ad
475 4186 607 4251 ostium.
619 4186 748 4276 Pyxites
756 4189 993 4276 Trapezuntem
1005 4187 1115 4252 alluit:
1127 4185 1188 4252 flu·

155 4387 298 4452 §xxm
313 4387 377 4436 Plin.
388 4391 421 4446 V,
435 4389 477 4437 32.
494 4417 529 4426 -
543 4389 621 4439 Solln.
635 4406 688 4455 cap.
703 4397 745 4445 tt.
764 4418 793 4426 -
816 4389 896 4439 Strab.
911 4416 946 4427 -
967 4390 1068 4439 Ptolem.
1085 4417 1120 4427 -
1137 4390 1191 4438 Liv.

121 4473 274 4530 xxxvia,
290 4473 330 4520 16.
344 4500 380 4510 -
393 4471 409 4536 5
422 4475 545 4523 mm.
556 4473 635 4523 strab.
649 4502 684 4512 -·
696 4473 759 4521 Plin.
