2594 4980
283 690 339 755 ru
369 687 482 755 noe.
511 680 609 755 ern.
637 688 747 756 nvn
771 689 1000 760 usuram.
1105 694 1174 791 289

158 809 241 876 XLI.
253 809 395 872 Instabat
408 807 688 871 tabernaculorum
706 808 836 890 festum,
849 809 937 895 quod
947 810 1033 897 apud
1047 799 1176 880 ludaeos

115 912 286 1001 quotannis
305 927 451 972 accurata
474 909 628 997 religione
650 908 853 972 celebratur:
880 933 915 973 ea
938 913 1032 1000 fregit
1049 916 1174 981 animo-

114 1036 186 1075 rum
207 1011 374 1083 duritiem,
393 1031 433 1070 ne
443 1009 548 1096 perire
564 1010 788 1071 communium
808 1032 973 1074 sacrorum
991 1017 1173 1103 sanguinis·

115 1136 178 1200 que
194 1110 362 1199 participes
381 1124 577 1196 paterentur.
595 1111 696 1196 Ergo,
722 1110 858 1197 receptis
875 1111 907 1174 in
926 1114 1039 1178 urbem
1063 1118 1176 1204 expul-

113 1238 223 1277 sorum
239 1212 399 1299 reliquiis,
415 1226 557 1273 oratores
572 1210 612 1273 ad
629 1232 737 1298 regem
753 1211 904 1291 mittunt,
920 1235 994 1276 cum
1013 1214 1062 1278 his
1077 1218 1176 1284 ferme

116 1314 272 1377 mandatis
292 1336 299 1374 ε
322 1312 493 1389 «Numen,
515 1310 604 1397 quod
624 1311 777 1390 colimus,
796 1334 852 1374 rex
870 1314 1046 1396 Antioche,
1074 1340 1177 1404 quum

116 1413 313 1492 «majoribus
332 1411 448 1473 nostris
462 1411 563 1498 leges,
581 1410 699 1496 quibus
718 1411 825 1475 adhuc
843 1414 977 1496 utimur,
994 1415 1099 1498 daret,
1117 1422 1181 1484 triu

117 1515 313 1602 «quotannis
331 1528 475 1597 tempora
499 1511 577 1573 festa
592 1510 775 1574 celebritate
796 1515 993 1577 consecravit
1010 1538 1017 1577 :
1036 1540 1178 1602 quorum

115 1614 227 1702 «quod
248 1612 531 1676 tabernaculorum
556 1611 770 1698 appellamus,
791 1635 892 1698 quum
913 1616 1049 1679 maxime
1072 1618 1180 1684 immi·

117 1733 203 1778 «net.
218 1716 259 1778 Et
270 1737 328 1776 nos
342 1711 492 1800 quidem,
509 1733 738 1798 quamcunque
753 1711 917 1777 fortunam
933 1713 1058 1779 dederit
1071 1717 1181 1801 Deus,

117 1817 172 1877 «in
198 1839 252 1896 ea,
282 1820 443 1901 quantuni
469 1812 666 1899 poterimus,
692 1813 888 1876 solemnitati
923 1815 1001 1880 huic
1024 1818 1179 1884 faciemus

118 1919 214 1980 «satis
232 1940 239 1979 ε
257 1915 314 1980 sed
334 1932 370 1978 ut
394 1914 454 1979 rite
476 1936 513 1976 ae
533 1912 647 1976 ordine
671 1912 748 1976 fiant
766 1914 893 1994 omnia,
913 1917 1022 2002 quiete
1041 1934 1074 1983 et
1090 1935 1179 1985 trau·

117 2019 293 2106 «quillitate
311 2031 432 2103 septem
450 2014 628 2077 admodum
647 2013 773 2078 dierum
791 2016 851 2077 erit
867 2029 960 2102 opus.

161 2120 261 2182 XLll.
276 2149 288 2172 κ
301 2121 335 2180 ln
351 2118 413 2179 hoc
431 2115 590 2178 tantillum
604 2123 732 2201 tempus
745 2115 892 2180 inducias
904 2118 944 2179 ab
961 2120 1113 2206 aequitate
1125 2138 1181 2186 tua

119 2221 298 2308 «petimus,
316 2241 370 2281 rex
392 2215 568 2294 Antioche;
583 2215 667 2278 bona
684 2238 758 2278 cum
772 2238 847 2303 spe,
864 2217 951 2299 lore,
970 2233 1007 2281 ut
1020 2219 1180 2287 desiderio

119 2337 253 2384 «nostro
270 2341 411 2397 annuas,
427 2317 558 2403 quando
573 2317 653 2379 nihil
674 2339 733 2403 pro
751 2317 866 2396 nobis,
884 2340 944 2381 nec
961 2319 1184 2386 adversus-ra·

120 2424 245 2485 «tiones
263 2439 333 2485 tuas
354 2418 566 2530 postulamus.
591 2417 728 2480 Externa
747 2416 888 2481 subsidia
906 2419 994 2483 nulla
1016 2422 1076 2485 scis
1100 2422 1185 2486 intra

120 2540 269 2609 «tempus
280 2519 529 2607 hocexspectari
543 2541 657 2604 posse:
672 2519 895 2582 famemnobis
910 2520 1065 2598 objicitis,
1081 2538 1183 2587 etnos

121 2623 185 2686 «de
205 2646 241 2686 ea
260 2623 349 2708 quasi
371 2623 534 2683 confessos
556 2618 702 2698 creditis,
721 2619 810 2706 quod
828 2619 976 2682 inutilem
997 2622 1125 2719 turbam
1143 2645 1186 2690 ex

121 2725 266 2787 «civitate
281 2723 472 2785 submovere
489 2720 596 2782 conati
613 2742 736 2782 sumus.
751 2719 811 2782 Si
802 2735 846 2782 tta
865 2737 931 2800 est,
949 2722 1029 2785 nihil
1043 2725 1184 2812 optatius

123 2847 212 2888 «esse
233 2823 292 2886 tibi
321 2836 433 2908 queat,
456 2843 551 2906 quam
578 2835 615 2882 ut
643 2821 712 2893 sine
730 2836 864 2882 tuorum
890 2823 1034 2906 periculo
1054 2841 1185 2912 gentem

122 2941 287 2987 «nostram
311 2919 454 2985 sedendo
476 2918 631 2997 debelles,
658 2918 756 3005 idque
781 2922 976 3005 assequeris,
1000 2944 1103 3008 quum
1128 2947 1186 3013 per

123 3025 305 3104 «inducias,
327 3043 432 3108 neque
454 3041 511 3082 vos
539 3018 712 3101 laedemus,
729 3035 760 3082 et
780 3021 917 3107 receptis
942 3022 1024 3084 intra
1051 3026 1188 3108 nroenia,

123 3150 226 3214 «quos
243 3125 485 3212 expuleramus,
504 3119 598 3182 etiam
618 3119 691 3207 plus
708 3119 803 3182 solito
821 3119 1017 3184 cibariorum
1038 3145 1096 3210 per
1114 3124 1189 3190 festi

123 3261 134 3281 «ι
147 3229 245 3306 hujus
262 3226 402 3290 laetitiam
419 3222 636 3285 absumemus.

168 3330 285 3392 XLlll.
297 3327 473 3388 «Praeterea
487 3319 648 3409 quidquid
662 3320 1108 3413 hocerithumauitatis,uon
1124 3341 1190 3392 tam
1286 3392 1288 3396 λ

127 3427 424 3517 «populojudaim,
440 3447 536 3511 quam
550 3421 759 3511 religionibus
769 3419 858 3483 dabis
873 3437 937 3484 tam
954 3422 1115 3509 antiquis,
1133 3441 1188 3510 ut,

127 3531 343 3594 «doctissimis
356 3529 431 3590 viris
450 3523 764 3601 demonstrantibus,
778 3521 940 3609 legislator
957 3539 1066 3586 noster
1081 3527 1189 3590 omni·

127 3634 209 3696 «bus
236 3634 422 3696 Graecorum
447 3628 507 3690 diis
530 3627 571 3689 sit
592 3625 766 3711 antiquior.
791 3623 876 3711 Ergo
900 3623 1037 3686 maxima
1062 3646 1190 3714 semper

126 3765 138 3787 «ι
148 3733 233 3820 apud
249 3732 444 3818 alienigenas
459 3749 590 3815 quoque
607 3748 697 3814 reges
711 3747 876 3788 sacrorum
893 3739 1081 3790 nostrorum
1097 3748 1190 3792 vene·

130 3836 230 3897 «ratio
251 3833 322 3896 suit.
345 3836 464 3918 Cyrus,
486 3829 610 3914 imperii
634 3828 801 3889 Persarum
818 3841 941 3905 auctor,
965 3826 1129 3892 incensam
1149 3830 1191 3894 ab

127 3935 285 4022 «Assyriis
301 3932 415 3995 urbem
433 3947 577 3992 nostmm
594 3950 667 3991 curn
686 3925 832 4013 templo
821 3927 916 4004 jussit
931 3926 1120 4009 instaurari,
1134 3953 1190 3994 va·

126 4058 247 4122 «saque
270 4057 375 4114 sacra,
402 4054 474 4118 quae
500 4029 577 4092 olim
608 4027 684 4090 inde
710 4027 811 4089 ablata
838 4026 992 4107 fuerunt,
1019 4049 1094 4090 cum
1123 4030 1191 4119 aliis

128 4139 260 4200 «multis
284 4131 576 4222 pulcherrimisque
594 4127 706 4208 donis,
723 4126 873 4191 reddidit.
891 4126 978 4189 Darii
995 4125 1112 4189 deinde
1133 4127 1192 4199 be

128 4268 140 4290 ⁴‹
151 4235 265 4299 neficio
276 4236 352 4323 ,qui
372 4249 442 4321 post
454 4232 635 4317 Cambysen
648 4229 808 4317 regnavit,
820 4228 966 4291 absoluta
985 4229 1095 4315 templi
1112 4247 1195 4295 stru·

129 4354 242 4401 actura
260 4353 330 4400 est:
349 4333 438 4423 quod
451 4331 569 4396 deinde
589 4330 726 4416 Magnus
742 4327 930 4408 Alexander,
947 4327 1195 4416 AEgyptiorum·

234 4455 293 4520 IX.
986 4465 1028 4535 ¹9
