2594 4980
130 715 196 800 148
299 715 367 783 Jo.
395 714 737 785 FREINSHEMII
767 717 1009 787 SUPPLEM.

123 839 318 924 relictoque,
330 834 370 899 ad
384 835 478 898 Afros
493 834 698 899 continenter
711 837 928 920 infestandos,
944 837 1097 920 Gulussa,
1115 863 1188 929 pro·

122 961 200 1028 pere
223 937 450 1027 Carthaginem
473 934 585 1016 rediit,
609 958 651 1000 ne
673 937 811 1024 spatium
835 939 1007 1003 temeritati
1033 962 1185 1024 suorum,

121 1058 178 1105 aut
197 1039 340 1104 hostium
365 1037 501 1127 ingeniis
524 1035 823 1127 desperationique,
842 1038 884 1103 ad
903 1039 1092 1105 mutandam
1110 1042 1184 1131 b‘eIIi

119 1143 285 1207 fortunam
300 1140 400 1205 daret.
411 1141 517 1224 Atque
528 1138 571 1200 ita
584 1139 700 1226 saepius
712 1139 798 1203 ultro
810 1140 958 1228 citroque
969 1143 1184 1209 commeando

120 1246 224 1334 (abest
245 1261 354 1308 autem
377 1239 571 1327 Carthagine
592 1240 750 1328 Nepheris
771 1240 874 1305 tribus
895 1241 998 1305 ferme
1021 1259 1056 1307 et
1069 1244 1181 1333 viginti

117 1370 272 1436 passuum
290 1342 450 1427 millibus)
468 1340 585 1405 necubi
599 1363 656 1406 res
676 1363 742 1407 suae
764 1341 994 1408 detrimentum
1014 1363 1180 1435 caperent,

98 1464 247 1539 ‘strenue
262 1442 462 1535 providebat.
731 1521 735 1528 ι
1071 1524 1074 1531 .

158 1549 265 1613 XXII.
283 1549 374 1610 Inter
391 1544 459 1607 hec
481 1559 667 1632 oppugnata
692 1546 849 1610 machinis
872 1547 1097 1613 Romanorum
1119 1573 1177 1638 pu·

114 1651 186 1714 nica
202 1664 321 1728 castra,
340 1646 499 1733 collapso,
516 1644 607 1733 quod
624 1647 709 1710 inter
726 1664 788 1712 tres
805 1663 907 1713 turres
925 1651 1048 1732 fuerat,
1066 1675 1176 1716 muro·

111 1775 186 1815 rum
197 1750 316 1838 spatio,
326 1747 451 1811 aditum
464 1747 817 1837 patefeceruntaquum
829 1753 1062 1838 superveniens
1071 1753 1174 1842 Scipio

111 1853 172 1915 tria
187 1851 387 1915 delectorum
407 1849 505 1912 millia
521 1848 627 1913 facere
643 1851 804 1938 impetum
817 1852 926 1936 jubet,
949 1854 1121 1920 ordinibus
1143 1855 1172 1919 in

109 1953 209 2015 altum
232 1952 277 2013 ita
299 1949 458 2031 densatis,
478 1965 533 2031 ut,
554 1951 680 2015 etiamsi
701 1969 896 2042 urgerentur
915 1956 1030 2044 primi,
1047 1957 1172 2021 incum-

107 2052 206 2116 bente
229 2068 338 2115 tamen
358 2073 495 2115 suorum
517 2051 682 2140 pondere,
700 2053 816 2142 pedem
838 2078 905 2142 quo
929 2057 1088 2120 referrent
1109 2080 1170 2122 non

106 2153 281 2233 habentes,
300 2153 332 2214 vi
354 2175 391 2213 uu
415 2153 605 2212 trs-cessitate
623 2176 833 2238 perrumpere
856 2173 1061 2242 cogerentur.
1087 2161 1168 2223 Dunt

104 2253 145 2317 ab
164 2275 200 2315 eo
223 2266 315 2340 parte
334 2272 453 2338 magno
471 2250 612 2313 clamore
628 2251 819 2339 magnisque
835 2255 959 2320 viribus
978 2275 1136 2344 certatur,
1153 2285 1168 2325 a

103 2353 191 2417 mille
207 2352 248 2416 ad
265 2353 364 2415 hoca
383 2351 517 2415 consule
533 2349 665 2415 delectis
684 2367 787 2416 eastra
804 2370 895 2440 capta
919 2375 1017 2423 sunt:
1037 2365 1096 2447 qui
1115 2384 1168 2427 ne·

104 2457 245 2544 gleotum
263 2477 280 2517 a
298 2452 425 2516 diverso
439 2452 536 2514 latere
550 2451 684 2534 vallum,
694 2451 847 2517 omnibus
863 2454 897 2516 in
913 2474 1066 2523 eventum
1086 2463 1166 2550 peri-

103 2557 185 2637 culi,
200 2553 292 2641 quod
305 2568 380 2617 ante
397 2552 510 2615 oculos
525 2551 705 2634 habebant,
720 2554 869 2636 Intentio,
888 2563 1165 2629 transcenderunt.

100 2658 187 2736 Μή,
199 2672 390 2743 conspectos
406 2655 488 2716 intra
501 2654 622 2716 vallum
639 2653 748 2718 hostes
764 2678 935 2720 numerare
951 2682 1018 2723 non
1037 2667 1166 2750 permit.

99 2775 188 2824 tente
198 2773 300 2838 metu,
313 2773 467 2842 tanquam
481 2770 569 2819 totus
581 2757 804 2822 Romanorum
814 2761 972 2825 exercitus
984 2763 1165 2852 irrupisset,

98 2859 201 2922 effusa
218 2860 293 2946 fuga
311 2879 345 2920 se
361 2859 473 2920 castris
490 2855 665 2936 ejecerunt.
690 2857 740 2922 Ibi
759 2861 945 2948 patentibus
963 2864 997 2926 in
1013 2866 1094 2932 locis
1111 2892 1165 2958 pa·

97 2962 200 3025 lantes
225 2958 361 3047 adeptus
385 2958 526 3022 Gulussa
548 2981 622 3022 cum
645 2959 825 3049 elephantis
847 2963 1064 3053 Numidisque
1083 2971 1164 3050 suis,

96 3062 261 3151 ingentem
286 3060 406 3123 caedem
431 3060 530 3124 fecit:
550 3059 712 3125 interfecti
736 3061 890 3126 dicuntur
912 3087 951 3127 eo
973 3066 1028 3130 die
1049 3070 1164 3135 milites

95 3180 318 3252 agrestesque,
333 3162 426 3241 cujus
445 3161 571 3248 generis
593 3160 634 3224 ad
649 3179 849 3226 commeatus
865 3164 1031 3230 vehendos
1050 3191 1163 3259 magna

94 3267 128 3327 in
157 3267 267 3328 castris
293 3261 469 3326 multitudo
493 3264 615 3342 f'uerat,
637 3263 680 3326 ad
704 3266 908 3354 septuaginta
935 3269 1049 3353 millia,
1073 3291 1163 3363 capta

94 3367 224 3448 decem,
246 3369 347 3430 ferme
366 3379 507 3450 quatuor
525 3364 624 3427 millia
640 3365 802 3455 effugisse.

137 3469 262 3532 XXIII.
286 3468 355 3530 Nee
378 3482 486 3528 tamen
510 3466 618 3528 statim
643 3467 742 3555 recipi
764 3469 923 3558 Nepheris
946 3475 1070 3561 potuit,
1091 3500 1163 3564 quae

92 3589 191 3660 petrae
209 3570 344 3657 praealtae
364 3567 531 3655 imposita,
549 3566 657 3631 adhuc
680 3567 763 3634 duos
786 3589 819 3636 et
840 3573 954 3661 viginti
976 3574 1045 3639 dies
1071 3600 1162 3643 exer·

92 3673 194 3736 citum
218 3685 412 3756 occupatum
438 3669 562 3749 tenuit,
588 3685 678 3734 tanto
698 3670 871 3737 difficiliori
895 3679 1159 3764 oppugnatione,

90 3788 213 3861 quanto
238 3771 272 3833 in
299 3771 379 3834 locis
402 3770 522 3858 asperis
545 3769 681 3836 hiberna
704 3775 826 3864 frigora
846 3777 1071 3842 vehementius
1093 3804 1161 3845 sen·

90 3875 227 3938 tiuntur.
247 3871 311 3936 Sed
328 3894 483 3961 magnum
503 3875 766 3962 operaepretium
785 3877 826 3938 ab
843 3877 903 3940 hac
919 3881 1159 3966 expugnatione

89 3974 215 4036 consuli
234 3973 313 4053 fuit3
334 3972 449 4049 eodem
475 3973 561 4038 enim
588 3975 654 4038 fato
672 3977 874 4065 Carthaginis
897 3979 980 4042 vires
1002 3982 1156 4047 cecidere.

88 4077 147 4140 His
162 4076 249 4139 enim
264 4098 283 4138 e
298 4075 409 4138 castris
423 4092 622 4142 commeatus
634 4077 823 4142 mittebatur
833 4079 970 4144 obsessa.¹
983 4082 1074 4165 urbi3
1090 4085 1157 4149 haec

87 4178 184 4241 altera
204 4199 276 4265 spes
292 4176 450 4264 punicum
466 4178 639 4266 imperium
658 4179 857 4261 amantibus,
877 4180 940 4244 lroc
961 4183 1098 4248 unIcum
1115 4186 1155 4249 ad

119 4377 222 4443 sm.
238 4380 324 4428 Zonar.
342 4407 375 4415 -—
394 4381 500 4446 Appian.
518 4409 553 4418 -
568 4380 647 4430 strab.
663 4381 706 4429 Iib.
724 4383 805 4430 nvn.
826 4411 859 4420 -
877 4382 892 4446 s
911 4385 995 4433 xxn.
1017 4387 1069 4434 Lis.
1087 4387 1152 4450 Epir.

84 4490 119 4499 -
134 4464 238 4529 Appiae.
