2594 4980
108 763 178 844 aaa
282 764 350 829 to.
378 748 717 832 uuntnsuuun
749 748 993 828 sueretu.

106 900 281 944 conversus
298 881 483 968 imperator,
496 884 537 945 ab
551 898 689 971 utraque
701 898 792 971 parte
806 879 894 945 fluvii
908 879 1033 968 singula
1045 878 1172 941 castella
1271 937 1274 945 ,

107 981 300 1065 exaedificat3
324 983 365 1046 ab
385 984 435 1047 his
455 986 560 1047 trabes
578 985 689 1073 longas
703 983 838 1047 funibus
858 980 1038 1044 firmissime
1051 979 1174 1042 vinctas

107 1084 140 1146 in
158 1106 287 1147 amnem
298 1085 341 1147 ita
359 1086 513 1174 porrigit,
530 1102 567 1148 ut
585 1085 618 1148 in
634 1082 743 1148 medio
756 1083 952 1173 jungantur3
970 1103 1068 1168 porro
1082 1081 1116 1142 in
1134 1080 1174 1143 iis

103 1184 253 1247 trabibus
266 1186 393 1248 crebras
406 1186 500 1249 falces
517 1202 615 1274 atque
629 1206 800 1250 mucrones
810 1183 931 1248 fixerat.
948 1184 997 1246 Ita
1012 1180 1125 1262 fiebat,
1138 1196 1175 1243 ut

108 1308 206 1349 cursu
231 1284 374 1350 fluminis
406 1304 517 1351 rotatae
544 1286 675 1351 assiduo
700 1285 823 1367 trabes,
856 1304 962 1370 neque
993 1280 1175 1372 navigando

107 1409 323 1474 quemquam,
341 1411 448 1474 neque
462 1388 570 1452 nando
584 1388 739 1468 transire,
754 1406 861 1474 neque
874 1383 1036 1448 urinaudo
1051 1382 1177 1446 subter·

107 1487 171 1550 labi
184 1503 385 1575 paterentur.

152 1588 305 1653 XXVlll.
327 1591 432 1677 Atque
450 1588 483 1652 id
504 1590 642 1654 maxime
659 1589 809 1654 studebat
833 1588 957 1678 Scipio,
976 1584 1176 1650 omnimodis

108 1688 238 1776 ignaros
253 1706 465 1771 cunctorum,
477 1714 550 1778 quoe
563 1691 703 1755 exterius
715 1705 913 1781 gererentur,
923 1704 1034 1752 tenere
1042 1687 1173 1766 hostes3

103 1810 177 1876 quo
194 1811 260 1853 non
275 1790 374 1855 modo
386 1809 570 1855 commeatu
586 1793 693 1875 omni,
709 1814 824 1857 verum
840 1793 935 1855 etiam
952 1789 1104 1870 consilio,
1120 1809 1177 1850 ex·

107 1889 323 1956 eluderentur.
344 1893 464 1957 Paratis
483 1894 658 1975 omnibus,
675 1916 779 1982 quum
795 1893 860 1972 jam
876 1893 910 1955 in
930 1891 1075 1954 turribus
1092 1889 1178 1952 telo·

108 2011 181 2052 rum
196 1991 276 2053 varii
294 1994 420 2080 generis
447 1995 604 2059 immensa
618 1995 667 2077 vis
683 2010 854 2083 congesta,
871 1994 1123 2082 catapultoeque,
1141 1985 1179 2053 ³et

104 2089 177 2153 aliae
191 2092 369 2175 machinae,
386 2095 507 2181 quibus
527 2096 627 2159 hastas
647 2111 705 2159 aut
721 2117 794 2160 saxa
814 2094 989 2174 jaciuntur,
1007 2091 1180 2179 >dispositae
1234 2120 1242 2137 ·

109 2208 231 2273 essent,
248 2195 329 2257 etin
347 2197 483 2260 castellis
507 2195 661 2286 sagittarii
674 2212 712 2260 ac
729 2194 912 2260 funditores
931 2192 1094 2273 collocati3
1108 2213 1180 2255 cre-

110 2293 185 2356 bros
205 2318 263 2382 per
277 2298 463 2361 universum
483 2298 590 2386 operis
607 2297 817 2362 circumitum
832 2296 983 2360 homines
995 2292 1179 2373 constituit,

109 2396 165 2482 qui
191 2414 290 2460 noctu
310 2398 433 2486 diuque
458 2398 619 2487 quidquid
646 2397 831 2474 accidisset,
857 2397 997 2460 clamore
1011 2392 1181 2483 significa-

111 2513 198 2578 rent3
217 2523 314 2586 quem
338 2501 417 2563 alter
436 2502 476 2563 ab
500 2499 601 2563 altero
626 2514 814 2588 exceptum,
837 2514 869 2561 et
889 2496 1045 2587 proximo·
1061 2494 1181 2581 cuique

109 2599 217 2661 statim
235 2601 408 2680 traditum,
434 2617 602 2665 momento
625 2601 781 2688 temporis
804 2599 846 2664 ad
864 2596 1180 2687 imperatorisauxes

109 2699 314 2784 perferebant
328 2726 336 2766 :
349 2703 494 2765 similiter
504 2702 634 2790 siguum
648 2701 848 2789 erumpentis
857 2700 960 2763 hostis
976 2697 1044 2762 dari
1055 2718 1180 2760 emuro

111 2799 222 2883 jussit,
241 2824 280 2864 eo
299 2803 416 2882 modo,
433 2821 470 2866 ut
486 2803 512 2864 si
532 2801 665 2889 quando
682 2803 829 2888 proxima
847 2800 994 2889 periculo
1014 2797 1112 2862 turris
1135 2798 1181 2860 si·

112 2921 213 2985 gnum
233 2903 428 2985 sustulisset,
447 2905 480 2964 in
505 2902 659 2966 omnibus
676 2903 821 2966 turribus
842 2901 929 2965 idem
946 2899 1104 2963 continuo
1122 2898 1181 2962 fie-

110 3015 181 3064 ret:
199 3002 245 3064 sic
262 3004 412 3068 futurum
431 3019 514 3079 erat,
530 3018 569 3066 ut
584 3024 624 3066 ex
638 3003 740 3092 signis
757 3003 891 3091 quidem
906 3003 1013 3066 statim
1027 3001 1182 3089 intellige-

112 3117 201 3165 retur
215 3104 333 3168 alicubi
348 3106 489 3183 turbari3
504 3105 626 3167 clamor
640 3120 768 3184 autem,
784 3104 866 3192 quid
879 3106 943 3186 rei,
958 3120 990 3168 et
1004 3103 1061 3166 ubi
1076 3119 1180 3183 esset,

106 3205 262 3289 aperiret.

155 3304 277 3367 XXIX.
296 3307 397 3369 Porro
409 3306 449 3368 ad
461 3328 578 3391 omnes
591 3307 671 3370 istos
691 3328 771 3370 usus
785 3308 877 3394 eopia
894 3307 1066 3369 hominum
1082 3326 1180 3394 supe·

113 3405 226 3468 rabat:
243 3408 416 3471 contractis
432 3407 519 3470 enim
532 3407 741 3495 hispanarum
757 3408 905 3497 gentium
919 3407 1061 3487 auxiliis,
1076 3422 1108 3470 et
1119 3426 1181 3468 suo

112 3529 187 3569 cum
211 3510 353 3571 exercitu
378 3509 583 3590 conjunctis,
606 3508 648 3572 ad
674 3510 835 3598 sexaginta
859 3509 957 3572 millia
981 3524 1181 3572 armatorum

109 3607 273 3672 effecerat.
293 3611 341 3673 Ex
354 3610 418 3673 hoc
436 3610 587 3673 universo
603 3632 741 3674 numero
757 3611 888 3699 triginta
906 3609 1005 3673 millia
1019 3609 1184 3696 disposue-

114 3725 163 3772 rut
178 3709 220 3774 ad
232 3733 380 3792 murum,
398 3735 495 3799 quem
508 3726 723 3792 exstruxerat,
734 3710 990 3792 observandum,
1002 3727 1036 3774 et
1051 3726 1182 3791 caetera,

113 3835 185 3898 quae
208 3815 400 3899 postulasset
415 3836 512 3894 usus,
532 3812 685 3894 obeunda
700 3814 821 3877 militiae
840 3815 962 3877 munia.
980 3813 1049 3877 Alia
1066 3811 1184 3900 viginti

114 3913 213 3976 millia
228 3914 272 3977 ita
289 3937 323 3978 se
340 3931 542 4002 paraverant,
558 3931 613 3997 ut,
634 3934 736 4002 quum
757 3915 863 4002 aliqua
878 3938 917 3978 ex
932 3929 1023 4002 parte
1044 3912 1184 4000 pugnari

113 4014 154 4078 ad
175 4018 519 4098 murum'sensissent,
545 4016 587 4080 ad
614 4038 710 4104 opem
738 4015 904 4080 ferendam
924 4021 1041 4103 praesto
1063 4027 1182 4076 essent.

112 4116 248 4204 Reliqua
265 4116 438 4181 multitudo
455 4134 610 4205 tanquam
626 4117 661 4181 in
676 4116 828 4181 subsidiis
843 4132 911 4179 erat
928 4116 1051 4179 locata:
1073 4134 1183 4200 neque

115 4240 245 4282 movere
259 4243 293 4283 se
308 4220 476 4307 cuiquam,
491 4237 548 4282 aut
559 4219 714 4284 excedere
729 4220 824 4298 loco,
836 4218 961 4298 injussu
979 4213 1182 4303 imperatoris

115 4319 254 4383 licebat:
279 4321 406 4410 signum
429 4321 689 4406 exspectabatur,
709 4319 743 4384 id
760 4319 818 4383 ubi
840 4318 990 4396 fulserat,
1014 4315 1054 4379 ad
1073 4311 1183 4403 praedi·

116 4433 204 4482 ctum
223 4421 361 4507 quisque
379 4444 500 4483 munus
516 4420 688 4485 emicabat..

159 4521 263 4584 XXX.
283 4523 385 4585 'latita
404 4546 478 4583 eura
501 4521 728 4607 diligentiaque
749 4518 906 4605 Scipionis
930 4533 1029 4580 castra
1046 4514 1086 4578 tid
1109 4516 1179 4577 Nu-
