<?xml version="1.0" encoding="UTF-8"?>
<!DOCTYPE html PUBLIC "-//W3C//DTD XHTML 1.0 Transitional//EN"
    "http://www.w3.org/TR/xhtml1/DTD/xhtml1-transitional.dtd">
<html xmlns="http://www.w3.org/1999/xhtml" xml:lang="en" lang="en">
 <head>
  <title>
</title>
<meta http-equiv="Content-Type" content="text/html;charset=utf-8" />
  <meta name='ocr-system' content='tesseract 3.04.00' />
  <meta name='ocr-capabilities' content='ocr_page ocr_carea ocr_par ocr_line ocrx_word'/>
</head>
<body>
  <div class='ocr_page' id='page_1' title='image "./titusliviuspata00freigoog_0346.png"; bbox 0 0 2594 4980; ppageno 0'>
   <div class='ocr_carea' id='block_1_1' title="bbox 288 711 1159 784">
    <p class='ocr_par' dir='ltr' id='par_1_1' title="bbox 288 711 1159 784">
     <span class='ocr_line' id='line_1_1' title="bbox 288 711 1159 784; baseline 0.009 -7"><span class='ocrx_word' id='word_1_1' title='bbox 288 713 343 779; x_wconf 89' lang='lat' dir='ltr'><strong>IN</strong></span> <span class='ocrx_word' id='word_1_2' title='bbox 375 711 486 779; x_wconf 89' lang='lat' dir='ltr'><strong>LOC.</strong></span> <span class='ocrx_word' id='word_1_3' title='bbox 514 713 612 779; x_wconf 92' lang='lat' dir='ltr'><strong>LIB.</strong></span> <span class='ocrx_word' id='word_1_4' title='bbox 641 713 709 780; x_wconf 88' lang='lat' dir='ltr'><strong>LX</strong></span> <span class='ocrx_word' id='word_1_5' title='bbox 739 712 967 780; x_wconf 84' lang='lat' dir='ltr'><strong>LIVIANI.</strong></span> <span class='ocrx_word' id='word_1_6' title='bbox 1091 711 1159 784; x_wconf 81' lang='lat'><strong>355</strong></span> 
     </span>
    </p>
   </div>
   <div class='ocr_carea' id='block_1_2' title="bbox 102 829 1185 4041">
    <p class='ocr_par' dir='ltr' id='par_1_2' title="bbox 102 829 1185 2737">
     <span class='ocr_line' id='line_1_2' title="bbox 147 829 1161 918; baseline 0.003 -22"><span class='ocrx_word' id='word_1_7' title='bbox 147 833 270 896; x_wconf 82' lang='lat' dir='ltr'><strong>XXIII.</strong></span> <span class='ocrx_word' id='word_1_8' title='bbox 290 832 443 918; x_wconf 83' lang='lat' dir='ltr'>Princeps</span> <span class='ocrx_word' id='word_1_9' title='bbox 457 846 587 894; x_wconf 90' lang='lat' dir='ltr'><strong>senatus</strong></span> <span class='ocrx_word' id='word_1_10' title='bbox 602 830 643 893; x_wconf 90' lang='lat' dir='ltr'><strong>ab</strong></span> <span class='ocrx_word' id='word_1_11' title='bbox 659 829 773 894; x_wconf 90' lang='lat' dir='ltr'><strong>iisdem</strong></span> <span class='ocrx_word' id='word_1_12' title='bbox 792 830 981 893; x_wconf 84' lang='lat' dir='ltr'>censoribus</span> <span class='ocrx_word' id='word_1_13' title='bbox 993 830 1096 898; x_wconf 89' lang='lat' dir='ltr'><strong>lectus</strong></span> <span class='ocrx_word' id='word_1_14' title='bbox 1112 851 1161 899; x_wconf 92' lang='lat' dir='ltr'><strong>est</strong></span> 
     </span>
     <span class='ocr_line' id='line_1_3' title="bbox 103 930 1161 1020; baseline 0.004 -23"><span class='ocrx_word' id='word_1_15' title='bbox 103 935 138 997; x_wconf 94' lang='lat' dir='ltr'><strong>P.</strong></span> <span class='ocrx_word' id='word_1_16' title='bbox 154 934 321 996; x_wconf 77' lang='lat' dir='ltr'><strong>Lentulus.</strong></span> <span class='ocrx_word' id='word_1_17' title='bbox 339 931 456 997; x_wconf 87' lang='lat' dir='ltr'><strong>lisdem</strong></span> <span class='ocrx_word' id='word_1_18' title='bbox 468 932 668 1020; x_wconf 84' lang='lat' dir='ltr'><strong>temporibus</strong></span> <span class='ocrx_word' id='word_1_19' title='bbox 683 930 740 994; x_wconf 91' lang='lat' dir='ltr'><strong>diu</strong></span> <span class='ocrx_word' id='word_1_20' title='bbox 747 930 812 1010; x_wconf 88' lang='lat' dir='ltr'><strong>jam</strong></span> <span class='ocrx_word' id='word_1_21' title='bbox 824 931 915 1018; x_wconf 85' lang='lat' dir='ltr'><strong>quasi</strong></span> <span class='ocrx_word' id='word_1_22' title='bbox 928 930 989 996; x_wconf 90' lang='lat' dir='ltr'><strong>sub</strong></span> <span class='ocrx_word' id='word_1_23' title='bbox 999 932 1161 1001; x_wconf 86' lang='lat' dir='ltr'><strong>cineribus</strong></span> 
     </span>
     <span class='ocr_line' id='line_1_4' title="bbox 102 1033 1185 1122; baseline 0.005 -27"><span class='ocrx_word' id='word_1_24' title='bbox 102 1035 239 1122; x_wconf 83' lang='lat' dir='ltr'>gliscens</span> <span class='ocrx_word' id='word_1_25' title='bbox 261 1034 361 1122; x_wconf 85' lang='lat' dir='ltr'><strong>ignis,</strong></span> <span class='ocrx_word' id='word_1_26' title='bbox 383 1033 608 1112; x_wconf 88' lang='lat' dir='ltr'><strong>conjuratione</strong></span> <span class='ocrx_word' id='word_1_27' title='bbox 631 1033 802 1121; x_wconf 74' lang='lat' dir='ltr'>fregellana</span> <span class='ocrx_word' id='word_1_28' title='bbox 826 1033 972 1112; x_wconf 86' lang='lat' dir='ltr'><strong>emicuit,</strong></span> <span class='ocrx_word' id='word_1_29' title='bbox 996 1034 1162 1120; x_wconf 87' lang='lat' dir='ltr'><strong>aliquanto</strong></span> <span class='ocrx_word' id='word_1_30' title='bbox 1180 1049 1185 1055; x_wconf 83' lang='lat'>&#39;</span> 
     </span>
     <span class='ocr_line' id='line_1_5' title="bbox 104 1132 1161 1222; baseline 0.002 -24"><span class='ocrx_word' id='word_1_31' title='bbox 104 1135 325 1216; x_wconf 87' lang='lat' dir='ltr'><strong>immaturius,</strong></span> <span class='ocrx_word' id='word_1_32' title='bbox 350 1157 453 1220; x_wconf 91' lang='lat' dir='ltr'><strong>eoque</strong></span> <span class='ocrx_word' id='word_1_33' title='bbox 474 1134 724 1222; x_wconf 82' lang='lat' dir='ltr'><strong>reprimentibus</strong></span> <span class='ocrx_word' id='word_1_34' title='bbox 751 1134 881 1196; x_wconf 83' lang='lat' dir='ltr'><strong>facilior.</strong></span> <span class='ocrx_word' id='word_1_35' title='bbox 900 1134 969 1197; x_wconf 90' lang='lat' dir='ltr'><strong>Nec</strong></span> <span class='ocrx_word' id='word_1_36' title='bbox 989 1132 1161 1199; x_wconf 88' lang='lat' dir='ltr'><strong>dubitaba-</strong></span> 
     </span>
     <span class='ocr_line' id='line_1_6' title="bbox 104 1233 1162 1323; baseline 0.003 -26"><span class='ocrx_word' id='word_1_37' title='bbox 104 1251 174 1313; x_wconf 90' lang='lat' dir='ltr'><strong>tur,</strong></span> <span class='ocrx_word' id='word_1_38' title='bbox 189 1235 214 1297; x_wconf 90' lang='lat' dir='ltr'><strong>si</strong></span> <span class='ocrx_word' id='word_1_39' title='bbox 229 1235 350 1299; x_wconf 92' lang='lat' dir='ltr'><strong>diutius</strong></span> <span class='ocrx_word' id='word_1_40' title='bbox 360 1236 424 1323; x_wconf 87' lang='lat' dir='ltr'><strong>tegi</strong></span> <span class='ocrx_word' id='word_1_41' title='bbox 437 1235 568 1297; x_wconf 90' lang='lat' dir='ltr'><strong>consilia</strong></span> <span class='ocrx_word' id='word_1_42' title='bbox 583 1233 783 1297; x_wconf 89' lang='lat' dir='ltr'><strong>defectorum</strong></span> <span class='ocrx_word' id='word_1_43' title='bbox 798 1235 995 1322; x_wconf 89' lang='lat' dir='ltr'><strong>potuissent,</strong></span> <span class='ocrx_word' id='word_1_44' title='bbox 1008 1236 1087 1321; x_wconf 89' lang='lat' dir='ltr'><strong>quin</strong></span> <span class='ocrx_word' id='word_1_45' title='bbox 1098 1237 1162 1300; x_wconf 92' lang='lat' dir='ltr'><strong>bel·</strong></span> 
     </span>
     <span class='ocr_line' id='line_1_7' title="bbox 103 1335 1183 1424; baseline 0.003 -27"><span class='ocrx_word' id='word_1_46' title='bbox 103 1337 170 1399; x_wconf 88' lang='lat' dir='ltr'><strong>lum</strong></span> <span class='ocrx_word' id='word_1_47' title='bbox 182 1337 315 1416; x_wconf 83' lang='lat' dir='ltr'><strong>sociale,</strong></span> <span class='ocrx_word' id='word_1_48' title='bbox 329 1335 418 1423; x_wconf 91' lang='lat' dir='ltr'><strong>quod</strong></span> <span class='ocrx_word' id='word_1_49' title='bbox 428 1352 502 1424; x_wconf 90' lang='lat' dir='ltr'><strong>post</strong></span> <span class='ocrx_word' id='word_1_50' title='bbox 510 1335 632 1422; x_wconf 87' lang='lat' dir='ltr'><strong>aliquot</strong></span> <span class='ocrx_word' id='word_1_51' title='bbox 644 1357 745 1398; x_wconf 88' lang='lat' dir='ltr'><strong>annos</strong></span> <span class='ocrx_word' id='word_1_52' title='bbox 757 1335 1026 1398; x_wconf 88' lang='lat' dir='ltr'><strong>violentissimum</strong></span> <span class='ocrx_word' id='word_1_53' title='bbox 1036 1337 1162 1418; x_wconf 79' lang='lat' dir='ltr'><strong>exarsit,</strong></span> <span class='ocrx_word' id='word_1_54' title='bbox 1177 1406 1183 1414; x_wconf 51' lang='lat'><strong>.</strong></span> 
     </span>
     <span class='ocr_line' id='line_1_8' title="bbox 103 1436 1162 1524; baseline 0.004 -26"><span class='ocrx_word' id='word_1_55' title='bbox 103 1460 142 1498; x_wconf 89' lang='lat' dir='ltr'><strong>co</strong></span> <span class='ocrx_word' id='word_1_56' title='bbox 153 1437 261 1524; x_wconf 90' lang='lat' dir='ltr'><strong>potius</strong></span> <span class='ocrx_word' id='word_1_57' title='bbox 274 1453 418 1523; x_wconf 88' lang='lat' dir='ltr'><strong>tempore</strong></span> <span class='ocrx_word' id='word_1_58' title='bbox 428 1437 527 1499; x_wconf 84' lang='lat' dir='ltr'><strong>fuerit</strong></span> <span class='ocrx_word' id='word_1_59' title='bbox 540 1451 744 1524; x_wconf 90' lang='lat' dir='ltr'><strong>erupturum.</strong></span> <span class='ocrx_word' id='word_1_60' title='bbox 759 1436 857 1500; x_wconf 90' lang='lat' dir='ltr'><strong>Nunc</strong></span> <span class='ocrx_word' id='word_1_61' title='bbox 868 1437 1054 1524; x_wconf 87' lang='lat' dir='ltr'><strong>priusquam</strong></span> <span class='ocrx_word' id='word_1_62' title='bbox 1067 1438 1162 1502; x_wconf 87' lang='lat' dir='ltr'><strong>latius</strong></span> 
     </span>
     <span class='ocr_line' id='line_1_9' title="bbox 103 1534 1163 1626; baseline 0.004 -28"><span class='ocrx_word' id='word_1_63' title='bbox 103 1538 252 1624; x_wconf 84' lang='lat' dir='ltr'><strong>contagio</strong></span> <span class='ocrx_word' id='word_1_64' title='bbox 275 1552 434 1622; x_wconf 87' lang='lat' dir='ltr'><strong>serperet,</strong></span> <span class='ocrx_word' id='word_1_65' title='bbox 458 1536 661 1626; x_wconf 84' lang='lat' dir='ltr'><strong>fregellanam</strong></span> <span class='ocrx_word' id='word_1_66' title='bbox 683 1534 797 1600; x_wconf 90' lang='lat' dir='ltr'><strong>urbem</strong></span> <span class='ocrx_word' id='word_1_67' title='bbox 818 1539 852 1601; x_wconf 91' lang='lat' dir='ltr'><strong>L.</strong></span> <span class='ocrx_word' id='word_1_68' title='bbox 869 1536 1019 1623; x_wconf 90' lang='lat' dir='ltr'><strong>Opimius</strong></span> <span class='ocrx_word' id='word_1_69' title='bbox 1043 1554 1163 1625; x_wconf 83' lang='lat' dir='ltr'><strong>praetor</strong></span> 
     </span>
     <span class='ocr_line' id='line_1_10' title="bbox 103 1636 1162 1724; baseline 0.006 -26"><span class='ocrx_word' id='word_1_70' title='bbox 103 1636 272 1699; x_wconf 86' lang='lat' dir='ltr'><strong>obsidione</strong></span> <span class='ocrx_word' id='word_1_71' title='bbox 286 1636 442 1718; x_wconf 87' lang='lat' dir='ltr'><strong>cinctam,</strong></span> <span class='ocrx_word' id='word_1_72' title='bbox 459 1660 562 1724; x_wconf 91' lang='lat' dir='ltr'><strong>quum</strong></span> <span class='ocrx_word' id='word_1_73' title='bbox 578 1637 619 1700; x_wconf 91' lang='lat' dir='ltr'><strong>ad</strong></span> <span class='ocrx_word' id='word_1_74' title='bbox 637 1637 759 1700; x_wconf 88' lang='lat' dir='ltr'><strong>bellum</strong></span> <span class='ocrx_word' id='word_1_75' title='bbox 776 1636 980 1702; x_wconf 88' lang='lat' dir='ltr'><strong>tolerandum</strong></span> <span class='ocrx_word' id='word_1_76' title='bbox 996 1640 1092 1703; x_wconf 91' lang='lat' dir='ltr'><strong>nullis</strong></span> <span class='ocrx_word' id='word_1_77' title='bbox 1110 1662 1162 1703; x_wconf 88' lang='lat' dir='ltr'><strong>re-</strong></span> 
     </span>
     <span class='ocr_line' id='line_1_11' title="bbox 102 1735 1164 1826; baseline 0.006 -28"><span class='ocrx_word' id='word_1_78' title='bbox 102 1735 163 1798; x_wconf 89' lang='lat' dir='ltr'><strong>bus</strong></span> <span class='ocrx_word' id='word_1_79' title='bbox 177 1737 251 1799; x_wconf 91' lang='lat' dir='ltr'><strong>satis</strong></span> <span class='ocrx_word' id='word_1_80' title='bbox 265 1737 422 1800; x_wconf 85' lang='lat' dir='ltr'><strong>instructa</strong></span> <span class='ocrx_word' id='word_1_81' title='bbox 433 1753 532 1817; x_wconf 88' lang='lat' dir='ltr'><strong>esset,</strong></span> <span class='ocrx_word' id='word_1_82' title='bbox 547 1737 635 1802; x_wconf 88' lang='lat' dir='ltr'><strong>haud</strong></span> <span class='ocrx_word' id='word_1_83' title='bbox 644 1735 818 1802; x_wconf 85' lang='lat' dir='ltr'><strong>difficulter</strong></span> <span class='ocrx_word' id='word_1_84' title='bbox 827 1739 860 1801; x_wconf 96' lang='lat' dir='ltr'><strong>in</strong></span> <span class='ocrx_word' id='word_1_85' title='bbox 873 1754 1065 1826; x_wconf 90' lang='lat' dir='ltr'><strong>potestatem</strong></span> <span class='ocrx_word' id='word_1_86' title='bbox 1075 1739 1164 1806; x_wconf 89' lang='lat' dir='ltr'><strong>rede·</strong></span> 
     </span>
     <span class='ocr_line' id='line_1_12' title="bbox 103 1837 1163 1927; baseline 0.006 -29"><span class='ocrx_word' id='word_1_87' title='bbox 103 1838 148 1925; x_wconf 83' lang='lat' dir='ltr'><strong>git</strong></span> <span class='ocrx_word' id='word_1_88' title='bbox 160 1861 169 1916; x_wconf 91' lang='lat'>;</span> <span class='ocrx_word' id='word_1_89' title='bbox 183 1837 342 1925; x_wconf 90' lang='lat' dir='ltr'><strong>prodente</strong></span> <span class='ocrx_word' id='word_1_90' title='bbox 355 1839 487 1927; x_wconf 89' lang='lat' dir='ltr'><strong>insuper</strong></span> <span class='ocrx_word' id='word_1_91' title='bbox 500 1839 637 1926; x_wconf 84' lang='lat' dir='ltr'><strong>patrIam</strong></span> <span class='ocrx_word' id='word_1_92' title='bbox 653 1839 694 1919; x_wconf 89' lang='lat' dir='ltr'><strong>Q.</strong></span> <span class='ocrx_word' id='word_1_93' title='bbox 706 1839 893 1903; x_wconf 90' lang='lat' dir='ltr'><strong>Numitorio</strong></span> <span class='ocrx_word' id='word_1_94' title='bbox 906 1839 1012 1903; x_wconf 92' lang='lat' dir='ltr'><strong>Pullo.</strong></span> <span class='ocrx_word' id='word_1_95' title='bbox 1030 1841 1163 1927; x_wconf 76' lang='lat' dir='ltr'><strong>Captum</strong></span> 
     </span>
     <span class='ocr_line' id='line_1_13' title="bbox 103 1939 1163 2028; baseline 0.005 -28"><span class='ocrx_word' id='word_1_96' title='bbox 103 1939 217 2002; x_wconf 90' lang='lat' dir='ltr'><strong>urbem</strong></span> <span class='ocrx_word' id='word_1_97' title='bbox 235 1939 319 2002; x_wconf 88' lang='lat' dir='ltr'><strong>dirui</strong></span> <span class='ocrx_word' id='word_1_98' title='bbox 333 1955 482 2027; x_wconf 90' lang='lat' dir='ltr'><strong>oportere</strong></span> <span class='ocrx_word' id='word_1_99' title='bbox 501 1962 567 2003; x_wconf 91' lang='lat' dir='ltr'><strong>non</strong></span> <span class='ocrx_word' id='word_1_100' title='bbox 586 1940 795 2003; x_wconf 90' lang='lat' dir='ltr'><strong>dubitatum:</strong></span> <span class='ocrx_word' id='word_1_101' title='bbox 813 1939 853 2003; x_wconf 91' lang='lat' dir='ltr'><strong>de</strong></span> <span class='ocrx_word' id='word_1_102' title='bbox 869 1940 1052 2028; x_wconf 88' lang='lat' dir='ltr'><strong>principum</strong></span> <span class='ocrx_word' id='word_1_103' title='bbox 1069 1964 1163 2027; x_wconf 83' lang='lat' dir='ltr'><strong>poena</strong></span> 
     </span>
     <span class='ocr_line' id='line_1_14' title="bbox 104 2039 1163 2129; baseline 0.001 -28"><span class='ocrx_word' id='word_1_104' title='bbox 104 2063 208 2126; x_wconf 91' lang='lat' dir='ltr'><strong>quum</strong></span> <span class='ocrx_word' id='word_1_105' title='bbox 227 2040 260 2103; x_wconf 92' lang='lat' dir='ltr'><strong>in</strong></span> <span class='ocrx_word' id='word_1_106' title='bbox 277 2041 412 2104; x_wconf 90' lang='lat' dir='ltr'><strong>consilio</strong></span> <span class='ocrx_word' id='word_1_107' title='bbox 435 2039 683 2121; x_wconf 87' lang='lat' dir='ltr'><strong>deliberaretur,</strong></span> <span class='ocrx_word' id='word_1_108' title='bbox 701 2040 932 2129; x_wconf 90' lang='lat' dir='ltr'><strong>plerorumque</strong></span> <span class='ocrx_word' id='word_1_109' title='bbox 955 2039 1043 2102; x_wconf 90' lang='lat' dir='ltr'><strong>haud</strong></span> <span class='ocrx_word' id='word_1_110' title='bbox 1062 2040 1163 2104; x_wconf 88' lang='lat' dir='ltr'><strong>ambi·</strong></span> 
     </span>
     <span class='ocr_line' id='line_1_15' title="bbox 103 2139 1162 2231; baseline 0.003 -28"><span class='ocrx_word' id='word_1_111' title='bbox 103 2163 166 2228; x_wconf 82' lang='lat' dir='ltr'><strong>gua</strong></span> <span class='ocrx_word' id='word_1_112' title='bbox 177 2139 447 2206; x_wconf 86' lang='lat' dir='ltr'><strong>condemnatione</strong></span> <span class='ocrx_word' id='word_1_113' title='bbox 459 2190 467 2222; x_wconf 93' lang='lat'>‚</span> <span class='ocrx_word' id='word_1_114' title='bbox 480 2141 537 2205; x_wconf 92' lang='lat' dir='ltr'><strong>diu</strong></span> <span class='ocrx_word' id='word_1_115' title='bbox 550 2144 666 2231; x_wconf 83' lang='lat' dir='ltr'><strong>agitata</strong></span> <span class='ocrx_word' id='word_1_116' title='bbox 680 2142 711 2204; x_wconf 92' lang='lat' dir='ltr'>N</span> <span class='ocrx_word' id='word_1_117' title='bbox 712 2141 859 2205; x_wconf 83' lang='lat' dir='ltr'><strong>unritorii</strong></span> <span class='ocrx_word' id='word_1_118' title='bbox 873 2163 967 2204; x_wconf 88' lang='lat' dir='ltr'><strong>causa</strong></span> <span class='ocrx_word' id='word_1_119' title='bbox 981 2157 1044 2221; x_wconf 87' lang='lat' dir='ltr'><strong>est,</strong></span> <span class='ocrx_word' id='word_1_120' title='bbox 1058 2163 1162 2229; x_wconf 90' lang='lat' dir='ltr'><strong>quum</strong></span> 
     </span>
     <span class='ocr_line' id='line_1_16' title="bbox 103 2240 1163 2329; baseline 0.001 -25"><span class='ocrx_word' id='word_1_121' title='bbox 103 2265 214 2306; x_wconf 89' lang='lat' dir='ltr'><strong>recens</strong></span> <span class='ocrx_word' id='word_1_122' title='bbox 232 2242 400 2321; x_wconf 89' lang='lat' dir='ltr'><strong>meritum,</strong></span> <span class='ocrx_word' id='word_1_123' title='bbox 415 2242 578 2329; x_wconf 89' lang='lat' dir='ltr'><strong>prioribus</strong></span> <span class='ocrx_word' id='word_1_124' title='bbox 593 2241 787 2329; x_wconf 90' lang='lat' dir='ltr'><strong>quibusdam</strong></span> <span class='ocrx_word' id='word_1_125' title='bbox 802 2241 895 2305; x_wconf 88' lang='lat' dir='ltr'><strong>dictis</strong></span> <span class='ocrx_word' id='word_1_126' title='bbox 909 2241 978 2321; x_wconf 85' lang='lat' dir='ltr'><strong>ejus</strong></span> <span class='ocrx_word' id='word_1_127' title='bbox 990 2240 1163 2328; x_wconf 86' lang='lat' dir='ltr'><strong>factisque,</strong></span> 
     </span>
     <span class='ocr_line' id='line_1_17' title="bbox 103 2343 1164 2432; baseline -0.001 -25"><span class='ocrx_word' id='word_1_128' title='bbox 103 2344 222 2430; x_wconf 90' lang='lat' dir='ltr'><strong>quibus</strong></span> <span class='ocrx_word' id='word_1_129' title='bbox 240 2367 387 2407; x_wconf 84' lang='lat' dir='ltr'><strong>aversum</strong></span> <span class='ocrx_word' id='word_1_130' title='bbox 404 2366 422 2406; x_wconf 91' lang='lat' dir='ltr'><strong>a</strong></span> <span class='ocrx_word' id='word_1_131' title='bbox 438 2343 560 2432; x_wconf 91' lang='lat' dir='ltr'><strong>populo</strong></span> <span class='ocrx_word' id='word_1_132' title='bbox 576 2365 712 2407; x_wconf 89' lang='lat' dir='ltr'><strong>romano</strong></span> <span class='ocrx_word' id='word_1_133' title='bbox 736 2343 882 2405; x_wconf 84' lang='lat' dir='ltr'><strong>animum</strong></span> <span class='ocrx_word' id='word_1_134' title='bbox 905 2357 1093 2428; x_wconf 85' lang='lat' dir='ltr'><strong>aperuerat,</strong></span> <span class='ocrx_word' id='word_1_135' title='bbox 1118 2343 1164 2406; x_wconf 88' lang='lat' dir='ltr'><strong>le·</strong></span> 
     </span>
     <span class='ocr_line' id='line_1_18' title="bbox 103 2441 1162 2530; baseline -0.002 -22"><span class='ocrx_word' id='word_1_136' title='bbox 103 2443 348 2508; x_wconf 86' lang='lat' dir='ltr'><strong>riusvideretur</strong></span> <span class='ocrx_word' id='word_1_137' title='bbox 365 2467 372 2506; x_wconf 93' lang='lat'><strong>:</strong></span> <span class='ocrx_word' id='word_1_138' title='bbox 391 2442 431 2506; x_wconf 92' lang='lat' dir='ltr'><strong>ad</strong></span> <span class='ocrx_word' id='word_1_139' title='bbox 448 2460 628 2508; x_wconf 84' lang='lat' dir='ltr'><strong>extremum</strong></span> <span class='ocrx_word' id='word_1_140' title='bbox 643 2459 751 2506; x_wconf 87' lang='lat' dir='ltr'><strong>tamen</strong></span> <span class='ocrx_word' id='word_1_141' title='bbox 767 2441 952 2530; x_wconf 88' lang='lat' dir='ltr'><strong>deprecanti</strong></span> <span class='ocrx_word' id='word_1_142' title='bbox 966 2442 1059 2505; x_wconf 89' lang='lat' dir='ltr'><strong>venia</strong></span> <span class='ocrx_word' id='word_1_143' title='bbox 1073 2442 1162 2524; x_wconf 82' lang='lat' dir='ltr'><strong>data3</strong></span> 
     </span>
     <span class='ocr_line' id='line_1_19' title="bbox 103 2542 1161 2634; baseline -0.001 -26"><span class='ocrx_word' id='word_1_144' title='bbox 103 2547 241 2634; x_wconf 88' lang='lat' dir='ltr'><strong>plusque</strong></span> <span class='ocrx_word' id='word_1_145' title='bbox 263 2545 381 2627; x_wconf 89' lang='lat' dir='ltr'><strong>valuit,</strong></span> <span class='ocrx_word' id='word_1_146' title='bbox 404 2544 493 2632; x_wconf 91' lang='lat' dir='ltr'><strong>quod</strong></span> <span class='ocrx_word' id='word_1_147' title='bbox 518 2545 564 2608; x_wconf 88' lang='lat' dir='ltr'><strong>rei</strong></span> <span class='ocrx_word' id='word_1_148' title='bbox 585 2567 727 2608; x_wconf 83' lang='lat' dir='ltr'><strong>romanae</strong></span> <span class='ocrx_word' id='word_1_149' title='bbox 746 2544 930 2631; x_wconf 88' lang='lat' dir='ltr'><strong>profuerat,</strong></span> <span class='ocrx_word' id='word_1_150' title='bbox 956 2565 1053 2629; x_wconf 90' lang='lat' dir='ltr'><strong>quam</strong></span> <span class='ocrx_word' id='word_1_151' title='bbox 1072 2542 1161 2631; x_wconf 90' lang='lat' dir='ltr'><strong>quod</strong></span> 
     </span>
     <span class='ocr_line' id='line_1_20' title="bbox 104 2648 593 2737; baseline -0.002 -27"><span class='ocrx_word' id='word_1_152' title='bbox 104 2671 221 2711; x_wconf 88' lang='lat' dir='ltr'><strong>nocere</strong></span> <span class='ocrx_word' id='word_1_153' title='bbox 234 2648 374 2711; x_wconf 85' lang='lat' dir='ltr'><strong>voluisse</strong></span> <span class='ocrx_word' id='word_1_154' title='bbox 390 2648 593 2737; x_wconf 82' lang='lat' dir='ltr'><strong>arguebatur.</strong></span> 
     </span>
    </p>

    <p class='ocr_par' dir='ltr' id='par_1_3' title="bbox 103 2742 1163 3517">
     <span class='ocr_line' id='line_1_21' title="bbox 148 2742 1163 2832; baseline -0.003 -20"><span class='ocrx_word' id='word_1_155' title='bbox 148 2750 266 2812; x_wconf 85' lang='lat' dir='ltr'><strong>XXIV.</strong></span> <span class='ocrx_word' id='word_1_156' title='bbox 286 2752 332 2812; x_wconf 87' lang='lat' dir='ltr'><strong>Ita</strong></span> <span class='ocrx_word' id='word_1_157' title='bbox 350 2748 435 2811; x_wconf 94' lang='lat' dir='ltr'><strong>bello</strong></span> <span class='ocrx_word' id='word_1_158' title='bbox 457 2747 590 2809; x_wconf 88' lang='lat' dir='ltr'><strong>feliciter</strong></span> <span class='ocrx_word' id='word_1_159' title='bbox 606 2761 715 2832; x_wconf 86' lang='lat' dir='ltr'><strong>gesto,</strong></span> <span class='ocrx_word' id='word_1_160' title='bbox 732 2743 946 2828; x_wconf 84' lang='lat' dir='ltr'><strong>maximisque</strong></span> <span class='ocrx_word' id='word_1_161' title='bbox 960 2742 1110 2829; x_wconf 85' lang='lat' dir='ltr'><strong>periculis</strong></span> <span class='ocrx_word' id='word_1_162' title='bbox 1127 2744 1163 2809; x_wconf 91' lang='lat' dir='ltr'><strong>li·</strong></span> 
     </span>
     <span class='ocr_line' id='line_1_22' title="bbox 105 2842 1163 2936; baseline -0.006 -24"><span class='ocrx_word' id='word_1_163' title='bbox 105 2850 213 2912; x_wconf 89' lang='lat' dir='ltr'><strong>berata</strong></span> <span class='ocrx_word' id='word_1_164' title='bbox 229 2848 409 2936; x_wconf 88' lang='lat' dir='ltr'><strong>republica,</strong></span> <span class='ocrx_word' id='word_1_165' title='bbox 426 2847 581 2932; x_wconf 91' lang='lat' dir='ltr'><strong>quoniam</strong></span> <span class='ocrx_word' id='word_1_166' title='bbox 595 2845 659 2908; x_wconf 90' lang='lat' dir='ltr'><strong>hoc</strong></span> <span class='ocrx_word' id='word_1_167' title='bbox 675 2860 797 2906; x_wconf 86' lang='lat' dir='ltr'><strong>terrore</strong></span> <span class='ocrx_word' id='word_1_168' title='bbox 812 2865 996 2930; x_wconf 85' lang='lat' dir='ltr'><strong>compressa</strong></span> <span class='ocrx_word' id='word_1_169' title='bbox 1010 2842 1163 2906; x_wconf 86' lang='lat' dir='ltr'><strong>inhibita·</strong></span> 
     </span>
     <span class='ocr_line' id='line_1_23' title="bbox 104 2942 1163 3035; baseline -0.004 -23"><span class='ocrx_word' id='word_1_170' title='bbox 104 2972 166 3035; x_wconf 93' lang='lat' dir='ltr'><strong>que</strong></span> <span class='ocrx_word' id='word_1_171' title='bbox 179 2950 343 3011; x_wconf 87' lang='lat' dir='ltr'><strong>sociorum</strong></span> <span class='ocrx_word' id='word_1_172' title='bbox 360 2946 450 3009; x_wconf 89' lang='lat' dir='ltr'><strong>latini</strong></span> <span class='ocrx_word' id='word_1_173' title='bbox 467 2946 606 3009; x_wconf 90' lang='lat' dir='ltr'><strong>nominis</strong></span> <span class='ocrx_word' id='word_1_174' title='bbox 620 2944 814 3032; x_wconf 89' lang='lat' dir='ltr'><strong>conspiratio</strong></span> <span class='ocrx_word' id='word_1_175' title='bbox 829 2943 949 3024; x_wconf 83' lang='lat' dir='ltr'><strong>fuerat,</strong></span> <span class='ocrx_word' id='word_1_176' title='bbox 964 2945 998 3007; x_wconf 91' lang='lat' dir='ltr'><strong>L.</strong></span> <span class='ocrx_word' id='word_1_177' title='bbox 1013 2942 1163 3031; x_wconf 88' lang='lat' dir='ltr'><strong>Opimius</strong></span> 
     </span>
     <span class='ocr_line' id='line_1_24' title="bbox 105 3045 1162 3138; baseline -0.002 -27"><span class='ocrx_word' id='word_1_178' title='bbox 105 3050 306 3138; x_wconf 87' lang='lat' dir='ltr'><strong>triumphurn</strong></span> <span class='ocrx_word' id='word_1_179' title='bbox 322 3047 434 3135; x_wconf 87' lang='lat' dir='ltr'><strong>petiit,</strong></span> <span class='ocrx_word' id='word_1_180' title='bbox 452 3069 511 3111; x_wconf 91' lang='lat' dir='ltr'><strong>nec</strong></span> <span class='ocrx_word' id='word_1_181' title='bbox 523 3047 704 3136; x_wconf 88' lang='lat' dir='ltr'><strong>impetrarit</strong></span> <span class='ocrx_word' id='word_1_182' title='bbox 723 3070 731 3111; x_wconf 92' lang='lat'>:</span> <span class='ocrx_word' id='word_1_183' title='bbox 750 3069 816 3109; x_wconf 95' lang='lat' dir='ltr'><strong>non</strong></span> <span class='ocrx_word' id='word_1_184' title='bbox 832 3045 911 3133; x_wconf 93' lang='lat' dir='ltr'><strong>quin</strong></span> <span class='ocrx_word' id='word_1_185' title='bbox 926 3068 978 3108; x_wconf 91' lang='lat' dir='ltr'><strong>res</strong></span> <span class='ocrx_word' id='word_1_186' title='bbox 994 3045 1162 3132; x_wconf 87' lang='lat' dir='ltr'><strong>triumpho</strong></span> 
     </span>
     <span class='ocr_line' id='line_1_25' title="bbox 104 3146 1161 3238; baseline -0.004 -24"><span class='ocrx_word' id='word_1_187' title='bbox 104 3151 207 3238; x_wconf 84' lang='lat' dir='ltr'><strong>dignae</strong></span> <span class='ocrx_word' id='word_1_188' title='bbox 225 3151 429 3229; x_wconf 89' lang='lat' dir='ltr'><strong>riderentur,</strong></span> <span class='ocrx_word' id='word_1_189' title='bbox 444 3148 501 3212; x_wconf 91' lang='lat' dir='ltr'><strong>sed</strong></span> <span class='ocrx_word' id='word_1_190' title='bbox 520 3149 595 3236; x_wconf 91' lang='lat' dir='ltr'><strong>quia</strong></span> <span class='ocrx_word' id='word_1_191' title='bbox 611 3147 652 3212; x_wconf 92' lang='lat' dir='ltr'><strong>de</strong></span> <span class='ocrx_word' id='word_1_192' title='bbox 671 3148 807 3235; x_wconf 89' lang='lat' dir='ltr'><strong>receptis</strong></span> <span class='ocrx_word' id='word_1_193' title='bbox 825 3148 954 3235; x_wconf 93' lang='lat' dir='ltr'><strong>populis</strong></span> <span class='ocrx_word' id='word_1_194' title='bbox 969 3146 1161 3234; x_wconf 88' lang='lat' dir='ltr'><strong>triumphari</strong></span> 
     </span>
     <span class='ocr_line' id='line_1_26' title="bbox 103 3249 1163 3340; baseline -0.005 -24"><span class='ocrx_word' id='word_1_195' title='bbox 103 3255 205 3316; x_wconf 89' lang='lat' dir='ltr'><strong>solere</strong></span> <span class='ocrx_word' id='word_1_196' title='bbox 217 3269 347 3318; x_wconf 89' lang='lat' dir='ltr'><strong>senatus</strong></span> <span class='ocrx_word' id='word_1_197' title='bbox 362 3252 515 3340; x_wconf 70' lang='lat' dir='ltr'><strong>negabat,</strong></span> <span class='ocrx_word' id='word_1_198' title='bbox 531 3250 724 3338; x_wconf 86' lang='lat' dir='ltr'><strong>augentibus</strong></span> <span class='ocrx_word' id='word_1_199' title='bbox 738 3249 929 3337; x_wconf 89' lang='lat' dir='ltr'><strong>imperium,</strong></span> <span class='ocrx_word' id='word_1_200' title='bbox 946 3270 1014 3311; x_wconf 92' lang='lat' dir='ltr'><strong>non</strong></span> <span class='ocrx_word' id='word_1_201' title='bbox 1030 3269 1163 3335; x_wconf 90' lang='lat' dir='ltr'><strong>recupe-</strong></span> 
     </span>
     <span class='ocr_line' id='line_1_27' title="bbox 104 3346 1163 3438; baseline -0.006 -23"><span class='ocrx_word' id='word_1_202' title='bbox 104 3355 249 3418; x_wconf 88' lang='lat' dir='ltr'><strong>rantibus</strong></span> <span class='ocrx_word' id='word_1_203' title='bbox 258 3356 389 3435; x_wconf 85' lang='lat' dir='ltr'><strong>amissa,</strong></span> <span class='ocrx_word' id='word_1_204' title='bbox 401 3354 561 3417; x_wconf 90' lang='lat' dir='ltr'><strong>honorem</strong></span> <span class='ocrx_word' id='word_1_205' title='bbox 575 3352 671 3415; x_wconf 91' lang='lat' dir='ltr'><strong>istum</strong></span> <span class='ocrx_word' id='word_1_206' title='bbox 682 3350 862 3438; x_wconf 90' lang='lat' dir='ltr'><strong>antiquitus</strong></span> <span class='ocrx_word' id='word_1_207' title='bbox 874 3346 1057 3427; x_wconf 89' lang='lat' dir='ltr'><strong>decretum,</strong></span> <span class='ocrx_word' id='word_1_208' title='bbox 1070 3346 1163 3410; x_wconf 91' lang='lat' dir='ltr'><strong>dicti-</strong></span> 
     </span>
     <span class='ocr_line' id='line_1_28' title="bbox 104 3455 213 3517; baseline 0.018 -2"><span class='ocrx_word' id='word_1_209' title='bbox 104 3455 213 3517; x_wconf 89' lang='lat' dir='ltr'><strong>tando.</strong></span> 
     </span>
    </p>

    <p class='ocr_par' dir='ltr' id='par_1_4' title="bbox 105 3550 1162 4041">
     <span class='ocr_line' id='line_1_29' title="bbox 150 3550 1161 3640; baseline -0.002 -24"><span class='ocrx_word' id='word_1_210' title='bbox 150 3555 251 3617; x_wconf 93' lang='lat' dir='ltr'><strong>XXV.</strong></span> <span class='ocrx_word' id='word_1_211' title='bbox 273 3558 432 3620; x_wconf 86' lang='lat' dir='ltr'><strong>Caeterum</strong></span> <span class='ocrx_word' id='word_1_212' title='bbox 457 3557 510 3620; x_wconf 88' lang='lat' dir='ltr'><strong>ille</strong></span> <span class='ocrx_word' id='word_1_213' title='bbox 535 3556 694 3619; x_wconf 90' lang='lat' dir='ltr'><strong>tumultus</strong></span> <span class='ocrx_word' id='word_1_214' title='bbox 722 3552 898 3640; x_wconf 84' lang='lat' dir='ltr'><strong>(turnultus</strong></span> <span class='ocrx_word' id='word_1_215' title='bbox 924 3550 1011 3614; x_wconf 87' lang='lat' dir='ltr'><strong>enirn</strong></span> <span class='ocrx_word' id='word_1_216' title='bbox 1037 3551 1161 3632; x_wconf 86' lang='lat' dir='ltr'><strong>verius,</strong></span> 
     </span>
     <span class='ocr_line' id='line_1_30' title="bbox 105 3652 1161 3745; baseline -0.003 -28"><span class='ocrx_word' id='word_1_217' title='bbox 105 3678 202 3744; x_wconf 88' lang='lat' dir='ltr'><strong>quam</strong></span> <span class='ocrx_word' id='word_1_218' title='bbox 219 3656 357 3731; x_wconf 87' lang='lat' dir='ltr'><strong>bellurn,</strong></span> <span class='ocrx_word' id='word_1_219' title='bbox 373 3656 494 3744; x_wconf 78' lang='lat' dir='ltr'><strong>fuerat)</strong></span> <span class='ocrx_word' id='word_1_220' title='bbox 508 3680 608 3745; x_wconf 78' lang='lat' dir='ltr'><strong>aegros</strong></span> <span class='ocrx_word' id='word_1_221' title='bbox 623 3656 801 3718; x_wconf 90' lang='lat' dir='ltr'><strong>multorum</strong></span> <span class='ocrx_word' id='word_1_222' title='bbox 814 3653 939 3715; x_wconf 90' lang='lat' dir='ltr'><strong>animos</strong></span> <span class='ocrx_word' id='word_1_223' title='bbox 951 3652 1051 3740; x_wconf 82' lang='lat' dir='ltr'><strong>magis</strong></span> <span class='ocrx_word' id='word_1_224' title='bbox 1065 3652 1161 3715; x_wconf 88' lang='lat' dir='ltr'><strong>etiarn</strong></span> 
     </span>
     <span class='ocr_line' id='line_1_31' title="bbox 105 3751 1162 3844; baseline -0.006 -24"><span class='ocrx_word' id='word_1_225' title='bbox 105 3755 343 3844; x_wconf 90' lang='lat' dir='ltr'><strong>suspicionibus</strong></span> <span class='ocrx_word' id='word_1_226' title='bbox 360 3772 392 3819; x_wconf 91' lang='lat' dir='ltr'><strong>et</strong></span> <span class='ocrx_word' id='word_1_227' title='bbox 405 3780 482 3820; x_wconf 90' lang='lat' dir='ltr'><strong>cura</strong></span> <span class='ocrx_word' id='word_1_228' title='bbox 497 3757 684 3836; x_wconf 74' lang='lat' dir='ltr'><strong>maceravit,</strong></span> <span class='ocrx_word' id='word_1_229' title='bbox 698 3777 764 3818; x_wconf 92' lang='lat' dir='ltr'><strong>non</strong></span> <span class='ocrx_word' id='word_1_230' title='bbox 782 3753 851 3816; x_wconf 91' lang='lat' dir='ltr'><strong>sine</strong></span> <span class='ocrx_word' id='word_1_231' title='bbox 867 3751 986 3816; x_wconf 87' lang='lat' dir='ltr'><strong>invidia</strong></span> <span class='ocrx_word' id='word_1_232' title='bbox 1002 3754 1047 3816; x_wconf 87' lang='lat' dir='ltr'><strong>M.</strong></span> <span class='ocrx_word' id='word_1_233' title='bbox 1058 3754 1162 3817; x_wconf 86' lang='lat' dir='ltr'><strong>Fulvii</strong></span> 
     </span>
     <span class='ocr_line' id='line_1_32' title="bbox 105 3852 1162 3944; baseline -0.003 -24"><span class='ocrx_word' id='word_1_234' title='bbox 105 3857 268 3936; x_wconf 89' lang='lat' dir='ltr'><strong>consulis,</strong></span> <span class='ocrx_word' id='word_1_235' title='bbox 282 3855 415 3942; x_wconf 91' lang='lat' dir='ltr'><strong>Caiique</strong></span> <span class='ocrx_word' id='word_1_236' title='bbox 430 3856 584 3938; x_wconf 90' lang='lat' dir='ltr'><strong>Gracchi,</strong></span> <span class='ocrx_word' id='word_1_237' title='bbox 599 3879 665 3944; x_wconf 92' lang='lat' dir='ltr'><strong>quo</strong></span> <span class='ocrx_word' id='word_1_238' title='bbox 678 3854 840 3944; x_wconf 83' lang='lat' dir='ltr'><strong>praecipuo</strong></span> <span class='ocrx_word' id='word_1_239' title='bbox 853 3852 1021 3916; x_wconf 88' lang='lat' dir='ltr'><strong>incentore</strong></span> <span class='ocrx_word' id='word_1_240' title='bbox 1031 3854 1109 3917; x_wconf 91' lang='lat' dir='ltr'><strong>socii</strong></span> <span class='ocrx_word' id='word_1_241' title='bbox 1121 3852 1162 3917; x_wconf 89' lang='lat' dir='ltr'><strong>ad</strong></span> 
     </span>
     <span class='ocr_line' id='line_1_33' title="bbox 105 3953 1162 4041; baseline -0.007 -17"><span class='ocrx_word' id='word_1_242' title='bbox 105 3983 155 4024; x_wconf 89' lang='lat' dir='ltr'><strong>res</strong></span> <span class='ocrx_word' id='word_1_243' title='bbox 171 3982 270 4023; x_wconf 88' lang='lat' dir='ltr'><strong>novas</strong></span> <span class='ocrx_word' id='word_1_244' title='bbox 283 3958 519 4021; x_wconf 81' lang='lat' dir='ltr'><strong>consurrexisse</strong></span> <span class='ocrx_word' id='word_1_245' title='bbox 531 3957 729 4022; x_wconf 89' lang='lat' dir='ltr'><strong>dicebantur.</strong></span> <span class='ocrx_word' id='word_1_246' title='bbox 744 3954 848 4041; x_wconf 84' lang='lat' dir='ltr'><strong>Igitur</strong></span> <span class='ocrx_word' id='word_1_247' title='bbox 859 3974 965 4039; x_wconf 89' lang='lat' dir='ltr'><strong>neque</strong></span> <span class='ocrx_word' id='word_1_248' title='bbox 980 3968 1049 4017; x_wconf 88' lang='lat' dir='ltr'><strong>tum</strong></span> <span class='ocrx_word' id='word_1_249' title='bbox 1063 3953 1162 4041; x_wconf 85' lang='lat' dir='ltr'><strong>aequis</strong></span> 
     </span>
    </p>
   </div>
   <div class='ocr_carea' id='block_1_3' title="bbox 105 4197 1161 4513">
    <p class='ocr_par' dir='ltr' id='par_1_5' title="bbox 105 4197 1161 4513">
     <span class='ocr_line' id='line_1_34' title="bbox 140 4197 1161 4271; baseline -0.011 -16"><span class='ocrx_word' id='word_1_250' title='bbox 140 4209 156 4271; x_wconf 66' lang='lat' dir='ltr'>s</span> <span class='ocrx_word' id='word_1_251' title='bbox 170 4211 266 4257; x_wconf 81' lang='lat' dir='ltr'><strong>xxm.</strong></span> <span class='ocrx_word' id='word_1_252' title='bbox 277 4206 326 4255; x_wconf 83' lang='lat' dir='ltr'><strong>Jul.</strong></span> <span class='ocrx_word' id='word_1_253' title='bbox 336 4205 427 4269; x_wconf 84' lang='lat' dir='ltr'><strong>Obseq.</strong></span> <span class='ocrx_word' id='word_1_254' title='bbox 440 4219 493 4267; x_wconf 74' lang='lat' dir='ltr'><strong>cap.</strong></span> <span class='ocrx_word' id='word_1_255' title='bbox 507 4216 550 4264; x_wconf 79' lang='lat'><strong>9⁰·</strong></span> <span class='ocrx_word' id='word_1_256' title='bbox 562 4200 667 4249; x_wconf 67' lang='lat' dir='ltr'><strong>-Vett</strong></span> <span class='ocrx_word' id='word_1_257' title='bbox 677 4202 715 4260; x_wconf 88' lang='lat'><strong>11,</strong></span> <span class='ocrx_word' id='word_1_258' title='bbox 726 4199 750 4248; x_wconf 85' lang='grc'><strong>6.</strong></span> <span class='ocrx_word' id='word_1_259' title='bbox 767 4225 803 4235; x_wconf 91' lang='grc'>-</span> <span class='ocrx_word' id='word_1_260' title='bbox 819 4197 1107 4249; x_wconf 74' lang='lat' dir='ltr'><strong>Cie.ltltet.ad}1erenn.</strong></span> <span class='ocrx_word' id='word_1_261' title='bbox 1116 4198 1161 4255; x_wconf 86' lang='lat' dir='ltr'><strong>tv,</strong></span> 
     </span>
     <span class='ocr_line' id='line_1_35' title="bbox 106 4279 1161 4354; baseline -0.009 -16"><span class='ocrx_word' id='word_1_262' title='bbox 106 4310 135 4354; x_wconf 80' lang='lat'><strong>93</strong></span> <span class='ocrx_word' id='word_1_263' title='bbox 146 4293 207 4340; x_wconf 85' lang='lat' dir='ltr'><strong>Phil.</strong></span> <span class='ocrx_word' id='word_1_264' title='bbox 218 4294 267 4347; x_wconf 89' lang='lat'><strong>111,</strong></span> <span class='ocrx_word' id='word_1_265' title='bbox 285 4291 316 4349; x_wconf 73' lang='lat'><strong>63</strong></span> <span class='ocrx_word' id='word_1_266' title='bbox 327 4289 358 4337; x_wconf 84' lang='lat' dir='ltr'><strong>de</strong></span> <span class='ocrx_word' id='word_1_267' title='bbox 368 4291 424 4337; x_wconf 82' lang='lat' dir='ltr'><strong>lnr.</strong></span> <span class='ocrx_word' id='word_1_268' title='bbox 433 4289 472 4345; x_wconf 87' lang='lat'><strong>11,</strong></span> <span class='ocrx_word' id='word_1_269' title='bbox 486 4286 534 4344; x_wconf 64' lang='grc' dir='ltr'><strong>δός</strong></span> <span class='ocrx_word' id='word_1_270' title='bbox 547 4296 571 4333; x_wconf 84' lang='lat' dir='ltr'><strong>et</strong></span> <span class='ocrx_word' id='word_1_271' title='bbox 584 4284 615 4334; x_wconf 75' lang='lat' dir='ltr'><strong>de</strong></span> <span class='ocrx_word' id='word_1_272' title='bbox 629 4283 722 4342; x_wconf 65' lang='lat' dir='ltr'><strong>Finv,</strong></span> <span class='ocrx_word' id='word_1_273' title='bbox 736 4298 778 4330; x_wconf 84' lang='lat' dir='ltr'><strong>aa.</strong></span> <span class='ocrx_word' id='word_1_274' title='bbox 794 4309 829 4319; x_wconf 93' lang='lat'><em>-</em></span> <span class='ocrx_word' id='word_1_275' title='bbox 842 4283 895 4329; x_wconf 82' lang='lat' dir='ltr'><strong>Lir.</strong></span> <span class='ocrx_word' id='word_1_276' title='bbox 905 4282 971 4345; x_wconf 79' lang='lat' dir='ltr'><strong>Epir.</strong></span> <span class='ocrx_word' id='word_1_277' title='bbox 987 4307 1021 4318; x_wconf 92' lang='lat'><em>-</em></span> <span class='ocrx_word' id='word_1_278' title='bbox 1036 4279 1161 4345; x_wconf 78' lang='lat' dir='ltr'><strong>sxxlv.</strong></span> 
     </span>
     <span class='ocr_line' id='line_1_36' title="bbox 105 4364 1161 4437; baseline -0.009 -16"><span class='ocrx_word' id='word_1_279' title='bbox 105 4375 157 4423; x_wconf 88' lang='lat' dir='ltr'><strong>Cic.</strong></span> <span class='ocrx_word' id='word_1_280' title='bbox 167 4375 193 4420; x_wconf 93' lang='lat' dir='ltr'><strong>in</strong></span> <span class='ocrx_word' id='word_1_281' title='bbox 203 4376 284 4421; x_wconf 84' lang='lat' dir='ltr'><strong>Pison.</strong></span> <span class='ocrx_word' id='word_1_282' title='bbox 295 4389 348 4437; x_wconf 81' lang='lat' dir='ltr'><strong>etp.</strong></span> <span class='ocrx_word' id='word_1_283' title='bbox 360 4373 405 4433; x_wconf 80' lang='lat'><strong>39,</strong></span> <span class='ocrx_word' id='word_1_284' title='bbox 418 4383 442 4419; x_wconf 86' lang='lat' dir='ltr'><strong>et</strong></span> <span class='ocrx_word' id='word_1_285' title='bbox 451 4369 488 4417; x_wconf 88' lang='lat' dir='ltr'><strong>ibi</strong></span> <span class='ocrx_word' id='word_1_286' title='bbox 496 4370 588 4420; x_wconf 75' lang='lat' dir='ltr'><strong>Areon.</strong></span> <span class='ocrx_word' id='word_1_287' title='bbox 598 4366 697 4416; x_wconf 75' lang='lat' dir='ltr'><strong>Ped&#39;un.</strong></span> <span class='ocrx_word' id='word_1_288' title='bbox 706 4364 804 4414; x_wconf 72' lang='lat' dir='ltr'><strong>-vat</strong></span> <span class='ocrx_word' id='word_1_289' title='bbox 817 4366 885 4414; x_wconf 78' lang='lat' dir='ltr'><strong>Max.</strong></span> <span class='ocrx_word' id='word_1_290' title='bbox 898 4366 937 4422; x_wconf 86' lang='lat' dir='ltr'><strong>Il,</strong></span> <span class='ocrx_word' id='word_1_291' title='bbox 947 4366 970 4412; x_wconf 85' lang='lat'><strong>8.</strong></span> <span class='ocrx_word' id='word_1_292' title='bbox 982 4392 1015 4401; x_wconf 97' lang='lat'>-</span> <span class='ocrx_word' id='word_1_293' title='bbox 1025 4364 1161 4423; x_wconf 74' lang='lat' dir='ltr'><strong>Marcellin.</strong></span> 
     </span>
     <span class='ocr_line' id='line_1_37' title="bbox 105 4458 243 4513; baseline 0 -10"><span class='ocrx_word' id='word_1_294' title='bbox 105 4458 190 4513; x_wconf 85' lang='lat' dir='ltr'><strong>XXV,</strong></span> <span class='ocrx_word' id='word_1_295' title='bbox 204 4459 243 4503; x_wconf 80' lang='lat'><strong>31.</strong></span> 
     </span>
    </p>
   </div>
   <div class='ocr_carea' id='block_1_4' title="bbox 856 4537 986 4607">
    <p class='ocr_par' dir='ltr' id='par_1_6' title="bbox 856 4537 986 4607">
     <span class='ocr_line' id='line_1_38' title="bbox 856 4537 986 4607; baseline 0 -1"><span class='ocrx_word' id='word_1_296' title='bbox 856 4552 875 4584; x_wconf 70' lang='lat'><em>⁵</em></span> <span class='ocrx_word' id='word_1_297' title='bbox 926 4537 986 4607; x_wconf 81' lang='lat'><strong>23.</strong></span> 
     </span>
    </p>
   </div>
   <div class='ocr_carea' id='block_1_5' title="bbox 0 0 1305 4980">
    <p class='ocr_par' dir='ltr' id='par_1_7' title="bbox 0 0 1305 4980">
     <span class='ocr_line' id='line_1_39' title="bbox 0 0 1305 4980; baseline 0 0"><span class='ocrx_word' id='word_1_298' title='bbox 0 0 1305 4980; x_wconf 95' lang='lat' dir='ltr'><strong> </strong></span> 
     </span>
    </p>
   </div>
  </div>
 </body>
</html>
