2640 5046
325 722 377 791 IN
407 721 519 789 LOC.
545 720 640 787 LIB.
668 719 757 788 LIV
789 719 1002 789 LIVIANI.
1040 765 1043 770 -
1127 718 1198 788 223

125 843 266 929 pecuniis
293 842 427 928 acceptis
449 839 645 927 pmvtbctbm
672 836 840 928 spoliasset.
869 838 949 902 Eam
977 840 1197 928 cognitionem

131 964 234 1030 quum
252 942 417 1029 suscipere
436 957 566 1004 senatus
582 940 693 1021 vellet,
710 941 749 1004 T.
772 939 913 1005 Manlius
928 939 1130 1027 Torquatus,
1147 943 1199 1006 Si·

132 1044 195 1107 lani
210 1060 310 1131 pater,
328 1042 529 1130 impetravit,
542 1065 582 1106 ne
595 1040 677 1129 quid
689 1063 728 1105 eo
742 1042 775 1103 in
788 1041 920 1130 negotio
937 1040 1203 1125 constitueretur,

130 1147 320 1233 priusquam
336 1143 406 1231 ipse
424 1165 553 1208 musam
571 1142 784 1231 cognovisset.
801 1140 842 1204 ld
859 1140 929 1205 viro
945 1163 1080 1204 summae
1095 1140 1201 1231 digni·

132 1247 222 1322 tatis,
236 1246 408 1332 omnisque
421 1245 544 1332 publici
561 1267 597 1308 ac
612 1243 727 1332 privati
735 1243 816 1324 juris
827 1242 1039 1331 peritissimo,
1051 1243 1201 1307 lubenter

130 1367 332 1411 concessum.
352 1346 467 1432 ltaque
487 1345 576 1410 domi
592 1367 673 1425 suae,
688 1344 874 1432 cognitione
891 1344 1056 1426 instituta,
1075 1342 1199 1409 audivit

130 1464 347 1530 accusatores,
359 1447 486 1513 audivit
500 1446 703 1512 defensiones
718 1445 780 1527 rei3
794 1461 891 1510 testes
907 1445 1062 1532 utrinque
1074 1444 1200 1533 produ·

130 1564 200 1611 ctos
214 1547 456 1637 diligentissime
473 1546 674 1612 examinavit.
691 1546 730 1612 ld
744 1569 849 1633 quum
860 1545 971 1610 triduo
985 1547 1142 1611 continuo
1156 1548 1202 1610 fe·

130 1649 242 1730 cisset,
254 1650 349 1713 tertio
360 1649 412 1713 die
425 1648 664 1736 pronuntiavit,
678 1646 883 1735 reumfeeisse
893 1647 1010 1728 videri,
1028 1663 1060 1711 et
1075 1647 1109 1711 in
1119 1671 1201 1712 con·

129 1765 276 1837 spectum
292 1771 388 1813 sunm
403 1749 515 1814 venire
534 1749 647 1814 vetuit.
664 1748 740 1813 Non
757 1749 833 1812 tulit
847 1749 1034 1838 ignominias
1050 1749 1198 1816 dolorem

125 1851 270 1931 juvenis,
287 1850 531 1939 suspendioque
552 1849 656 1915 finivit
670 1850 769 1915 vitam
790 1849 897 1915 :adeo
917 1851 1006 1914 nulla
1025 1852 1198 1916 commise-

128 1952 252 2015 ratione
267 1952 427 2040 parentis,
441 1969 479 2015 ut
489 1975 597 2040 neque
612 1952 720 2016 funeri
735 1952 918 2033 interesset,
935 1969 968 2016 et
983 1952 1108 2034 dejure
1119 1977 1197 2019 con·

127 2051 308 2116 solentibus
328 2051 417 2115 domi
430 2052 565 2135 sedens,
582 2068 619 2117 ut
632 2053 774 2133 solebat,
791 2052 1011 2141 responderet.
1196 2099 1198 2102 ψ

171 2154 213 2219 X.
235 2157 279 2218 At
303 2154 337 2216 in
358 2154 511 2218 ulteriore
532 2154 684 2244 Hispania
705 2156 746 2236 Q.
770 2153 887 2218 Fabius
910 2154 1102 2218 Servilianus
1114 2156 1201 2220 'liac-

127 2254 210 2318 ciam
227 2254 359 2336 urbem,
383 2253 553 2320 obsidione
573 2255 709 2320 Viriathi
729 2253 917 2335 liberatam,
936 2256 972 2318 in
996 2254 1196 2322 deditionem

125 2355 259 2442 accepit.
278 2356 446 2420 Accessere
459 2357 562 2420 multa
577 2357 723 2438 castella,
737 2372 770 2420 et
783 2355 916 2443 quidam
928 2356 1120 2445 praedonum
1132 2358 1196 2423 du·

124 2473 196 2521 otor
205 2458 380 2523 Connobas
391 2481 399 2523 :
411 2458 469 2546 qui
482 2481 585 2546 quum
603 2460 671 2540 ejus
681 2457 832 2546 potestati
841 2480 876 2524 se
887 2458 1100 2546 permisisset,
1117 2459 1196 2526 huic

123 2558 185 2621 soli
201 2560 344 2647 pepercit
370 2560 564 2648 proconsu13
587 2559 645 2623 sed
664 2581 799 2639 eorum,
819 2560 876 2646 qui
895 2582 972 2623 cum
992 2560 1047 2624 illo
1066 2560 1197 2627 firerant

125 2657 237 2744 (erant
258 2676 367 2725 autem
386 2682 536 2749 magnam
553 2676 678 2747 partem
693 2658 884 2747 transfugae,
904 2660 961 2746 qui
980 2682 1020 2724 ex
1040 2662 1196 2747 praesidiis

123 2762 267 2824 romanis
289 2761 331 2824 ad
351 2762 493 2825 latrones
514 2781 550 2824 se
568 2759 775 2848 receperant)
795 2758 921 2823 dextras
948 2761 1136 2847 amputavit.
1157 2761 1197 2825 ld

92 2905 95 2909 .
124 2880 221 2939 vero,
235 2860 310 2922 licet
329 2859 483 2923 adversus
499 2860 561 2924 tale
577 2881 679 2947 genus
699 2860 873 2924 hominum
889 2859 971 2922 nihil
986 2861 1125 2924 nimium
1142 2879 1199 2926 aut

124 2974 218 3022 auox
240 2959 387 3041 habenis,
410 2975 518 3023 tamen
540 2961 617 3047 quia
642 2982 709 3024 non
732 2976 798 3025 tam
816 2960 903 3024 bello
919 2960 1021 3048 capti,
1043 2984 1141 3048 quam
1161 2963 1196 3026 in

124 3057 224 3124 fidem
245 3058 347 3124 dediti
366 3059 511 3141 fuerant,
529 3060 712 3143 crudelius,
733 3085 834 3150 quam
861 3084 922 3150 pro
946 3062 1197 3128 mansuetudine

122 3176 182 3224 aut
195 3161 308 3249 populi
323 3161 470 3243 romani,
487 3177 544 3226 aut
557 3163 659 3252 ipsius
674 3163 876 3253 imperatoris
895 3164 1011 3228 visum.
1028 3163 1110 3229 lude
1121 3166 1196 3230 Eri·

123 3283 234 3325 sanem
251 3262 369 3326 ductus
386 3264 545 3327 exercitus
561 3285 570 3327 ε
585 3286 688 3351 eaque
703 3266 801 3346 urbs,
821 3288 924 3353 quum
940 3281 1049 3354 portas
1061 3268 1195 3333 venien·

122 3363 214 3427 tibus
225 3365 402 3446 clausisset,
420 3365 574 3453 operibus
590 3380 640 3430 est
657 3365 865 3432 circumdata.

168 3466 227 3528 xl.
244 3466 325 3547 Quae
344 3465 424 3529 dum
439 3464 540 3549 fiunt,
556 3466 741 3549 Viriathus,
757 3467 814 3555 qui
828 3490 887 3556 per
904 3483 1035 3532 noctem
1052 3469 1086 3532 in
1102 3471 1197 3559 oppi-

124 3565 205 3629 dum
230 3566 453 3654 ignorantibus
479 3569 632 3633 Romanis
661 3584 807 3650 venerat,
835 3591 913 3639 cum
936 3570 1008 3632 luce
1035 3572 1196 3659 erumpit3
1276 3597 1280 3604 ’

124 3689 198 3743 eos,
219 3667 275 3753 qui
295 3668 329 3728 in
347 3689 445 3754 opere
461 3683 569 3748 erant,
588 3669 740 3756 projectis
755 3669 897 3733 dolabris
911 3686 946 3734 et
959 3671 1124 3759 ligonibus
1142 3673 1196 3735 fn·

125 3791 199 3858 gam
216 3768 298 3831 inire
315 3768 420 3856 cogit,
435 3784 589 3834 coeterum
611 3792 745 3858 quoque
765 3772 941 3835 exercitum
966 3770 1111 3836 subsidio
1127 3774 1195 3837 suis

123 3871 310 3934 venientem
329 3867 487 3959 profligat.
510 3868 653 3936 Ventum
670 3872 765 3958 plane
785 3870 828 3934 ad
848 3891 889 3933 ea
909 3871 980 3934 loca
1003 3889 1089 3953 erat,
1106 3873 1195 3936 unde

124 3973 263 4039 difficilis
279 3972 433 4036 exercitui
454 3988 602 4061 receptus
618 3989 718 4053 essen
735 3970 826 4059 quod
842 3973 981 4037 fortunae
997 3996 1117 4038 munus
1137 3975 1195 4037 Vi·

123 4076 268 4156 riathus,
282 4091 321 4138 ut
338 4090 406 4136 emt
418 4072 523 4138 futuri
540 4097 608 4138 non
625 4071 827 4160 improvidus
848 4073 1034 4158 aestimator,
1058 4096 1124 4137 non
1143 4074 1193 4138 vi·

123 4177 247 4255 ctoriae,
270 4175 371 4265 magis
395 4174 436 4237 ad
463 4172 704 4238 incendendum
729 4173 868 4256 bellurn,
891 4197 988 4262 quarn
1013 4175 1192 4240 finiendum

158 4388 175 4452 s
188 4390 234 4436 tx.
250 4387 302 4434 Lis.
315 4386 380 4451 Epir.
391 4412 424 4422 -
435 4385 489 4433 val.
501 4386 569 4434 Max.
576 4386 609 4445 V,
624 4386 648 4433 8.
658 4385 756 4436 -cte,
766 4385 797 4435 dc
808 4384 863 4434 Fin.
872 4389 898 4446 t,
914 4402 937 4446 7.
951 4412 986 4423 -—
999 4383 1016 4450 S
1031 4388 1064 4435 K.
1075 4389 1146 4440 Oros.
1157 4390 1190 4447 V,

125 4479 150 4527 t.
169 4497 205 4507 -
222 4469 330 4532 Appicn.
344 4469 413 4533 Hisp.
429 4496 464 4505 —
478 4471 561 4518 Front.
574 4470 647 4519 Strat.
664 4470 709 4529 w,
730 4485 752 4519 1.
768 4495 805 4508 -
817 4468 873 4518 Vel.
887 4471 955 4519 Max.
966 4471 1005 4530 11,
1019 4487 1043 4530 7.
