2594 4980
309 682 363 769 m
391 700 503 768 noc.
530 700 622 767 mn.
650 698 679 767 n
705 699 920 772 nimam.
1084 702 1150 776 125

134 816 248 886 XXIII.
271 819 465 901 Proconsul,
485 843 525 884 eo
553 843 703 885 successu
731 822 876 910 gavisus,
897 823 1033 889 maxime
1060 828 1151 915 quod

108 926 172 989 Inter
186 922 462 1011 perturbationem
484 923 623 1011 perculsi
643 923 706 986 hoc
724 945 800 986 casu
819 922 1045 1008 Hasdrubalis,
1063 951 1153 993 rece·

111 1025 359 1117 paunhabiturus
373 1041 480 1091 tutum
496 1040 593 1112 atque
605 1024 779 1088 honestum
793 1023 975 1109 videbatur3
991 1050 1050 1091 nec
1064 1029 1152 1092 enim

115 1124 207 1191 liutius
227 1128 347 1192 morari
367 1142 609 1191 commeatuum
629 1126 737 1214 inopia
763 1127 905 1209 sinebat,
924 1129 1153 1215 septemdecIm

117 1224 203 1292 diebus
216 1230 249 1292 in
265 1252 303 1294 ea
321 1227 527 1318 expeditione
541 1227 606 1307 jam
624 1227 808 1302 transactis,
828 1228 933 1290 statim
950 1229 1061 1291 castris
1080 1253 1152 1293 mo·

118 1326 374 1416 tisprofectionem
393 1352 485 1393 orsus
503 1344 560 1393 est.
578 1329 631 1392 Sic
645 1350 777 1417 quoque
786 1328 937 1418 fatigabat
944 1328 1033 1393 haud
1047 1332 1151 1395 mollis

120 1448 190 1510 cura,
202 1433 271 1519 quia
288 1431 387 1521 tridui
406 1433 519 1495 itinere
539 1454 597 1519 per
619 1432 806 1495 exhaustam
829 1431 1027 1519 inopemque
1045 1433 1153 1521 regio·

123 1548 177 1591 nem
196 1532 363 1620 repetenda
387 1534 493 1622 priora
520 1548 621 1597 castra
644 1548 744 1595 erant.
768 1535 809 1595 At
834 1533 958 1620 Scipio,
984 1531 1152 1622 assumpto

124 1625 242 1698 Phameae
254 1635 469 1724 Gulussaeque
485 1636 646 1724 equitatu,
661 1649 693 1698 et
703 1635 814 1723 paucis
826 1636 1013 1700 Italicorum
1028 1636 1103 1719 alis,
1117 1639 1151 1701 in

125 1748 221 1821 Qmpos
239 1737 396 1826 quosdam
414 1739 426 1825 (
436 1739 591 1824 Magnum
599 1738 792 1830 Bararbrnm
810 1737 944 1823 vocant)
965 1739 1274 1804 incursiones

126 1830 197 1917 bea,
210 1839 362 1904 exercitus
379 1841 522 1928 inopiam
537 1839 710 1905 sufficienti
724 1862 852 1904 annona
867 1840 986 1903 refecit.

156 1931 249 2002 XXIV.
264 1941 332 2003 lam
343 1939 486 2004 adventu
498 1942 689 2004 successoris
703 1942 853 2029 cognito,
867 1940 1018 2005 Manilius
1031 1942 1155 2031 Scipio·

127 2050 249 2102 aeneum
262 2040 410 2104 Phamaea
422 2043 559 2104 Romam
575 2041 714 2122 dimisit,
732 2041 813 2106 datis
826 2040 867 2103 ad
879 2059 1024 2106 senatum
1037 2044 1151 2127 literis,

128 2134 230 2221 pullus,
251 2144 316 2231 ejus
328 2136 455 2230 juvenis
479 2155 545 2205 toto
569 2155 702 2228 tempore
725 2143 802 2204 belli
813 2147 1008 2230 proecr'punm
1026 2167 1153 2232 operam

121 2230 370 2329 fuimlatcbatur
382 2267 389 2306 :
402 2241 517 2306 additis
531 2243 646 2324 etiam,
661 2265 733 2330 quoe
744 2247 859 2306 circum
872 2245 1070 2308 Masinissam
1084 2245 1150 2327 illi,

129 2336 212 2404 cmm
228 2344 409 2408 Phamoeam
418 2391 428 2422 ‚
450 2345 569 2407 eximin
587 2361 618 2407 ct
636 2344 776 2429 gloriosa
796 2344 1001 2430 contigissent.
1029 2344 1152 2409 Navem

130 2434 235 2527 Ingresso
246 2470 416 2512 accurrens
435 2447 592 2510 exercitus
613 2445 753 2511 maximo
771 2468 846 2508 cum
867 2446 985 2508 affectu
997 2446 1065 2509 laeta
1082 2469 1153 2509 om-

131 2537 167 2601 li!
177 2550 357 2630 precabatur,
374 2548 565 2612 nominatim
578 2548 720 2635 rogitans
741 2545 838 2629 deos,
854 2550 903 2610 nti
915 2548 1084 2635 Scloibnam
1102 2572 1152 2611 re-

132 2643 183 2703 mli
194 2647 220 2709 in
230 2648 375 2736 Africam
388 2648 544 2713 consulem
561 2648 721 2736 capiendae
736 2647 938 2734 Carthaginis
950 2672 1048 2712 cansa
1053 2648 1152 2733 sace·

132 2746 353 2814 tanumeros
375 2751 462 2813 enim
486 2750 556 2813 liaec
577 2749 759 2837 persuasio,
779 2749 877 2812 veluti
901 2751 1020 2813 caelitus
1042 2752 1153 2840 illapsa

132 2846 274 2932 bentibus,
292 2850 422 2932 aderat,
441 2875 502 2915 non
518 2853 560 2914 ab
576 2850 657 2929 abo,
676 2853 738 2913 nisi
752 2850 893 2937 Sapirene
898 2900 908 2930 ,
928 2855 1003 2939 copi
1018 2852 1153 2915 Cartba-

131 2943 310 3039 tbtmposse5
328 2952 427 3041 idque
443 2955 549 3043 ipsum
567 2952 745 3015 multorum
765 2951 864 3041 literis
883 2952 915 3014 in
938 2952 1060 3015 Urbem
1076 2977 1151 3042 per·

133 3045 299 3121 imbutor.
313 3057 449 3121 Senatus
464 3055 647 3142 Scipionem
664 3074 781 3140 magno
795 3052 902 3115 lavore
917 3053 1051 3139 excepit.
1066 3051 1152 3117 Pha·

135 3163 194 3215 Μ
204 3179 340 3248 quoque,
358 3180 460 3248 quum
472 3157 506 3219 in
520 3155 642 3220 curiam
656 3170 739 3218 esset
753 3153 974 3233 introductus,
990 3154 1152 3219 honorem
1232 3158 1234 3163 ’

135 3239 229 3338 hbuit,
243 3277 279 3324 ut
295 3259 464 3325 considere
484 3280 559 3321 eum
573 3257 720 3336 juberet:
740 3254 825 3319 dona
839 3254 957 3319 deinde
969 3255 1055 3338 data,
1069 3280 1151 3345 prae·

137 3356 208 3435 m,
218 3359 363 3450 bullaque
376 3384 486 3440 aurea,
504 3375 536 3424 et
550 3381 624 3422 cum
638 3357 777 3445 phaleris
794 3356 896 3420 aureis
914 3379 1030 3444 equus,
1046 3381 1152 3423 arma-

139 3458 236 3543 llfflque
252 3464 391 3554 integra,
408 3481 441 3527 et
463 3462 607 3550 pecuniae
627 3461 756 3548 signatae
777 3458 918 3522 sestertia
942 3457 1152 3548 quadragima
1241 3534 1245 3541 ¹

138 3542 203 3637 ua,
216 3580 243 3626 et
255 3588 403 3630 rasorum
421 3579 649 3653 argenteorum
666 3558 776 3648 pondo
793 3575 941 3638 centum,
960 3559 1153 3623 tentorium·

139 3666 247 3731 I'l‘wm
257 3668 342 3730 omni
356 3667 581 3729 instrumento.
593 3660 772 3726 Laudatum
785 3659 917 3741 deinde,
930 3660 1154 3749 majorumque

137 3763 344 3855 flerepletum,
360 3770 389 3831 si
402 3768 515 3830 bornam
529 3765 577 3827 ad
585 3780 697 3827 caercro
713 3761 786 3825 belli
799 3785 923 3850 operam
940 3762 1152 3849 praestitisset,

135 3853 285 3933 ”Africam
303 3869 345 3933 ad
361 3869 536 3933 exercitum
556 3867 758 3930 remiserunt.

159 3946 247 4026 XXV·
263 3971 349 4035 Inter
365 3971 433 4034 haec
448 3969 489 4033 de
506 3966 631 4032 Claudii
651 3965 790 4029 Marcelli
809 3962 872 4026 fine
887 3964 1073 4052 cognitum,
1096 3965 1154 4049 qui

125 4056 179 4157 Ψ
192 4055 318 4135 duobus
333 4072 403 4135 aliis
419 4069 619 4134 senatoribus
633 4067 673 4131 ad
688 4066 888 4132 Masinissam
903 4064 1026 4153 legatus
1041 4062 1153 4130 fixerat.

116 4128 245 4260 Inopem
270 4172 391 4236 bellum
420 4171 594 4251 majoribus
617 4169 658 4233 ab
683 4191 723 4232 eo
749 4191 823 4257 rege
850 4164 1000 4230 subsidiis
1024 4180 1156 4230 senatus

109 4240 296 4355 widem,
319 4272 411 4338 etad
436 4296 472 4337 ea
490 4270 704 4360 comparanda
724 4269 882 4359 legatione
901 4266 954 4328 tali
973 4285 1054 4352 opus
1073 4287 1153 4331 esse.

115 4406 261 4498 sunl.
277 4455 336 4502 Zon.
350 4482 385 4491 -
396 4455 502 4519 Appiam
523 4480 558 4490 -
573 4451 589 4517 5
601 4453 697 4501 XXIV.
712 4454 773 4501 Zon.
787 4476 823 4487 -·
835 4447 942 4512 AI’I'lm·
957 4474 992 4485 ““·
1004 4446 1059 4496 LIV·
1071 4448 1138 4514 1ll’l‘·
