2594 4980
120 739 169 811 9⁰
300 717 366 785 JO.
393 714 733 785 FREINSHEMII
764 717 1011 787 SUPPLEM.

119 837 363 917 «nobilissima,
389 826 526 924 templa,
549 851 714 925 quotquot
735 836 769 900 in
791 859 828 902 ea
850 853 927 901 sunt
954 835 1055 925 (sunt
1072 854 1168 903 autem

117 940 300 1030 «permulta
325 955 357 1003 et
380 938 620 1025 ornatissima),
646 937 751 1003 dicata
774 939 986 1021 numinibus,
1006 961 1077 1026 qun
1100 936 1168 1003 nibil

118 1071 131 1096 ιι
141 1041 254 1128 utique
271 1036 442 1104 adversum
456 1061 514 1103 ros
531 1038 757 1126 deliquerunt,
772 1039 958 1128 quibusque
974 1039 1047 1105 ideo
1064 1039 1168 1105 solem·

116 1172 130 1198 «ι
142 1143 195 1206 nia
207 1165 266 1206 sua
279 1142 515 1231 religionesque
527 1163 595 1205 non
608 1142 720 1206 voletis
734 1141 894 1206 adimere:
907 1140 1170 1230 quemadmodum

118 1277 132 1302 ιι
144 1268 205 1310 nec
219 1247 366 1334 sepulcra
379 1245 682 1335 parentationesque
692 1245 829 1310 mortuis
839 1245 1040 1328 invidebitis,
1051 1242 1171 1333 quando

117 1377 132 1402 ιι
142 1346 297 1435 nequead
313 1348 373 1412 hos
386 1346 461 1410 odia
470 1362 588 1428 restra,
599 1363 656 1411 aut
668 1347 841 1436 supplicia,
856 1347 990 1435 cupietis
999 1345 1177 1412 extendere.

160 1452 250 1515 xxi.
268 1481 282 1505 ιι
295 1449 394 1532 Quod
407 1451 434 1513 si
447 1451 548 1514 nostri
560 1472 692 1538 quoque
705 1472 764 1514 ros
779 1450 910 1513 miseret
921 1446 997 1536 (qui
1007 1449 1097 1512 enim
1108 1447 1179 1513 alibi

117 1581 130 1608 ιι
143 1552 285 1640 quietam
302 1552 501 1639 liberamque
516 1551 627 1617 sedem
643 1550 836 1633 conceditis,
855 1550 1009 1615 videmini
1024 1549 1193 1638 misereri)

119 1683 132 1709 ι
144 1655 264 1742 parcite
275 1701 284 1735 ,
300 1675 484 1741 quaesumus
495 1700 504 1735 ,
517 1655 572 1735 iis,
583 1655 652 1718 sine
663 1653 782 1741 quibus
793 1654 899 1718 vivere
912 1675 981 1716 non
991 1674 1161 1743 possumus
1169 1670 1196 1714 ι

117 1775 201 1817 «nec
217 1755 304 1817 enim
320 1754 382 1818 aris
396 1756 542 1842 focisque
558 1755 693 1836 nostris,
707 1771 740 1819 et
752 1756 842 1838 foro,
857 1771 890 1819 et
902 1756 994 1836 Deae,
1005 1777 1079 1844 qum
1089 1754 1221 1819 curio

120 1856 308 1944 nproesidet,
331 1857 474 1944 denique
498 1859 670 1936 omnibns,
691 1880 763 1943 quie
784 1858 910 1921 homini
930 1874 1021 1945 grata
1039 1872 1074 1922 et
1089 1876 1221 1921 vene*

117 1987 130 2012 «
140 1957 240 2022 randa
255 1958 428 2039 habentur,
440 1958 627 2047 superstites
641 1978 710 2020 esse
723 1956 965 2020 sustinebimus.
975 1955 1086 2038 Adde,
1096 1942 1221 2044 quot·

118 2059 249 2124 «nullus
272 2060 339 2141 jam
363 2061 456 2124 robis
480 2083 499 2124 a
522 2058 716 2147 Carthagine
740 2073 846 2123 metus
868 2079 1036 2146 superesse
1057 2070 1221 2146 potest,

117 2190 132 2217 ιι
143 2159 302 2249 ademptis
313 2162 466 2244 navibus,
478 2160 674 2249 elephantis,
684 2159 792 2224 arinis
804 2159 922 2247 Siquis
934 2174 1045 2224 autem
1056 2174 1120 2241 est,
1129 2150 1221 2247 qn3

117 2261 270 2327 «abunde
292 2263 451 2327 tributum
467 2259 695 2326 misericordia
712 2277 822 2351 putet,
837 2261 926 2349 quod
941 2262 1004 2325 alio
1019 2263 1111 2343 loco,
1128 2250 1221 2326 a!

117 2384 159 2426 «a
172 2361 253 2426 mari
262 2364 429 2440 remotius,
440 2379 604 2427 exstruere
616 2363 733 2427 urbem
742 2363 890 2444 sinimur,
900 2363 928 2426 is
940 2385 1010 2426 non
1022 2364 1099 2427 satis
1107 2363 1221 2428 sesti*

117 2496 130 2520 ιι
142 2479 227 2545 mat,
244 2487 342 2553 quarn
359 2466 513 2554 exiguum
526 2466 590 2528 hoc
603 2486 673 2529 esse
686 2465 789 2553 possit
801 2464 953 2529 solatium
967 2465 1092 2554 populo
1106 2486 1221 2529 neue·

116 2566 223 2647 atico,
251 2568 423 2630 maximam
448 2581 572 2655 partem
597 2567 760 2631 constanti
781 2588 820 2630 ex
849 2564 977 2631 infinito
1000 2565 1219 2631 moranno»

116 2697 129 2723 ι
140 2688 293 2750 numero,
312 2691 379 2732 non
398 2668 547 2749 aliunde,
568 2691 666 2756 quam
683 2690 724 2732 ex
742 2690 779 2733 re
799 2668 976 2744 maritima,
994 2668 1201 2733 virentium..

115 2799 128 2823 ι
139 2770 346 2859 Quapropter
362 2771 455 2834 aliam
467 2770 559 2835 robis
575 2769 800 2835 conditionem
813 2769 1001 2851 referimus,
1016 2769 1214 2858 optabilio-v

116 2893 211 2934 «rem
228 2872 341 2954 nobis,
358 2888 391 2935 et
409 2887 517 2936 restro
533 2872 671 2960 imperio
687 2872 796 2935 minus
815 2869 1007 2935 invidiosam
1026 2894 1034 2935 z
1052 2886 1092 2934 ut
1104 2871 1204 2936 banc·

117 3004 130 3029 ιι
141 2972 273 3060 quidem
291 2974 427 3050 urbem,
451 2974 572 3037 nullius
590 2995 678 3037 ream
696 2970 863 3054 maleficii,
883 2972 995 3035 sinatis
1015 2971 1196 3050 intactam

117 3095 311 3155 «nestero,
329 3075 448 3164 quibus
465 3074 546 3140 alias·
556 3073 733 3139 conceditis
752 3073 859 3154 sedes,
868 3073 1007 3154 jubeatis
1018 3073 1159 3139 interfici
1175 3088 1193 3129 ’ν

116 3175 185 3240 «sic
202 3176 290 3240 enim
308 3175 380 3256 fiet,
398 3191 436 3239 nt
456 3175 645 3241 hominibus
665 3175 887 3241 succensuisse
905 3174 1101 3258 rideamini3
1118 3197 1186 3239 non

116 3289 246 3338 «autem
265 3276 299 3339 in
317 3275 410 3358 fana,
428 3291 460 3339 et
474 3277 579 3357 Deos,
598 3292 632 3342 et
651 3277 814 3364 sepulcra,
837 3293 871 3340 et
889 3277 1075 3342 innocentis
1095 3277 1192 3343 urbis·

115 3373 289 3456 «aedificia,
306 3376 553 3464 improbabilem
567 3379 649 3442 iram
667 3375 832 3442 effudisse.

160 3474 267 3540 XXII.
290 3476 421 3558 aQuam
441 3479 593 3567 equidem
616 3479 768 3543 saevitiem
789 3479 876 3543 ultro
894 3479 1089 3567 deprecatur
1102 3481 1187 3545 fama

117 3606 129 3632 ι
142 3577 268 3664 pietatis
281 3595 312 3642 et
321 3579 467 3663 virtutis,
487 3603 585 3668 qnam
598 3579 752 3644 omnibus
763 3581 797 3643 in
809 3580 963 3668 operibus
971 3582 1087 3645 vestris
1098 3604 1192 3670 qute-

115 3679 227 3761 «ritis,
246 3682 407 3746 Romani:
425 3704 530 3770 eoque
552 3703 689 3770 semper,
699 3668 746 3745 'ut
765 3703 914 3770 quosque
928 3683 1070 3771 populos
1088 3685 1185 3749 armis

115 3812 128 3837 ιι
139 3782 311 3869 superastis
324 3783 517 3873 (superastis
530 3799 639 3847 autem
649 3805 747 3871 quarn
759 3784 936 3872 plurimos)
946 3831 956 3864 ,
967 3783 1117 3848 studium
1128 3808 1186 3850 vo·

115 3914 128 3939 ιι
138 3883 187 3948 bis
197 3884 275 3967 fuit,
288 3902 325 3949 ut
335 3883 618 3950 mansuetudinem
629 3901 768 3949 vestram
777 3884 1104 3974 moderationemque
1113 3887 1185 3952 orbi

115 4017 128 4043 ιι
139 4002 298 4051 terrarum
307 3987 537 4078 approbaretis.
545 3985 595 4050 Ne
602 3986 712 4075 igitur,
719 3986 895 4073 perierem
904 3988 1194 4074 caeterosquedeo-

116 4120 128 4145 ιι
139 4112 230 4170 rum,
241 4111 346 4177 quum
352 4090 443 4167 alios,
456 4102 527 4149 tum
539 4087 596 4175 qui
606 4087 835 4175 Carthaginem
844 4086 951 4150 adhuc
959 4085 1186 4170 habitant,ne,

114 4193 289 4280 «inquam,
304 4190 456 4260 odiorum
473 4210 547 4277 erga
563 4210 623 4252 nos
635 4189 795 4253 liberosve
808 4203 937 4252 nostros
953 4188 1187 4270 memineritis;

115 4322 127 4346 ιι
139 4311 219 4356 nere
227 4306 364 4355 vestram
383 4289 444 4377 ipsi
460 4288 594 4376 gloriam
608 4288 644 4352 in
660 4290 755 4354 nobis
770 4289 913 4378 primum
929 4289 1040 4353 sinatis
1059 4291 1189 4356 interci·

115 4427 126 4448 «
138 4393 231 4472 dere,
241 4393 266 4454 si
281 4406 404 4478 partam
420 4406 469 4453 tot
480 4391 699 4455 monumentis
719 4390 895 4454 clementiae
911 4388 1185 4456 existimationem

114 4532 126 4554 ιι
138 4497 191 4560 tali
207 4494 348 4558 facinore
368 4493 534 4578 polluatis,
547 4492 637 4579 quod
650 4509 683 4557 et
699 4493 784 4555 factu
802 4491 899 4555 fuerit
912 4512 1053 4572 saevum,
1073 4512 1107 4558 ct
1127 4520 1186 4561 nu-
