2594 4980
305 715 357 782 IN
387 714 496 781 Loc.
524 714 619 781 LIB.
647 712 980 781 LIX'LIVJANI.
1105 710 1175 784 335

156 832 236 895 LlV.
254 832 337 894 Nam
355 848 387 896 et
405 831 610 920 plebiscitum
624 832 762 912 lactum,
779 837 828 895 uti
841 833 959 898 trabuni
965 832 1068 920 plebis
1083 846 1176 899 sena-

112 949 192 1008 tores
216 949 337 996 essent:
362 950 394 997 et
416 947 605 1015 censorem,
629 957 647 997 e
674 936 798 1021 Campo
823 950 1053 1017 revertentem,
1073 960 1176 1024 quum

113 1057 269 1116 vacuurn,
287 1050 324 1097 ut
344 1034 477 1097 meridie
495 1034 595 1115 solet,
617 1034 726 1098 lorum
745 1051 842 1122 atque
863 1036 1057 1122 Capitolium
1075 1054 1175 1122 esset,

112 1137 263 1199 tribunus
279 1134 320 1199 ad
337 1158 448 1198 saxum
466 1135 641 1222 Tarpeium
657 1136 788 1199 obtorto
805 1135 889 1198 collo
900 1137 1024 1224 rapuit,
1042 1153 1079 1199 ut
1094 1160 1176 1225 prte-

113 1237 307 1323 cipitaretur.
327 1237 587 1301 Consolarerunt
607 1236 647 1301 ad
671 1237 851 1325 periculum
874 1238 954 1300 tanti
976 1238 1053 1301 civis
1070 1236 1125 1301 filii
1140 1258 1178 1302 ac

112 1338 310 1425 propinqui,
333 1359 441 1401 serum
466 1341 557 1426 p'aene
577 1338 751 1418 auxilium3
775 1360 877 1424 quum
903 1359 1009 1424 neque
1024 1339 1056 1400 vi
1072 1339 1177 1426 repel-

112 1438 199 1503 lendi
224 1455 456 1503 sacrosanctam
480 1455 670 1526 potestatem
689 1439 742 1519 jus
763 1454 873 1502 esset:
898 1461 1005 1526 neque
1032 1439 1175 1524 tribuni,

113 1541 169 1625 qui
187 1538 439 1621 intercederent,
456 1540 500 1604 oh
516 1558 645 1629 tempus
662 1538 726 1602 tliei
745 1556 861 1627 praesto
878 1557 985 1621 erant,
1005 1541 1176 1628 multoque

112 1641 222 1704 labore
249 1642 391 1728 primurn
415 1664 500 1706 unus
526 1657 671 1729 repertus
699 1641 844 1719 inhibuit
868 1641 1045 1728 collegam3
1071 1644 1177 1707 caeteri

113 1741 230 1805 deinde
246 1742 523 1829 supervenientes,
543 1742 690 1823 Metelle,
708 1741 844 1830 nequid
866 1743 1003 1830 amplius
1030 1759 1100 1806 turn
1123 1767 1178 1833 pa·

114 1855 252 1921 teretur,
271 1843 390 1905 auxilio
408 1843 551 1906 suerunt.

156 1943 221 2006 LV.
245 1943 572 2007 Tribunusfurorem
589 1967 607 2008 a
623 1967 759 2033 corpore
776 1946 936 2026 censoris,
959 1945 991 2008 in
1007 1945 1092 2008 bona
1106 1964 1179 2008 rer·

113 2045 172 2125 tit,
191 2067 310 2131 eaque,
333 2048 436 2133 palam
453 2047 652 2134 inspectante
666 2046 808 2133 popu10,
825 2047 934 2109 foculo
951 2047 1057 2132 posito
1075 2045 1109 2107 in
1126 2068 1178 2109 ro·

113 2146 203 2224 stris,
220 2145 430 2234 adhibitoque
445 2147 590 2228 tibicine,
603 2149 810 2212 consecravit.
829 2149 874 2210 Ea
888 2170 938 2211 res
950 2164 1057 2211 tamen
1071 2169 1177 2235 neque

112 2246 216 2310 fraudi
240 2247 389 2322 Metello,
413 2263 445 2311 et
468 2249 575 2311 Atinio
594 2249 752 2336 impunita
770 2250 906 2331 mansit,
927 2272 1029 2336 quum
1052 2265 1099 2312 tot
1118 2250 1176 2313 ha·

113 2347 203 2411 beret
225 2348 274 2410 vir
293 2348 345 2411 ille
367 2348 506 2430 liberos,
530 2351 665 2414 summis
683 2350 716 2412 in
737 2351 863 2414 civitate
886 2373 962 2414 usos
985 2350 1176 2415 bonoribus.

113 2448 174 2511 Sed
201 2449 284 2512 hanc
306 2450 508 2536 properantis
533 2449 574 2514 ad
602 2450 699 2514 finem
730 2451 884 2514 libertatis
909 2451 1177 2537 intemperantius

112 2548 327 2613 luxuriantem
348 2550 526 2631 licentiam,
545 2573 612 2614 non
633 2553 676 2614 ita
696 2552 799 2614 multo
817 2565 891 2639 post
905 2550 1001 2613 Sullae
1018 2566 1050 2612 et
1066 2550 1175 2633 Marii,

113 2668 144 2715 et
162 2652 262 2715 civilia
284 2651 387 2731 bella,
413 2649 553 2714 tribunis
577 2667 670 2731 ante,
695 2674 772 2714 mox
796 2650 920 2738 populo
941 2649 1015 2729 jus,
1042 2672 1109 2736 quo
1128 2649 1176 2713 uti

114 2754 290 2832 nesciebat,
309 2750 500 2830 adimendo,
519 2749 736 2814 vindicarunt.
965 2828 969 2836 ι

157 2854 237 2916 LVI.
266 2854 390 2916 Interea
415 2851 603 2914 turbulenta
627 2851 659 2913 in
687 2851 775 2913 Urbe
800 2866 960 2938 tempora,
985 2849 1071 2912 bello
1094 2848 1177 2912 bene

114 2971 199 3042 gesta
215 2953 395 3041 respublica
417 2951 656 3038 compensabat.
680 2950 763 3013 Nam
789 2951 904 3014 consul
928 2950 1108 3036 Perperna,
1124 2950 1176 3032 in·

113 3054 291 3119 sistendum
314 3053 400 3115 hosti
424 3053 489 3132 jam
514 3049 613 3114 fracto
638 3065 744 3131 ratus,
768 3052 988 3114 Aristonicum
1015 3073 1175 3139 nusquam

114 3157 287 3219 consistere
305 3152 505 3242 patiebatur,
529 3152 634 3217 donec
658 3152 817 3216 moenibus
836 3152 1123 3218 Stratonicensium
1143 3173 1177 3215 sc

114 3257 299 3321 includeret.
327 3256 375 3320 lbi
401 3256 649 3334 circumsessus,
667 3255 846 3341 acriterque
863 3254 977 3333 armis,
1001 3250 1058 3315 sed
1075 3251 1175 3342 magis

114 3358 196 3419 lan're
212 3373 436 3446 oppugnatus,
456 3377 576 3443 quum,
596 3377 652 3443 spe
669 3356 757 3418 omni
775 3371 982 3443 consumpta,
997 3353 1112 3417 urbem
1125 3375 1176 3417 se·

114 3479 178 3541 que
197 3480 269 3520 mox
294 3459 326 3519 in
351 3473 509 3545 potestate
526 3456 657 3521 victoris
675 3455 744 3521 fore
762 3455 905 3536 videret,
925 3471 1098 3519 extremam
1118 3476 1176 3518 ne·

114 3557 291 3618 cessitatem
308 3574 486 3645 spontanea
503 3556 668 3622 deditione
682 3559 846 3644 praevenit.

157 3655 254 3719 LVll.
270 3659 306 3720 C.
324 3658 466 3740 Blosius,
482 3657 615 3745 perditis
627 3657 800 3722 Aristonici
814 3656 928 3736 rebus,
943 3657 1004 3720 sibi
1021 3655 1177 3719 conscivit

115 3779 237 3820 necem.
268 3758 410 3839 Consul,
438 3758 586 3838 conjecto
614 3760 647 3820 in
674 3757 804 3821 vincula
827 3756 1033 3836 Aristonico,
1060 3753 1177 3819 deintle

114 3861 222 3924 Asiam
247 3857 465 3946 peragrando,
485 3859 667 3924 civitatibus
687 3860 761 3937 jura
783 3880 861 3936 sua,
885 3872 922 3919 ut
942 3857 1063 3920 meritae
1086 3854 1176 3918 vide·

114 3961 249 4039 bantur,
269 3959 407 4038 minuit,
430 3959 578 4042 auxitve3
603 3959 867 4047 provinciamque
892 3959 1014 4046 populo
1040 3978 1176 4020 romano

114 4062 316 4125 tributariam
335 4059 419 4124 fecit.
437 4059 499 4123 Per
517 4060 629 4125 eadem
648 4077 794 4145 tempora
812 4058 902 4146 Syria
919 4080 1050 4145 quoque
1068 4076 1177 4145 regem

151 4293 165 4355 ᾖ
180 4296 243 4343 ttv.
254 4291 334 4357 Agell.
345 4292 416 4349 XIV,
427 4293 450 4340 8.
465 4317 501 4327 -
514 4290 647 4348 etiamn,
660 4297 702 4346 tt·
721 4315 756 4326 -
766 4290 818 4338 ttv.
829 4290 895 4356 Fpit.
907 4315 943 4327 -
956 4288 972 4352 s
985 4288 1035 4336 tv.
1046 4285 1098 4334 Lir.
1110 4285 1177 4351 ttpte

116 4403 150 4414 -
167 4379 219 4426 Cic.
230 4394 276 4442 pro
290 4379 384 4436 Domo,
396 4392 452 4441 cap.
462 4384 503 4434 tp.
520 4401 555 4412 -
574 4374 590 4439 §
606 4374 669 4422 tvl.
685 4374 798 4432 ΟΜΝ,
811 4388 852 4422 ιο.
863 4397 897 4411 -·
914 4371 1018 4434 Euuop.
1031 4368 1075 4420 lib.
1089 4368 1178 4417 tt.-

115 4460 168 4507 Val.
182 4461 315 4519 Max.111‚
329 4466 354 4515 t.
