2594 4980
145 719 223 813 2¹76.
309 719 378 784 JO.
407 715 747 783 FREINSHEMII
779 712 1022 782 SUPPLEM.

189 844 215 902 V
219 841 243 905 I.
264 843 300 904 ln
321 839 491 902 itineribus
510 854 638 919 autem,
656 859 697 900 ne
715 837 806 924 quis,
827 851 865 899 ut
882 850 977 898 antea
993 834 1134 914 solebat,
1151 858 1208 897 or-

144 943 234 1005 dines
257 940 469 1027 relinqueret,
486 939 613 1027 agmine
636 937 794 1025 quadrato
814 958 942 1024 semper
966 935 1126 998 ducebat:
1144 935 1208 1015 ita,

144 1066 240 1129 quem
259 1042 397 1128 quisque
413 1041 555 1126 primum
572 1033 736 1127 inceperat
752 1040 879 1119 Iocum,
898 1038 1046 1131 deserere
1061 1060 1128 1099 non
1147 1060 1209 1124 po-

145 1161 246 1223 terat,
263 1143 341 1230 quin
365 1143 472 1205 statim
497 1140 818 1229 deprehenderetur:
835 1138 1075 1226 deprehensns,
1094 1139 1120 1201 si
1142 1141 1209 1201 Ilo-

145 1268 260 1309 manus
273 1260 369 1324 esset,
382 1244 519 1322 vitibus;
539 1243 564 1305 si
579 1242 743 1306 sociorum
757 1241 891 1328 aliquis,
906 1240 1002 1328 virgis
1016 1238 1208 1304 oaedehatur.

144 1347 343 1412 circumibat
355 1368 470 1434 agmen
485 1348 673 1432 imperator,
684 1360 716 1407 et
726 1344 813 1407 inter
824 1359 1005 1431 postremos
1018 1341 1211 1430 plerumque

144 1450 315 1531 incedens,
337 1446 481 1509 infirmos
508 1447 541 1508 in
568 1446 659 1532 equis
684 1443 878 1516 collocabat,
897 1440 1094 1506 descendere
1113 1440 1211 1520 jussis

145 1552 334 1640 equitibus:
350 1549 526 1628 jumentis,
542 1569 614 1634 quae
632 1545 771 1609 niqum
789 1561 916 1635 gravata
935 1542 1138 1623 videbantur,
1152 1541 1210 1604 de·

144 1655 252 1716 mebat
265 1674 380 1729 onera,
393 1648 647 1736 imponebatque
663 1647 802 1711 militurn
821 1645 999 1709 cervicibus
1013 1670 1020 1709 :
1035 1667 1117 1732 quos
1131 1644 1211 1706 alio·

145 1743 225 1839 quin
241 1750 457 1838 'cotitplurium
473 1749 600 1812 dierum
615 1749 734 1812 cibaria
750 1764 879 1835 portare
896 1748 1046 1836 cogebat,
1061 1762 1094 1809 et
1108 1747 1211 1808 inter·

144 1852 224 1917 dum
242 1853 373 1941 triginta
391 1849 517 1913 dierum
536 1851 757 1933 frumentum,
774 1872 811 1912 ac
829 1865 980 1937 septenos
999 1849 1089 1936 palos
1106 1848 1200 1911 ferre.

190 1954 261 2016 VII.
283 1955 512 2037 Annotataque
528 1974 590 2014 vox
609 1967 689 2029 est,
704 1973 806 2038 quum
825 1950 959 2014 militem
978 1966 1111 2038 propter
1127 1972 1220 2013 onus

144 2057 261 2144 aegrius
282 2053 486 2117 incedentem
505 2052 653 2132 vidisset,
672 2051 827 2133 phoenus,
842 2075 967 2140 «quum
981 2050 1086 2139 gladio
1097 2051 1214 2114 vallare

145 2185 157 2207 «ι
167 2170 198 2216 te
209 2153 334 2233 scieris,
345 2154 463 2215 vallum
474 2152 557 2215 ferre
573 2151 714 2216 desinito
724 2175 753 2216 a:
766 2153 884 2240 aliique
893 2168 1022 2216 scutum
1035 2153 1213 2241 elegantius

148 2254 243 2315 solito
256 2253 394 2340 gestanti
411 2251 507 2333 dixit,
528 2275 558 2315 se
578 2276 643 2315 non
662 2253 882 2340 reprehendere
888 2303 898 2334 ,
917 2253 1003 2342 quod
1023 2265 1115 2317 tanta
1135 2277 1216 2318 cura

146 2367 301 2432 ortutsset,
320 2357 352 2416 in
363 2377 424 2442 quo
429 2354 505 2442 plus
515 2358 582 2442 spei
586 2403 595 2434 ,
611 2378 707 2443 quam
718 2358 751 2418 t'n
763 2353 875 2441 gladio
888 2355 1033 2434 haberem
1053 2355 1214 2441 jussitque

146 2470 267 2519 semron
283 2456 417 2541 anaplius
427 2455 517 2542 justo
523 2452 626 2541 ferre.
639 2456 688 2519 Ita
703 2454 842 2519 subinde
859 2454 1062 2518 timiditatem
1081 2470 1114 2518 et
1132 2454 1225 2518 mol-2

146 2558 248 2620 litiem
269 2556 511 2644 exprobrando,
529 2557 626 2620 simul
643 2557 753 2620 labore
772 2556 959 2645 subigebat,
971 2556 1074 2619 simul
1095 2570 1214 2619 contu·

148 2660 242 2722 melia
263 2658 448 2721 stimulabat
465 2657 505 2719 ad
522 2656 720 2721 desiderium
741 2655 969 2744 recuperandae
987 2678 1045 2745 per
1059 2656 1225 2719 virtutem·

148 2761 258 2839 Iatuae,
277 2782 374 2846 quam
398 2782 456 2845 per
479 2759 636 2846 ignaviam
661 2757 876 2847 perdiderant.
896 2757 980 2821 Nea
999 2755 1223 2820 nobilioribus¹

148 2859 281 2946 quidem
296 2861 499 2938 severitatem
519 2860 720 2924 abstinebat:
738 2883 777 2924 ex
794 2860 913 2948 quibus
929 2859 965 2923 C.
982 2857 1130 2932 Metello,
1147 2880 1227 2944 quo·

148 2961 282 3024 tribuno
297 2962 436 3023 militum
450 2962 612 3042 utebatur,
623 2960 921 3047 stomachabundus
931 2958 1104 3047 aliquando
1116 2957 1215 3038 dixit,

148 3063 176 3122 si
194 3063 336 3148 quintum
349 3073 479 3146 pareret
495 3076 596 3124 attatei·
612 3063 693 3150 φα,
710 3066 832 3125 asinum
840 3060 946 3150 fuisse
957 3063 1163 3149 parituram:
1183 3075 1228 3122 et·

150 3162 185 3225 C.
208 3161 400 3223 Memmium
429 3161 598 3223 tribunum
622 3163 810 3249 increpans,
833 3161 924 3248 quod
951 3161 985 3222 in
1012 3158 1216 3247 expeditione

149 3283 222 3323 vasa
248 3259 439 3321 delicatioris
463 3282 541 3320 usus
566 3283 677 3322 secum
701 3262 816 3341 ferret,
837 3292 849 3316 n
864 3262 964 3342 Mihi,
987 3262 1115 3348 inquit,
1133 3283 1215 3347 pau·

150 3360 278 3446 ulisper,
294 3360 353 3421 tibi
371 3375 403 3420 et
419 3358 604 3445 reipublicae
619 3383 748 3449 semper
765 3383 904 3447 nequam
921 3362 1020 3425 eris.»

196 3459 284 3523 VIII.
303 3461 385 3522 Nam
406 3477 438 3522 et
458 3460 522 3522 hoc
544 3483 633 3524 more
652 3463 820 3538 utebatur,
840 3479 878 3524 ut
901 3462 986 3525 inter
1009 3461 1226 3550 proficiscen·-

106 3579 108 3586 '
152 3561 248 3640 (luni,
264 3561 395 3623 sarcinis
413 3563 651 3648 suspectiorum
669 3565 846 3652 replicatis,
862 3580 988 3651 reperta
1000 3565 1073 3628 ritae
1089 3563 1216 3626 mollio·

153 3661 196 3724 ris
207 3661 420 3724 iustrumenta
433 3662 663 3751 confringeret,
673 3665 898 3753 abjiceretque.
911 3666 1106 3729 stativorum
1117 3687 1228 3753 porro·

151 3761 381 3851 ponendorum
399 3765 452 3826 hic
467 3781 534 3828 erat
549 3765 648 3847 ordo;
658 3783 703 3831 ut
717 3768 838 3855 quique
853 3767 936 3830 inter
946 3765 1216 3855 proficiscendum

153 3865 187 3927 in
206 3864 312 3951 primo
330 3867 458 3952 agmine
475 3866 621 3949 fuerant,
641 3867 832 3948 italocum,
855 3868 914 3931 ubi
932 3884 1033 3931 castra
1051 3882 1141 3930 erant
1158 3888 1218 3953 po·

87 3987 91 3994 ’
154 3962 280 4039 nenda,
300 3966 411 4028 armati
429 3968 621 4054 cingebant3
637 3968 759 4032 circum
775 3968 836 4032 hos
853 3969 973 4032 laxiore
991 3970 1217 4056 paulumspa·

153 4066 200 4127 tio
225 4088 355 4154 campos
381 4069 570 4133 circumibat
596 4071 775 4160 amicorum
801 4069 947 4156 equitum
971 4070 1044 4133 ala:
1064 4071 1218 4145 interius,

188 4285 261 4349 §vt
281 4288 332 4334 Liv.
347 4291 411 4353 Epit.
434 4317 465 4324 -
483 4292 589 4356 Appian.
604 4320 639 4328 -
655 4292 672 4356 s
690 4294 747 4340 vn.
767 4294 964 4352 Front.IV,15.
982 4320 1017 4329 -
1034 4295 1088 4341 Liv.
1101 4296 1168 4358 Epit.
1183 4321 1219 4331 -—

154 4369 264 4434 Polyaen.
278 4371 321 4418 lib.
331 4375 400 4423 VIII.
420 4404 453 4410 -
472 4376 532 4422 utor.
551 4405 586 4413 -
604 4377 725 4427 Plutarch.
740 4380 839 4444 Apoph.
853 4381 925 4427 Ilom.
939 4394 992 4444 esp.
1011 4379 1052 4427 πθ.
1069 4407 1101 4416 -—
1120 4379 1173 4429 Cic.
1188 4368 1220 4426 de

155 4455 222 4501 Orat.
236 4457 274 4515 II,
292 4457 332 4505 66.
