2594 4980
10 35 1252 335 u

640 562 651 598 t

282 679 338 747 nt
369 678 485 746 Loc.
514 682 608 749 tte.
637 684 746 751 [κν
775 684 1001 754 letaut.
1107 687 1178 781 477

108 826 142 865 se
162 801 371 886 rationesque
394 813 469 862 su'as
487 802 654 883 transfert,
673 824 741 865 non
761 802 841 886 alio,
860 819 959 890 atque
976 798 1182 891 speraverat,
1217 878 1221 886 ⁴

108 919 238 967 eventu.
874 927 876 930 ⁴
1079 963 1081 966 Α
1175 978 1179 985 ¹

152 1007 239 1076 XlV.
258 1004 391 1092 Quippe
407 1004 574 1087 Numidoe,
589 1021 763 1093 postquam
779 1005 842 1068 late
858 1007 969 1069 omnia
987 1008 1120 1089 vastati,
1132 1008 1181 1072 vi·

108 1131 181 1186 cos,
198 1107 342 1188 castella,
365 1104 483 1194 oppida
506 1105 686 1170 infirmiora
708 1107 778 1195 capi
802 1106 1023 1194 incendique,
1040 1108 1187 1195 puberes.

108 1206 264 1288 interfici,
284 1222 398 1270 caetera
417 1206 532 1295 praedae
545 1209 685 1298 militum
702 1207 833 1289 cedere,
851 1231 954 1295 eaque
969 1225 1097 1273 tantum
1111 1233 1179 1274 non

111 1326 266 1395 praesente
289 1325 322 1372 et
341 1309 543 1398 inspectante
561 1311 724 1400 Iugurtha
745 1309 816 1374 lieri
834 1308 966 1393 vident;
989 1309 1122 1374 Metello
1146 1335 1181 1375 se

110 1433 233 1498 suaque
249 1411 359 1474 omnia
377 1410 514 1492 dedere,
531 1409 917 1497 frumentum,‘obsides,
936 1411 1013 1492 alia,
1030 1434 1103 1498 quae
1119 1412 1181 1475 im·

110 1529 270 1600 parasset,
289 1512 382 1593 dare,
398 1513 546 1602 praesidia
560 1514 658 1596 locis,
679 1514 800 1602 quibus
819 1513 864 1576 illi
887 1512 1076 1602 placuisset,
1098 1513 1182 1578 acci·

110 1636 204 1700 pere,
222 1614 341 1702 passim
361 1614 597 1702 coeperuntsld
612 1616 761 1681 acerbius
777 1615 962 1705 Jugurtbae,
982 1638 1081 1703 quam
1096 1637 1180 1704 prae·

111 1714 190 1776 lium
213 1716 296 1778 male
318 1732 522 1803 pugnatum,
547 1716 731 1799 accidebat,
758 1717 943 1805 reputanti,
965 1740 1035 1804 opes
1056 1740 1129 1781 suas
1152 1732 1183 1781 et

98 1814 250 1902 sarnam,
274 1819 306 1878 iu
323 1839 389 1903 que
402 1817 579 1905 plurinum
600 1841 662 1882 esse
678 1820 811 1898 seuiebat,
829 1820 887 1883 sibi
905 1818 1045 1907 quottidie
1064 1820 1182 1898 ηιίιιιιί,

111 1915 238 1978 Metello
254 1939 445 2004 augescere:
462 1921 492 1982 si
503 1932 651 2000 cessaret,
675 1922 759 1987 brevi
769 1943 876 1984 omnes
893 1934 925 1983 et
935 1923 1042 1984 omniu
1056 1922 1183 1985 victoris

99 2016 179 2103 sbre
186 2043 203 2096 ;,
216 2021 263 2081 sin
271 2019 470 2106 prohiberet,
486 2022 532 2083 ire
545 2045 577 2085 se
591 2025 677 2110 cogi,
691 2046 755 2111 qua
768 2021 915 2086 Metellus
928 2022 1136 2111 praecederet,
1153 2037 1185 2088 et

111 2142 203 2204 quem
209 2118 304 2206 fuga
321 2120 461 2185 clusuras
466 2120 600 2209 fueret,
618 2127 764 2213 insequi:
780 2136 877 2212 quum
896 2124 1010 2188 demde
1026 2148 1110 2213 spem
1124 2125 1185 2208 huf

112 2222 212 2300 beret,
226 2245 297 2286 eum
309 2225 472 2289 incondita
484 2225 700 2307 multtludiue,
715 2228 771 2291 ubi
777 2228 942 2291 Romanus
954 2240 1104 2314 optasset,
1119 2249 1185 2292 een·

111 2335 234 2388 tuturus
244 2373 254 2404 ,
277 2328 336 2414 qui
356 2325 424 2390 loco
443 2328 505 2391 sibi
522 2331 781 2417 opportunissimo
792 2327 949 2415 storemls
966 2341 998 2391 et
1016 2340 1184 2394 veteranas

111 2426 216 2513 copias
230 2429 405 2491 amasset?

156 2528 226 2591 XV.
243 2528 373 2592 Etenim
387 2546 460 2618 post
474 2529 642 2595 adversam
656 2553 800 2620 pugnam
808 2530 961 2595 Numidae
975 2529 1016 2594 ad
1028 2553 1087 2594 sua
1100 2532 1186 2618 quis·

112 2652 176 2714 que
202 2629 316 2716 dilapsi
340 2647 452 2713 erant3
476 2630 566 2718 quod
590 2631 738 2694 moribus
761 2631 866 2719 gentis
891 2630 1044 2694 licitum:
1067 2629 1184 2694 delecti

112 2745 241 2792 tantum
259 2730 383 2816 equites
403 2752 513 2818 regem
530 2731 563 2792 in
580 2733 656 2818 fuga
671 2731 880 2793 comitantur.
894 2729 1019 2818 Igitur,
1036 2729 1127 2816 quod
1144 2753 1184 2794 ex

112 2828 325 2914 praesentibus
338 2831 502 2917 optimum
511 2829 707 2911 videbatur,
719 2830 899 2920 exercitum
910 2831 1105 2916 plerumque
1114 2830 1184 2895 aliis

112 2931 190 2992 loeis
207 2929 348 2993 habebat
368 2931 462 3016 :ipse
485 2943 562 2993 'eum
578 2930 669 2994 lectis
688 2929 853 3018 equitibus
872 2951 1045 2993 romanum
1065 2952 1183 3020 agmen

112 3023 324 3118 sequebatur,
336 3029 571 3119 carpebatque,
583 3032 693 3095 multis
706 3031 874 3113 hostium,
888 3045 928 3094 ut
943 3032 1026 3093 forte
1039 3031 1183 3119 palantes

111 3132 245 3219 adipisci
261 3148 405 3221 poterat,
423 3132 612 3197 interfectis.
631 3133 789 3196 Homines
803 3133 892 3196 enim
909 3147 945 3199 et
958 3133 1034 3219 equi
1046 3133 1183 3223 velocis·

111 3235 202 3315 simi,
221 3236 317 3298 etiam
335 3257 440 3322 quum
454 3235 552 3323 longe
570 3234 682 3299 abesse
699 3232 929 3314 crederentur,
945 3234 1117 3299 nocturnis
1133 3234 1184 3322 iti·

112 3337 244 3399 neribus
265 3359 324 3423 per
343 3336 412 3399 avia
435 3335 629 3425 plerumque
646 3335 734 3416 loca,
756 3335 878 3402 securis
899 3349 933 3398 et
947 3333 1058 3398 animo
1074 3336 1184 3401 vacuis

112 3436 393 3521 superveniebant.
591 3500 596 3511 ,
1157 3501 1160 3508 .

157 3537 243 3597 xvl.
262 3534 425 3600 Adversus
441 3537 510 3618 baec
531 3536 742 3602 incommoda
758 3536 909 3600 Metellus
927 3536 1131 3624 providentia
1151 3555 1186 3603 et

113 3634 281 3721 disciplina
299 3637 483 3724 pugnabat,
504 3638 606 3701 vetito
623 3637 731 3725 vagari
747 3637 869 3718 milite;
890 3653 923 3700 et
939 3638 1005 3702 sive
1023 3639 1182 3730 lignatum

112 3752 323 3822 aquatnmve,
338 3738 405 3801 sive
421 3737 462 3801 ad
476 3739 557 3802 alios
577 3761 655 3803 usus
671 3735 945 3826 proficiscendum
958 3755 1058 3822 esset,
1076 3742 1185 3828 provi·

113 3839 155 3901 sis
167 3854 367 3901 armatorum
385 3837 551 3926 praesidiis.
568 3840 650 3921 Quae
661 3838 719 3901 ubi
732 3839 845 3902 Romae
858 3853 937 3901 sunt
952 3837 1081 3921 audita,
1094 3862 1186 3929 sena·

114 3957 165 4004 tus
184 3940 436 4028 supplicationes
455 3939 562 4003 obres
577 3964 595 4004 a
609 3940 743 4004 Metello
762 3955 867 4028 gestas
880 3937 1126 4021 decrevi13'laeta
1139 3942 1185 4007 ei·

113 4043 226 4124 vitate,
243 4041 334 4131 quod
347 4042 510 4105 labantem
521 4041 667 4129 priorum
683 4038 805 4103 ducum
818 4039 967 4104 vecordia
980 4039 1183 4128 disciplinam

112 4144 297 4230 famamque
313 4143 362 4206 vir
380 4143 528 4230 egregius
546 4141 746 4205 restituisset.
766 4144 854 4206 Dum
867 4141 936 4206 baec
955 4140 997 4205 ad
1016 4141 1184 4209 meridiem

147 4349 162 4411 S
178 4352 248 4398 xttt
261 4350 313 4398 Liv.
328 4349 392 4415 Epit-
403 4375 438 4388 —
447 4350 519 4397 Oros.
531 4375 566 4386 -
581 4348 679 4398 Sallust.
692 4376 729 4386 -
741 4348 758 4412 ς
769 4350 840 4399 xlv.
857 4348 923 4397 Flos.
938 4349 992 4407 111,
1009 4364 1031 4398 1.
1042 4377 1078 4389 -
1087 4350 1185 4402 Sallust.

113 4458 147 4466 -
161 4433 213 4480 Liv.
229 4434 296 4498 Epis.
