2594 4980
234 691 294 761 m
325 689 729 761 LOC.LIB.XLV11
759 691 975 760 mvmru.
1096 689 1139 785 37

77 808 254 891 occiderat,
267 811 403 891 consul,
414 811 539 875 hostem
553 811 659 874 hieme
673 810 738 890 jam
755 825 925 897 appetente
937 808 1142 874 recedentem

76 912 244 976 insecutus
261 928 313 975 est
327 935 420 1001 :spes
434 928 518 993 erat,
533 912 623 1001 quod
640 912 767 991 evenit,
783 934 822 974 ex
838 912 912 974 anni
930 928 1092 1000 tempore,
1111 928 1144 975 et

76 1034 112 1077 re
135 1013 313 1078 commode
337 1031 440 1105 gesta,
462 1015 709 1105 negligentiores
733 1013 775 1078 ad
798 1010 976 1077 custodiam
1002 1014 1143 1103 regionis

76 1114 240 1180 Dalmatas
258 1116 341 1180 fore.

118 1216 244 1281 xxlfl.
259 1218 309 1281 Illi
319 1264 328 1298 ,
339 1216 405 1296 jam
421 1217 456 1280 in
473 1241 530 1281 sua
546 1216 664 1307 oppida
680 1216 806 1305 dilapsi,
822 1216 863 1281 ad
877 1216 994 1280 famam
1009 1216 1143 1279 venien·

74 1318 116 1381 tis
137 1319 300 1384 exereitus
321 1320 468 1402 romani,
483 1342 619 1408 propere
638 1336 887 1407 congregantur.
909 1316 972 1380 Sed
994 1316 1082 1406 prius
1101 1316 1143 1380 ab

73 1420 323 1486 intentohoste
347 1421 471 1501 disjecti
488 1438 582 1501 sunt,
600 1444 697 1509 quam
715 1421 905 1484 contrahere
920 1420 1004 1481 vires
1021 1441 1093 1481 suas
1112 1434 1145 1482 et

73 1518 227 1585 ordinare
243 1538 387 1611 possent.
406 1523 604 1586 Delminium
622 1523 767 1611 plerique
785 1522 860 1610 fuga
878 1519 1143 1584 contenderunt:

72 1623 340 1689 robustissimum
364 1624 424 1689 illis
444 1626 523 1689 Iocis
546 1624 720 1713 oppidum,
738 1641 770 1688 et
791 1624 895 1712 gentis
916 1637 1021 1711 eaput.
1040 1620 1079 1685 Id
1104 1642 1143 1683 ex

71 1724 189 1790 itioere
201 1748 392 1815 oppugnare
404 1749 589 1816 aggressus,
599 1749 702 1814 quum
715 1727 820 1814 primo
833 1726 958 1813 impetu
968 1723 1049 1787 nihil
1063 1723 1142 1811 egis·

71 1842 138 1906 set,
154 1826 389 1915 admoverique
403 1828 566 1893 machinas
574 1829 653 1908 loci,
663 1828 720 1890 ubi
737 1829 795 1891 sita
810 1828 889 1890 urbs
904 1842 986 1905 erat,
1003 1823 1140 1888 altitudo

70 1944 209 2009 vetaret,
220 1927 264 1992 ad
277 1928 338 1993 alia
355 1931 480 1993 minora
493 1929 611 2018 oppida
629 1931 806 1993 exercitum
823 1928 1048 1992 circumduxit.
1058 1928 1140 2008 Quae

71 2027 130 2090 uhi
142 2045 235 2091 metu
251 2028 397 2093 hostium
410 2029 534 2093 deserta
548 2046 580 2093 et
593 2053 692 2093 vacua
702 2029 807 2109 videt,
817 2030 1016 2093 Delminium
1031 2051 1139 2091 rever·

72 2128 162 2193 titur.
180 2128 268 2192 Urbs
284 2147 354 2194 erat
370 2130 443 2193 Ioco
460 2146 492 2192 et
508 2153 606 2217 opere
624 2131 769 2211 munita,
789 2129 845 2193 sed
864 2131 992 2193 inerant
1008 2127 1140 2191 aedificia

73 2228 174 2293 mutu
193 2250 234 2291 ex
255 2228 346 2294 arida
363 2230 495 2293 materie
514 2253 521 2293 :
543 2229 577 2293 id
595 2245 766 2318 postquam
790 2230 1049 2294 animadversum
1073 2246 1139 2311 est,

71 2329 168 2395 sudes
179 2330 372 2395 bicubitales
383 2333 485 2421 parari
500 2334 614 2397 consul
627 2333 737 2414 jubet,
753 2355 832 2420 quas
849 2333 920 2420 pice
934 2354 970 2395 ac
984 2331 1140 2418 sulphure

70 2431 182 2514 illitas,
196 2447 381 2521 stuppaque
397 2434 498 2497 multa
513 2434 685 2522 obligatas,
699 2433 865 2520 catapultis
881 2433 914 2495 in
932 2432 1047 2495 urbem
1064 2431 1140 2493 mit·

68 2548 197 2598 terent:
214 2550 248 2597 et
264 2535 419 2598 successit
436 2533 549 2616 dolus;
566 2535 678 2599 leviter
692 2535 848 2613 incensae,
862 2532 942 2595 dum
958 2554 1018 2618 per
1033 2551 1140 2593 aerem

68 2634 240 2718 feruntur,
257 2635 421 2725 ingentem
436 2637 501 2699 vim
514 2636 742 2725 concipiebant
760 2633 961 2699 flammarum
971 2680 980 2714 ,
992 2654 1064 2720 quae
1081 2629 1139 2693 uhi

66 2734 211 2800 aedificiis
224 2734 426 2815 incidissent,
438 2736 552 2800 vicinis
569 2737 755 2824 quibusque
769 2735 860 2799 facile
878 2733 1136 2823 comprehensis,

66 2852 199 2902 tantum
212 2838 396 2902 excitarunt
413 2838 616 2919 incendium,
628 2854 684 2919 ut,
699 2861 739 2903 eo
760 2839 871 2902 multis
890 2837 1034 2900 hostium
1057 2857 1138 2898 con·

66 2938 230 3025 sumptis,
247 2938 355 3002 ceteri
370 2941 481 3003 venire
496 2940 530 3001 in
550 2954 740 3026 potestatem
757 2954 960 3027 cogerentur.

108 3039 240 3103 XXIV.
249 3038 431 3121 Nescio,an
444 3041 508 3104 hoc
518 3062 621 3120 anno,
633 3041 717 3104 circa
727 3040 790 3102 hoc
800 3055 929 3126 tempus
944 3051 1044 3117 certe,
1054 3035 1139 3101 AElia

65 3155 99 3203 et
113 3141 214 3205 Fusio
230 3141 333 3231 leges,
350 3165 368 3206 a
385 3141 517 3206 duobus
536 3142 674 3205 tribunis
695 3142 798 3229 plebis
821 3139 968 3229 perlatae,
988 3138 1138 3201 comitio·

65 3262 144 3303 rum
157 3241 254 3321 vitia,
272 3241 381 3329 quoad
399 3243 525 3306 occurri
543 3245 666 3331 potuit,
683 3243 870 3332 pleramque
888 3256 1012 3329 partem
1029 3256 1139 3304 sustu·

64 3340 188 3406 lerunt.
199 3342 284 3407 AElia
295 3345 476 3425 cavebatur,
489 3349 537 3409 uti
543 3349 672 3410 comitiis
683 3346 785 3434 legum
803 3346 895 3409 haud
909 3347 1010 3408 minus
1018 3394 1027 3425 ,
1041 3367 1139 3433 quam

65 3446 328 3532 magistratuum,
345 3447 385 3509 de
395 3447 474 3511 coelo
487 3448 648 3527 servandi,
667 3449 875 3513 obnuntiandi
882 3496 893 3527 ,
912 3447 1137 3512 intercedendi·

63 3568 131 3635 que
149 3546 211 3635 jus
225 3561 309 3612 esset‘.
327 3548 424 3611 Fusio
439 3547 540 3637 fastu
557 3550 662 3613 diebus
682 3548 787 3636 legum
801 3547 1014 3636 serendarum
1038 3569 1138 3609 causa

64 3670 141 3711 own
160 3646 283 3737 populo
305 3652 365 3735 agi
382 3651 518 3714 vetabat.
543 3644 747 3738 Excepeiunt
765 3650 882 3714 deinde
903 3651 938 3713 P.
965 3648 1136 3712 Cornelius

66 3748 105 3813 Ρ.
125 3750 160 3813 F.
177 3752 239 3813 Cn.
254 3748 296 3813 N.
315 3750 423 3839 Scipio
439 3751 567 3831 Nasica,
585 3752 631 3816 Μ.
649 3750 801 3816 Claudius
821 3751 864 3814 Μ.
880 3753 915 3815 F.
931 3751 975 3814 M.
995 3750 1036 3813 N.
1050 3747 1147 3810 Man.

64 3850 190 3930 cellos,
204 3866 345 3938 uterque
358 3852 475 3915 iterum
492 3854 650 3917 consules.
669 3855 795 3916 Horum
810 3852 952 3938 Scipioni
966 3851 1136 3927 Dalmatae,

64 3951 224 4016 Marcello
242 3951 377 4040 Ligures
393 3968 426 4017 et
439 3953 557 4042 gallicae
573 3953 746 4041 provinciae
762 3966 947 4015 evenerunt.
963 3951 1011 4012 En
1027 3964 1139 4035 praeto·

65 4052 161 4117 ribus
177 4053 276 4117 unius
286 4056 326 4118 A.
341 4053 499 4119 Postumii
515 4055 625 4119 Albini
640 4055 776 4118 maxime
789 4070 865 4117 nota
876 4075 945 4116 sors
959 4068 1020 4131 est,
1038 4071 1137 4137 quem

101 4277 121 4345 s
137 4279 225 4329 1111.
233 4279 298 4329 Vell.
316 4281 342 4339 I,
361 4249 621 4346 15.-Ju1.0bseq.
639 4308 674 4320 -—
689 4280 778 4346 Polyb.
794 4282 909 4342 excerpe
925 4277 1007 4338 legat.
1026 4289 1083 4334 ¹²7·
1100 4299 1137 4310 -

62 4361 160 4425 Polyb.
169 4362 236 4426 apud
244 4362 325 4411 Valeo.
336 4391 372 4400 —
383 4364 491 4428 Appiae.
503 4366 573 4430 Illyr.
583 4393 618 4405 -—
632 4366 685 4415 Liv.
699 4366 768 4431 Epit.
781 4363 884 4413 xuvu.
899 4386 932 4398 -
944 4357 960 4421 S
973 4359 1072 4407 xxm.
1085 4356 1138 4405 Liv.

63 4444 138 4509 Epit.
148 4470 185 4482 -·
193 4445 301 4511 Appia.
313 4472 348 4484 -
358 4447 422 4496 Flor.
433 4449 479 4508 tv,
492 4463 529 4495 ra.
