2594 4980
249 714 303 783 IN
327 714 449 782 LOC.
477 715 569 783 LlB.
596 714 724 781 LXXI
756 711 975 780 LIVIANI.
1074 709 1144 805 647

79 836 214 916 bantur,
242 835 454 922 occupabant,
480 837 566 923 Ergo
589 835 678 897 velut
698 855 755 920 per
775 833 879 895 otium
902 831 1014 894 italicae
1036 847 1147 921 gentes

79 960 196 999 novam
216 935 400 1023 reipublicae
416 937 553 999 formam
571 934 802 1013 commentari,
819 951 916 1020 atque
933 931 1014 997 adeo
1030 934 1150 997 consti-

79 1053 169 1099 tuere
183 1054 379 1123 potuerunt,
394 1037 435 1100 ad
450 1037 634 1124 exemplum
650 1057 792 1098 romanae
806 1034 942 1097 civitatis
959 1035 1150 1122 comparatis

79 1137 214 1226 legibus.
237 1139 341 1226 Caput
364 1160 491 1214 rerum,
512 1137 703 1226 consiliique
720 1136 841 1225 publici
863 1152 894 1199 et
915 1136 1022 1198 omnis
1042 1159 1153 1199 neces·

80 1239 153 1301 sarii
176 1254 345 1327 apparatus
367 1261 495 1319 arcem,
517 1237 698 1302 Corfinium
717 1239 844 1301 interim
868 1260 936 1301 esse
957 1238 1152 1311 voluerunt,

80 1341 288 1428 Pelignorum
326 1342 497 1405 maximam
534 1340 649 1404 urbem
673 1364 680 1404 :
715 1338 791 1418 sed,
823 1341 911 1402 velut
940 1361 1151 1402 communem

80 1441 228 1504 omnium
248 1443 401 1530 patriam,
423 1460 482 1531 pro
502 1441 646 1506 Corfinio
663 1440 810 1506 Italicam
830 1438 1040 1530 appellantes,
1063 1441 1152 1502 curia

83 1542 237 1629 foroque,
257 1544 444 1631 caeterisque
464 1545 601 1634 publicis
619 1541 782 1624 adificiis,
800 1543 970 1631 proposito
991 1564 1051 1604 suo
1072 1563 1153 1604 con·

82 1643 221 1706 venienti
243 1638 479 1733 magnificentia
498 1660 706 1711 exornarunt.

125 1745 222 1809 XLV.
244 1747 317 1809 Huc
333 1746 452 1810 deinde
469 1748 578 1811 omnia
597 1746 673 1810 belli
689 1744 835 1833 praesidia
852 1743 1057 1808 concorditer
1073 1767 1154 1807 con·

81 1861 184 1932 gesta,
195 1845 324 1911 obsides
337 1871 373 1910 ex
387 1847 540 1911 omnibus
550 1846 679 1935 populis
689 1846 796 1926 missi,
810 1869 926 1936 magna
935 1847 982 1910 vis
991 1846 1153 1935 pecuniae,

82 1967 195 2032 magna
207 1964 460 2010 commeatuum.
476 1949 609 2011 Summa
624 1949 773 2011 omnium
788 1971 888 2036 penes
902 1949 1099 2037 quingentos
1111 1947 1155 2011 vi·

82 2066 232 2127 roserat,
251 2063 319 2112 tota
332 2048 440 2124 ltalia,
455 2072 515 2137 pro
532 2050 691 2136 cujusque
708 2048 842 2112 civitatis
855 2048 973 2136 opibus
992 2047 1153 2113 delectos:

82 2147 135 2210 hic
147 2163 272 2212 senatus
283 2151 469 2213 vocabatur.
487 2152 534 2213 Ex
546 2150 610 2213 hoc
625 2172 764 2213 numero
780 2148 876 2212 binos
892 2149 1067 2235 quotannis
1080 2170 1158 2212 con·¹

81 2249 185 2330 sules,
203 2250 374 2315 duodenos
388 2270 541 2339 praetores
554 2253 655 2316 creari
670 2253 851 2339 oportebat.
868 2252 1022 2338 Qrtandiu
1039 2251 1153 2315 bellum

81 2366 171 2430 essct,
186 2351 280 2415 atteri
291 2353 453 2417 consulum
465 2376 537 2417 111111
548 2376 607 2416 sex
612 2354 803 2442 praetoribus
817 2376 839 2416 a
853 2352 986 2418 Cercolis
1003 2354 1157 2441 usquead

81 2475 167 2516 111111
184 2455 384 2519 Adriaticmn
392 2459 589 2544 provinciam
602 2479 680 2536 esse,
696 2454 824 2518 totidem
831 2458 911 2543 pari
924 2455 1041 2516 honore
1055 2457 1155 2540 neugi-

80 2557 225 2619 stratibus
253 2576 399 2621 coeteram
424 2558 573 2636 Italiam,
598 2556 773 2643 placuerat.
797 2557 887 2617 lnter
909 2554 978 2616 haec
995 2553 1154 2633 Romani,

80 2655 167 2719 velut
182 2680 221 2719 ex
235 2656 401 2743 profundo
415 2673 549 2744 stupore
566 2655 703 2743 receptis
717 2653 881 2733 sensibus,
892 2675 1152 2741 quaquaversum

81 2772 186 2818 certos
200 2756 350 2821 homines
365 2755 406 2820 ad
419 2757 553 2841 consilia
568 2756 732 2839 sociorum
751 2752 946 2843 speculanda
961 2754 1153 2821 dimittunt:

82 2855 200 2942 quibus
217 2855 305 2921 haud
324 2878 439 2946 magna
453 2855 626 2920 calliditate
646 2878 730 2943 opus
747 2853 789 2919 ad
808 2854 873 2918 hoc
888 2856 1055 2944 negotium
1073 2853 1153 2938 fuit,

81 2980 183 3045 quum
197 2958 263 3037 jam
280 2959 326 3022 ita
342 2959 425 3021 vires
442 2979 508 3021 suae
522 2957 685 3045 placerent
701 2955 813 3036 sociis,
831 2973 863 3019 et
878 2955 1012 3020 consilia
1027 2971 1152 3021 matura

80 3056 283 3142 viderentur,
302 3074 340 3124 ut
355 3058 549 3148 pervulgatis
566 3056 690 3145 ubique
705 3057 913 3122 sermonibus
928 3061 1085 3121 civitatem
1099 3082 1152 3122 ro·

81 3179 226 3239 manum,
239 3183 296 3226 suo
308 3159 527 3250 majorumque
539 3161 694 3247 sanguine
707 3172 861 3224 servatam
874 3172 1078 3249 auctamque,
1096 3159 1155 3222 sibi

80 3262 185 3326 deberi
203 3262 305 3350 palam
323 3262 554 3351 loquerentur;
574 3284 703 3352 eamque
721 3262 779 3325 1111
798 3275 933 3351 tempore
944 3283 1065 3350 parare
1083 3283 1151 3324 111-

80 3378 146 3426 tum
171 3364 312 3427 omnibus
334 3387 374 3427 ac
398 3363 600 3427 deliberatum
626 3363 795 3429 dicerent:
816 3362 854 3426 id
874 3385 971 3427 unum
991 3364 1150 3443 1111111111,

83 3476 185 3526 utrum
202 3461 395 3546 volentibus,
412 3467 470 3554 qui
485 3480 550 3529 tum
567 3481 682 3547 essent,
697 3466 863 3547 Romanis,
882 3488 924 3527 an
941 3487 1017 3528 veru
1030 3468 1149 3544 invitis,

82 3567 306 3651 inspicerentur.

116 3769 132 3833 S
150 3772 241 3822 mv,
259 3771 313 3819 Liv.
328 3771 394 3837 spu.
414 3796 448 3809 -
470 3769 576 3820 nator.
593 3770 678 3836 Μῦς.
694 3769 738 3819 lib.
757 3770 893 3820 xxxvn.
911 3795 947 3807 -
966 3769 1046 3818 strab.
1065 3769 1109 3816 lib.
1119 3771 1154 3828 V„

82 3864 181 3927 thw-
195 3881 229 3895 -
239 3854 305 3904 vett.
318 3855 355 3915 11,
369 3857 392 3904 5.
411 3881 446 3893 ·-
462 3856 571 3920 Appiam
591 3880 624 3890 -
637 3853 654 3920 3
666 3854 743 3911 XLV.
757 3852 863 3902 Diodor.
878 3878 913 3890 ·-
924 3853 1032 3920 Appiam

397 4146 836 4179 w.
