2594 4980
316 727 370 796 nt
400 727 514 796 tou.
540 728 635 796 ms.
664 729 769 798 nxv
798 732 1017 801 ttvmut.
1125 732 1196 829 493

177 850 258 914 LIV.
279 849 338 914 His
355 848 578 937 magistmtum
599 850 803 938 gerentibus,
820 850 899 914 urbs
918 851 1049 917 lustrata
1067 871 1132 937 est,
1150 855 1196 921 ob

133 973 225 1015 arem
243 950 494 1031 incendiariam,
510 951 654 1038 itemque
667 950 851 1032 bubonem,
864 952 975 1016 Romae
990 953 1084 1020 visos.
1096 955 1197 1038 Quod

133 1075 237 1143 genus
254 1051 334 1116 illud
348 1052 456 1115 avium
472 1053 585 1134 fuerit,
599 1075 680 1140 quas
694 1069 848 1117 vocarent
858 1053 1085 1135 incendiarius,
1100 1054 1198 1123 etiam

133 1154 171 1217 iis
196 1153 416 1240 temporibus,
433 1153 552 1240 quibus
569 1152 677 1217 adhuc
700 1154 855 1244 regnabat
877 1171 970 1219 vetus
987 1159 1194 1244 superstitio,

135 1255 272 1342 librique
285 1254 454 1343 augurales
471 1255 503 1317 in
520 1254 670 1318 manibus
684 1271 790 1335 erant,
801 1252 987 1318 dubitatum
997 1255 1111 1322 rideo:
1125 1260 1199 1345 qui·

135 1357 208 1420 dam
220 1360 438 1445 spinturnicem
449 1372 583 1437 vocant,
593 1372 722 1444 turpem
732 1354 868 1442 figuram
880 1354 1072 1439 tribuentes,
1083 1378 1199 1444 quum,

134 1459 237 1544 qualis
252 1472 350 1537 esset,
370 1479 437 1521 non
452 1472 586 1545 possent
601 1455 719 1521 dicere.
733 1456 824 1521 Nihil
838 1457 973 1521 similius
987 1480 1080 1541 vero,
1099 1482 1198 1547 quam

134 1560 225 1647 quod
240 1561 347 1640 aiunt,
363 1581 553 1648 quaecuuque
570 1545 753 1647 appantetit
762 1558 926 1622 carbonem
933 1557 1050 1646 ferens
1061 1582 1104 1622 ex
1117 1562 1215 1639 aris„

138 1663 189 1725 vel
196 1661 364 1740 altaribus,
378 1661 607 1725 incendam-iam
620 1683 705 1722 esse:
718 1657 804 1722 idern
816 1657 914 1727 credo
924 1658 1104 1738 judicatum
1118 1683 1198 1742 esse,

135 1766 160 1826 si
178 1765 352 1828 carbonem
370 1764 494 1827 tulisset
511 1762 674 1855 exnbusto.
696 1762 741 1825 Ea
757 1784 808 1825 res
827 1783 931 1848 quum
949 1761 1033 1826 forte
1050 1762 1130 1831 nido
1146 1765 1198 1828 in-

134 1864 295 1930 llammato
313 1864 502 1929 incendium
525 1863 699 1952 aliquando
722 1865 908 1945 excitasset,
932 1865 1018 1930 inter
1045 1867 1198 1956 praesagia

134 1967 248 2047 cladis,
267 1968 360 2048 cujus
375 1989 443 2031 esse
459 1987 555 2029 causa
568 1974 710 2053 pbterat,
724 1965 836 2030 haberi
847 1980 958 2054 coepta.
975 1967 1039 2031 Sed
1052 1967 1103 2031 his
1116 1990 1199 2056 pru·

135 2086 184 2131 ter
194 2070 380 2155 institutum
394 2091 433 2131 ex
442 2068 612 2131 occasione
622 2067 763 2154 quaesitis
780 2069 904 2132 reniam
915 2117 924 2144 ‚
937 2070 985 2132 uti
1002 2092 1112 2158 spero,
1130 2093 1199 2135 non

133 2170 278 2255 ineptum
302 2168 482 2233 scrutandas
506 2169 673 2234 vetustatis
694 2167 840 2233 studium
862 2168 1033 2248 conficiet,
1054 2194 1096 2235 ue
1118 2170 1199 2261 quid

135 2293 266 2350 eorum,
281 2293 352 2357 quae
370 2272 496 2335 suntin
513 2271 684 2336 annalibus
701 2271 833 2359 scripta,
849 2272 1019 2336 nesciatur.

178 2372 243 2436 LV.
259 2374 419 2437 Caeterum
433 2374 468 2437 C.
480 2373 616 2454 Marius,
631 2372 804 2457 consulatu
817 2395 885 2437 non
897 2387 1086 2454 contentus,
1102 2374 1199 2439 etiam

133 2474 332 2559 provinciam
354 2472 541 2539 Numidiam
564 2474 691 2539 senatui
714 2474 868 2555 extorsit,
891 2474 949 2561 qui
971 2475 1102 2539 Metello
1127 2497 1199 2541 eam

135 2573 318 2639 decreverat
334 2599 341 2638 :
357 2574 391 2638 id
406 2576 449 2639 ob
465 2576 667 2639 tribunitiam
681 2576 884 2663 rogationem
902 2578 961 2639 Cn.
972 2576 1116 2641 Mancini
1129 2577 1202 2640 irri-

135 2691 204 2738 tum
228 2676 309 2755 fuit,
329 2676 384 2762 qui
406 2698 509 2762 quum
535 2676 660 2739 tulisset
678 2674 727 2765 sd
741 2675 919 2762 populum,
940 2697 1033 2763 quem
1051 2698 1122 2740 eum
1140 2676 1201 2743 lu·

131 2777 248 2860 gurtha
270 2775 383 2838 bellum
400 2774 655 2862 gemendum,
669 2775 843 2862 juberent?
857 2776 996 2862 populus
1015 2775 1049 2840 C.
1060 2776 1202 2842 Marium

134 2879 286 2962 frequens
301 2876 405 2954 jussit.
422 2878 506 2939 Tum
522 2898 599 2940 vero
614 2876 684 2955 ille,
700 2873 798 2938 rebus
813 2876 856 2938 ita
873 2874 1126 2962 procedentibus
1144 2899 1202 2943 ex·

135 2977 256 3040 sultaus
267 2994 299 3041 et
312 2977 419 3058 ferox,
431 2999 501 3040 sese
512 2974 722 3064 magnificum
738 2976 859 3040 inferre
869 2976 1050 3058 nobilibus,
1065 2979 1201 3060 instare,

134 3079 308 3160 lacessere,
326 3078 485 3166 denique,
510 3077 589 3142 dum
614 3094 697 3140 esset
719 3076 807 3141 unde
831 3076 876 3141 illi
899 3077 1070 3159 dolerent,
1094 3101 1202 3169 neque

134 3183 217 3244 facto
231 3181 307 3260 ulli,
322 3203 428 3268 neque
441 3179 528 3244 dicto
543 3201 683 3268 parcere.
703 3177 766 3242 Sed
782 3179 862 3243 alter
873 3180 989 3243 consul
1004 3180 1040 3244 L.
1053 3179 1201 3262 Cassius,

134 3283 185 3344 cui
208 3281 308 3347 Gallia
329 3283 539 3369 Transalpina
565 3281 731 3369 provincia
760 3297 847 3362 erat,
877 3303 981 3369 quum
1004 3281 1202 3371 Tiguriuos,

136 3383 278 3448 nobilem
294 3385 448 3449 Helvetiae
463 3406 600 3472 pagum,
615 3383 724 3447 relicta
742 3382 869 3446 civitate
885 3404 959 3458 sua,
977 3405 1036 3471 per
1047 3382 1199 3449 Allobro·

135 3506 213 3570 gum
228 3483 306 3548 lines
319 3487 489 3550 transitum
505 3484 610 3548 moliti
628 3484 851 3573 cognovisset,
868 3499 906 3546 ut
922 3500 1107 3548 occurreret
1123 3484 1202 3566 illis,

136 3606 276 3670 eosque,
295 3588 483 3674 priusquam
503 3587 538 3649 in
559 3585 740 3673 provincias
763 3607 913 3648 romanas
936 3584 1202 3667 effunderentur,

136 3684 330 3766 includeret,
349 3690 472 3775 magnis
489 3686 660 3751 itineribus
675 3709 716 3750 eo
734 3683 914 3750 contendit.

179 3786 259 3850 LVl.
281 3788 456 3877 Tigurinos
476 3788 605 3855 Cimbri
621 3787 804 3850 exciverunt
823 3809 831 3849 :
850 3807 929 3873 gens
950 3809 1029 3876 vaga
1056 3804 1088 3850 et
1113 3808 1201 3851 erra·

136 3886 263 3969 bunda,
287 3889 449 3976 plerisque
465 3889 604 3977 Europoe
627 3887 816 3976 regionibus
835 3886 1017 3974 populatis,
1035 3908 1140 3974 quum
1159 3884 1202 3951 ud

135 3988 299 4052 Helvetios
315 3989 537 4077 pervenisset,
559 3990 687 4077 quietos
711 3986 753 4052 ad
770 3985 804 4052 id
831 4003 1017 4075 temporum
1034 3988 1203 4065 homines,

169 4222 185 4286 s
201 4220 264 4269 LIV.
275 4221 305 4268 U.
317 4223 345 4269 C.
358 4219 409 4275 645
419 4236 426 4277 ς
437 4221 468 4267 Δ.
480 4219 509 4268 C.
522 4233 578 4278 top.
592 4243 627 4253 -
640 4217 703 4266 Plin.
713 4219 751 4275 X,
766 4217 806 4263 13.
820 4243 855 4252 -
873 4219 936 4265 Fest.
947 4217 973 4263 in
982 4232 1043 4264 voce
1051 4217 1200 4281 Spt'nturnr'x.

139 4333 169 4342 -
182 4304 198 4369 s
211 4305 262 4352 tv.
273 4304 369 4352 Sallust.
382 4328 417 4339 -
431 4302 483 4349 Lis.
498 4301 564 4367 Epir.
579 4327 613 4337 --
625 4300 688 4347 Vell.
702 4301 742 4357 ll,
763 4315 802 4347 rs.
818 4326 853 4335 -
875 4299 954 4347 strab.
971 4298 1015 4347 lib.
1024 4300 1083 4347 Vll.
1098 4324 1133 4337 -
1141 4299 1200 4349 Tse.

135 4391 218 4437 Germ.
230 4406 284 4454 esp.
300 4389 340 4448 37.
355 4415 389 4424 —
402 4389 474 4435 Oros.
485 4387 519 4445 V,
540 4386 579 4434 1⁵.
590 4411 625 4421 ·-
634 4383 744 4441 Adonis,
759 4383 913 4433 Cbrouieon.
923 4385 1028 4433 -ceu
1038 4383 1069 4432 de
1078 4384 1129 4434 net.
1138 4384 1201 4434 Gall.

137 4471 178 4517 lib.
192 4475 211 4518 1.
227 4499 261 4510 -
273 4473 375 4521 llberos.
387 4470 420 4518 ad
432 4473 540 4519 Herem.
554 4470 577 4528 l,
595 4468 635 4527 1⁵,
647 4479 672 4516 et
682 4468 727 4526 tv,
741 4474 782 4521 st.
