2594 4980
140 744 1230 786 mmmmmmwmmmumm

281 974 569 1063 ioannis
603 938 1068 1117 rnmusuuu'n

189 1234 1174 1435 suppnnunu'ronutt

367 1535 986 1669 eiulationum
1144 1510 1147 1515 ’

487 1816 670 1899 LIBER
705 1816 858 1897 XXXI

317 2041 363 2096 nr
389 2038 546 2096 noenu
569 2036 824 2096 n1nmnxv1
848 2033 1035 2093 mvmnr.

478 2254 867 2291 ψ

548 2460 792 2529 ΕΡΠΟΜΕ

358 2625 487 2679 LIBRI
514 2621 807 2681 sexeoeslttt
833 2624 990 2685 sexu

140 2774 285 2846 Iugurtha,
299 2771 390 2843 pulsus
406 2791 421 2825 a
440 2772 472 2824 C.
486 2770 572 2823 Murio
590 2787 622 2823 ex
638 2766 783 2834 Numidis,
800 2768 899 2823 auxilio
912 2770 1028 2836 Boethi,
1049 2772 1216 2829 Mamm

174 2860 260 2930 regis,
283 2856 388 2930 adjutus
403 2867 458 2918 est;
479 2865 519 2917 et,
541 2853 616 2906 cesis
631 2850 722 2924 prelio
739 2849 840 2906 Bocchi
858 2870 966 2925 quoqne
985 2852 1087 2925 oopiis,
1101 2856 1216 2913 nolente

175 2941 280 2994 Boccho
294 2939 391 2993 bellum
407 2938 546 2991 infeliciter
560 2944 710 3009 susceptum
727 2934 829 2989 diutius
845 2937 989 3001 munere,
1007 2937 1115 2993 vinctus
1127 2940 1166 2995 ab
1178 2960 1214 2997 oo

174 3038 200 3079 et
217 3025 303 3078 Mario
320 3024 433 3077 traditus
451 3034 508 3074 est:
524 3022 551 3073 in
567 3038 623 3092 que
640 3038 672 3073 ro
688 3019 823 3093 μοῖραι
838 3037 920 3092 open
932 3020 965 3073 L.
979 3018 1098 3077 Candii
1109 3022 1212 3091 Sallu,

175 3108 312 3181 questoris
323 3107 401 3160 Marii
412 3145 419 3168 ,
432 3107 490 3158 luit.

140 3321 165 3383 Ι.
191 3286 257 3386 Ar
280 3318 449 3395 Metellus,
470 3311 619 3377 nondum
643 3330 832 3403 comperto,
851 3315 945 3403 quod·
961 3318 1072 3381 Romae
1092 3334 1211 3387 notum

140 3410 220 3498 erai,
236 3440 339 3504 quum
355 3415 414 3478 sibi
432 3414 632 3502 provinciam
647 3412 835 3481 Numidiam
849 3418 1059 3509 prorogatum
1076 3418 1118 3484 iri
1134 3442 1210 3487 non

139 3516 320 3596 dubitaret,
346 3515 467 3578 bellum
494 3538 566 3579 acre
591 3529 625 3580 et
646 3514 822 3582 vehemens
848 3518 1016 3608 lugurtbae
1043 3518 1208 3589 faciebat:

138 3638 254 3703 resque
271 3619 354 3705 regis
375 3617 406 3679 in
428 3615 495 3680 dies
514 3615 674 3682 deteriore
689 3616 777 3693 loeo,
793 3638 860 3683 non
879 3620 980 3711 magis
997 3620 1041 3685 ob
1058 3620 1126 3687 vim
1139 3620 1209 3689 bo·

137 3718 252 3794 stium,
271 3742 366 3806 quarn
384 3720 483 3806 ipsius
497 3719 760 3783 consternatione
771 3716 901 3785 fiebant.
912 3718 1117 3803 Preteriliu,
1129 3746 1209 3813 qun

137 3819 221 3886 bello
244 3837 428 3908 opportuna
451 3820 551 3883 multa
568 3821 738 3902 amiserat,
756 3821 983 3909 prefectorum
1006 3824 1208 3891 anrieomm·

137 3946 200 4011 que
213 3922 349 4011 penuria
366 3906 570 4011 fatigabatur.
587 3921 717 3986 Etenim
730 3920 820 3986 haud
832 3924 944 4011 paucis
961 3922 1002 3987 ab
1017 3925 1089 4012 ipso
1104 3924 1209 3992 inteu-

136 4023 246 4104 fectis,
263 4038 453 4086 caeterorum
470 4022 636 4111 plerique,
659 4043 701 4086 ne
719 4020 832 4087 eadem
850 4039 1056 4114 paterentur,
1075 4024 1118 4090 ed
1133 4028 1208 4093 lto-

135 4145 263 4206 manos,
278 4140 335 4187 aut
352 4148 459 4213 regern
476 4122 658 4204 Bocchum,
672 4124 912 4213 transfugerant
929 4147 937 4188 :
952 4146 1061 4213 neque
1076 4124 1207 4193 bellum

135 4225 202 4311 geri
218 4225 313 4288 nullis
330 4224 545 4304 administris,
563 4246 670 4311 neque
683 4223 824 4313 reperire
838 4225 1013 4315 iugurtha,
1031 4226 1154 4315 quibus
1166 4252 1206 4297 se

135 4324 295 4408 crederet,
307 4343 444 4415 poterat.
457 4324 579 4389 Anxius
592 4324 706 4415 igitur,
717 4325 847 4417 etruria
859 4326 1076 4392 sollieitudine
1088 4327 1206 4397 distra-

136 4443 220 4510 ctus,
236 4429 315 4493 dum
328 4429 427 4493 modo
439 4450 551 4491 versus
560 4427 688 4491 hostem
701 4441 827 4508 movet,
839 4426 940 4492 modo
954 4428 989 4491 in
1005 4428 1204 4499 solitudines
