2640 5046
53 39 1267 358 —
1315 74 1318 87 Ι

1315 94 1318 109 t

299 689 351 757 ru
379 687 493 758 noc.
520 688 615 757 urs.
641 686 766 755 xttx
795 687 1012 759 Liviam.
1141 711 1182 780 91

123 841 135 865 a
148 809 219 875 ditu
228 808 447 892 horrendum,
461 809 620 896 cujusque
633 805 823 896 nequidem
837 808 1190 896 exemplumbactenus

123 912 249 975 «ullum
264 910 407 975 bumana
419 910 484 974 vita
498 910 617 975 tulerit.
628 910 740 994 Quum
753 909 841 973 enim
856 925 889 973 et
904 908 1005 974 Graeci
1017 926 1049 974 et
1062 911 1189 975 barbari

122 1014 227 1077 «bella
245 1012 346 1076 multa
362 1014 537 1102 gesserint,
554 1012 656 1076 multa
669 1033 749 1076 vero
771 1026 804 1076 et
819 1033 893 1094 vos,
914 1012 1072 1094 Romani,
1091 1035 1191 1077 nemo

123 1149 136 1172 «ι
149 1133 257 1179 tamen
277 1137 423 1202 unquam
440 1115 556 1178 urbem
576 1112 730 1180 excidisse
750 1131 959 1197 memoratur,
980 1137 1052 1202 quse
1068 1131 1102 1178 ct
1115 1130 1191 1179 ante

123 1249 136 1272 «ι
150 1239 292 1306 pugnam
303 1215 488 1280 submiserit
500 1237 632 1297 manus,
643 1233 675 1280 et
683 1238 787 1296 arma,
798 1215 995 1304 obsidesque
1005 1217 1190 1305 principum

58 1358 63 1364 ·
124 1350 136 1373 «ι
147 1318 266 1381 liberos
283 1317 463 1399 tradiderit,
480 1334 513 1382 et
525 1341 757 1406 quamcunque
773 1320 929 1383 mulctam
945 1319 1038 1383 aliam
1052 1319 1193 1382 mortali·

124 1452 137 1476 «
148 1437 194 1484 tas
211 1419 356 1483 invenire
373 1435 429 1483 aut
444 1420 511 1507 pati
526 1435 649 1507 potest,
669 1417 778 1483 subire
792 1434 903 1507 parata
920 1419 1028 1483 fuerit.
1259 1484 1262 1495 ,

168 1523 291 1586 XXIII.
320 1523 406 1587 «Per
425 1521 535 1612 igitur,
555 1544 631 1605 vos,
647 1522 753 1603 jurata
768 1520 944 1586 foederibus
964 1521 1115 1601 numina,
1135 1541 1195 1607 per

125 1620 368 1699 «conditionem
380 1623 607 1703 humanitatis,
621 1637 654 1686 et
664 1621 903 1687 formidandam
914 1623 1061 1695 felicibus
1076 1623 1195 1686 Neme-

124 1755 137 1779 «ι
147 1725 211 1805 sin,
228 1725 439 1805 obtestamur,
448 1741 493 1803 ‚ut
510 1739 543 1787 et
555 1739 693 1787 vestram
705 1723 873 1787 fortunam
883 1722 1029 1787 habeatis
1042 1743 1193 1786 reveren-

124 1855 137 1878 «
149 1840 207 1906 ter,
224 1842 257 1890 et
272 1840 416 1888 nostram
436 1847 534 1912 supra
553 1823 691 1888 modum
706 1846 748 1888 ne
764 1824 916 1888 oneretis.
937 1823 1037 1905 Quod
1058 1824 1086 1886 si
1100 1823 1193 1887 vobis

124 1942 273 1990 «certum
290 1942 339 1990 est
361 1925 510 2014 lacrymis
525 1948 587 2014 pro
604 1925 687 1989 urbe
705 1924 949 2012 deprecantium
963 1946 1030 1988 non
1050 1924 1193 2004 moveri,

125 2057 138 2081 α
148 2043 197 2108 at,
208 2042 246 2090 ut
255 2030 392 2091 Romam
404 2028 526 2117 legatos
536 2027 717 2108 mittamus,
729 2024 915 2093 concedite:
926 2026 1007 2089 nihil
1016 2025 1084 2103 hic,
1095 2041 1193 2115 puto,

124 2128 282 2215 «petitur,
298 2128 387 2216 quod
402 2128 471 2192 uilo
482 2121 577 2218 pacto
588 2129 680 2193 vobis
694 2129 868 2194 molestum
883 2150 953 2192 esse
967 2144 1068 2216 queat
1079 2151 1088 2192 ε
1101 2127 1195 2216 quid-

126 2229 231 2316 «quid
246 2230 279 2293 in
297 2253 337 2294 eo
354 2230 484 2320 negotio
497 2254 593 2320 grave
610 2230 924 2318 incommodumque
943 2231 1022 2311 erit,
1038 2229 1072 2293 id
1086 2242 1193 2293 totum

126 2346 298 2394 «nostrum
314 2332 375 2395 erit
391 2355 399 2396 :
416 2333 571 2421 temporis
583 2333 673 2397 baud
689 2355 805 2422 magna
817 2355 908 2396 mora
924 2332 1125 2420 postulatum
1147 2331 1196 2393 in·

125 2460 138 2486 «ι
149 2446 195 2495 tra
210 2433 301 2520 quod
316 2450 444 2498 nostros
458 2433 592 2522 quidem
608 2435 735 2499 animos
747 2433 862 2497 incerti
879 2450 1014 2497 eventus
1028 2432 1194 2520 torquebit

125 2535 229 2598 «acris
244 2535 458 2623 exspectati03
476 2536 570 2600 vobis
587 2552 696 2600 autem
712 2534 875 2623 patrandi,
891 2558 962 2623 quae
975 2535 1105 2617 voletis,
1122 2551 1193 2598 tum

126 2666 139 2690 a
149 2658 281 2725 quoque
292 2638 436 2702 manebit
450 2637 562 2701 eadem
577 2637 726 2717 lacilitas,
740 2636 798 2700 sed
812 2651 971 2701 accrescet
983 2636 1115 2699 inten'm
1129 2635 1198 2723 pie-

127 2737 222 2799 «tatis
235 2752 268 2801 et
283 2738 463 2801 clementiae
476 2738 569 2801 fama.
583 2768 595 2792 ι

171 2836 292 2901 XXIV.
309 2839 386 2901 Hac
396 2837 615 2924 proloquutus
628 2839 747 2901 Hanno
757 2836 855 2900 finem
866 2836 995 2901 dicendi
1009 2837 1095 2900 fecit.
1108 2837 1197 2900 Con·

130 2936 217 3000 sules
237 2953 345 3002 totum
362 2938 506 3002 bominis
520 2960 705 3002 sennonem
722 2938 860 3002 immoto
878 2938 972 3003 vultu
985 2954 1196 3026 exceperant,

128 3053 165 3101 ut
186 3056 370 3128 appareret,
398 3040 481 3104 nihil
503 3061 635 3122 eorum,
657 3062 729 3128 quae
754 3054 953 3126 peterentur,
974 3044 1195 3103 concessuros.

127 3140 213 3204 Tum
238 3144 274 3207 L.
293 3142 452 3224 Marcius,
473 3141 538 3205 «de
554 3156 683 3206 senatus
705 3139 838 3229 quidem
860 3141 1043 3222 voluntate,
1069 3139 1196 3227 inquit,
1287 3131 1291 3143 ’

126 3271 139 3295 α
149 3241 229 3328 quid
243 3265 326 3331 opus
340 3259 391 3307 est
406 3243 523 3331 saepius
535 3241 650 3330 ioqui?
662 3242 747 3306 illius
763 3241 932 3305 arbitrium
949 3242 1026 3324 fuit,
1044 3257 1193 3306 nostrum

128 3372 141 3397 «
152 3343 346 3431 obsequium
368 3360 417 3409 est
436 3368 445 3408 :
463 3367 571 3432 neque
589 3344 720 3408 differre
740 3344 875 3409 ulterius
896 3367 1090 3433 possumus,
1104 3344 1194 3433 quod

127 3472 139 3496 s
147 3443 213 3522 jam
226 3444 347 3509 factum
365 3447 522 3534 oportuit.
538 3447 581 3510 Et
594 3445 727 3535 quidem
745 3447 772 3511 si
787 3447 856 3511 hoec
872 3463 1027 3537 tanquam
1048 3447 1198 3511 hostibus

128 3544 396 3632 «imperarentur,
424 3548 525 3629 nibil,
550 3548 611 3612 nisi
630 3547 718 3627 jussa
742 3563 775 3611 et
798 3547 934 3635 parendi
957 3548 1196 3625 necessitatem,

128 3677 141 3700 «ι
151 3643 297 3710 adhiberi
315 3647 424 3712 decuit
441 3673 449 3713 :
468 3672 572 3729 nunc,
588 3649 664 3737 quia
677 3650 858 3712 communis
873 3649 1016 3713 utilitatis
1029 3649 1138 3713 habita
1151 3662 1200 3711 est

129 3778 142 3802 ιι
151 3748 233 3810 ratio
243 3795 253 3827 ,
265 3762 298 3810 et
308 3750 408 3838 magis
422 3750 517 3814 etiam
530 3766 736 3830 vestrae,nou
747 3774 800 3814 me
810 3751 934 3839 pigebit
942 3753 1080 3816 rationes
1095 3750 1198 3815 addu-

129 3878 142 3903 α
152 3871 245 3931 cere,
259 3864 296 3912 ut
305 3852 449 3937 persuasi
459 3852 568 3940 potius
580 3850 709 3933 eadem,
719 3874 817 3938 quam
827 3853 949 3933 coacti,
964 3853 1091 3917 malitis.
1105 3850 1197 3915 Istud

129 3983 142 4006 a
153 3974 243 4015 mare
261 3966 439 4038 conspectu
456 3975 518 4016 suo
539 3953 681 4041 pristinae
697 3954 849 4040 potentiae
864 3952 1063 4035 admonens,
1082 3952 1124 4016 ad
1139 3951 1198 4016 de-

130 4051 387 4139 «linquendum,
403 4068 490 4116 etex
506 4053 570 4117 boc
584 4053 625 4118 ad
640 4075 767 4142 poenam
785 4053 996 4136 delictorum,
1013 4077 1070 4118 vos
1087 4056 1199 4143 praeci·

130 4187 142 4209 «
153 4155 242 4241 pitat.
254 4155 316 4218 Per
325 4153 389 4217 hoc
399 4169 432 4217 et
440 4155 600 4218 invasistis
609 4155 764 4237 Siciliam,
775 4172 808 4220 et
819 4154 1017 4244 perdidistis3
1030 4156 1199 4246 navigastis

131 4285 144 4308 ιι
154 4256 188 4318 ἱη
203 4256 409 4344 Hispaniam,
424 4270 457 4320 et
472 4255 617 4321 eamdem
633 4257 802 4322 amisistis:
820 4258 906 4322 inter
920 4256 1040 4321 foedera
1055 4260 1203 4348 negotia·

132 4389 144 4411 ιι
156 4359 280 4422 toribus
295 4357 436 4422 insidiati
447 4357 539 4438 estis,
549 4359 672 4422 civibus
684 4359 825 4423 romanis
836 4359 990 4439 maxime,
1001 4381 1082 4445 quos
1093 4361 1203 4442 etiam,

132 4490 145 4514 οι
156 4483 202 4556 ne
212 4459 555 4549 deprehenderemini,
576 4459 793 4541 demersistis;
813 4458 937 4541 donec,
954 4461 1112 4549 patefacto
1127 4481 1197 4524 sce·
