2594 4980
283 708 340 778 m
369 706 484 776 too.
513 708 607 775 Lm.
634 707 685 774 tr
716 688 937 777 mutant.
1076 665 1141 793 'rio

115 830 350 896 tumultuantium
357 827 527 909 fluctuum,
546 843 676 909 stantes,
696 826 821 892 facilem
833 828 1018 916 prabebant
1029 852 1143 896 onera·

115 934 334 1013 tibnamitum3
351 952 456 1018 neque
467 930 618 1018 persequi
632 947 844 1018 transgressas
854 953 932 995 usus
944 947 1025 1013 erat,
1038 956 1141 1020 quum

113 1050 213 1099 rentoa
230 1034 309 1097 mari
328 1032 457 1097 fortiter
475 1031 570 1095 flante
593 1030 677 1118 (hoc
699 1032 785 1095 enim
806 1032 878 1096 solo
901 1048 1047 1120 tempore
1069 1052 1157 1117 ute·-

114 1134 217 1223 bantur)
234 1135 389 1223 higientia
401 1134 469 1197 vela
486 1133 577 1197 nullo
593 1134 728 1222 remigio
742 1135 898 1221 consequi
913 1135 1059 1198 triremes
1072 1134 1143 1223 pos·

115 1251 176 1300 sent.
190 1236 234 1299 Sic
252 1236 376 1323 Bithyae
393 1256 503 1309 naves,
521 1234 566 1296 sic
586 1250 619 1296 et
641 1235 708 1298 aliae
732 1251 964 1317 mercatorum,
985 1237 1041 1323 qui
1062 1236 1144 1300 lucri

115 1356 184 1398 unsa
201 1334 356 1423 quidlibet
377 1333 562 1397 audendum
587 1333 805 1417 crediderant,
826 1338 965 1423 aliquem
988 1339 1143 1403 frumenti

115 1435 217 1499 nodum
230 1436 457 1524 Carthaginem
472 1435 706 1499 convehebant.
720 1435 783 1501 Sed
797 1460 903 1524 neque
917 1459 1001 1524 saepe
1015 1438 1083 1517 ejus
1097 1442 1144 1504 rei

116 1534 273 1603 obveniebat
288 1536 518 1617 commoditas3
533 1553 579 1614 et,
597 1537 757 1624 quidquid
773 1537 943 1601 advectum
960 1539 1079 1621 fuerat,
1092 1542 1144 1605 vix

116 1634 214 1703 delectis
224 1639 262 1703 ad
276 1639 424 1703 militiam
436 1638 615 1704 sufficiebat
628 1663 635 1702 :
650 1640 781 1728 triginta
794 1640 829 1703 bi
841 1640 939 1702 millia
950 1639 1142 1729 implebant,

117 1738 206 1823 quibus
231 1740 411 1804 Hasdrubal
437 1756 653 1805 commeatum
682 1764 813 1805 omnem
839 1741 961 1805 solebat
983 1741 1143 1825 dividere,

116 1836 205 1904 batere
218 1842 433 1906 multitudinis
452 1843 533 1906 nihil
551 1843 711 1909 misertus.

147 1938 215 2005 xlv.
231 1942 292 2006 Sed
318 1965 426 2030 neque
444 1942 508 2006 hoc
529 1944 666 2008 obsessis
689 1943 883 2008 diuturnum
904 1966 973 2010 esse
993 1944 1143 2009 solatium

117 2035 195 2126 Su'pio
205 2065 326 2129 passus,
340 2043 542 2108 considerato
552 2045 615 2108 loci
625 2045 772 2134 ingenio,
784 2062 896 2132 portus
907 2046 1042 2129 ostium,
1053 2047 1144 2134 quod

117 2137 346 2209 adoccidentem
369 2147 537 2234 vergebat,
557 2147 725 2211 obstruere
751 2147 900 2212 instituit.
924 2147 1021 2235 Spem
1047 2146 1144 2212 dabat

118 2236 181 2306 laud
193 2245 263 2310 irriti
283 2246 401 2310 laboris
417 2268 454 2310 os
472 2248 579 2335 ipsum
597 2271 663 2311 non
684 2249 791 2335 amplo
812 2246 902 2312 aditu
921 2263 1049 2335 patens,
1064 2249 1143 2313 vici-

118 2360 229 2431 numque
255 2349 283 2411 ei
313 2348 405 2427 litus,
429 2347 517 2412 unde
541 2347 640 2412 ducto
667 2350 702 2411 in
730 2347 833 2412 undas
858 2369 972 2436 aggere
997 2349 1144 2435 sperabat

117 2442 245 2526 prohiberi
266 2470 361 2511 naves
382 2449 517 2511 introitu
540 2472 656 2537 posse:
674 2451 781 2536 itaque
803 2448 844 2512 ab
867 2471 905 2511 ea
925 2449 1052 2538 lingua,
1071 2473 1143 2538 quae

117 2541 231 2625 paludem
251 2573 268 2612 a
293 2551 372 2613 mari
393 2548 580 2638 distinguit,
597 2573 708 2631 orsus,
724 2551 844 2613 molem
867 2550 902 2612 in
925 2549 1029 2614 undas
1049 2575 1143 2640 agere

117 2638 197 2737 fertus
210 2651 386 2740 ingressum
405 2666 516 2738 portus
533 2653 644 2739 eoepit,
658 2649 895 2740 praegrandium
911 2672 1060 2714 saxorum
1077 2675 1143 2716 ma·

117 2761 161 2828 8¹¹¹
177 2756 255 2839 eopia
275 2752 474 2839 crepidinem
497 2752 652 2833 fulciens,
672 2776 713 2815 ne
730 2754 759 2814 vi
783 2750 942 2814 fluctuum
962 2753 1143 2818 fatisceret:

116 2854 193 2913 1011111]
205 2875 280 2942 opus
293 2855 337 2916 ita
352 2854 503 2942 surgebat
516 2854 558 2916 ab
572 2855 654 2933 imo,
671 2852 794 2915 minori·
803 2848 942 2915 subinde
958 2851 1143 2934 latitudine,

117 2957 143 3004 ut
155 2945 180 3009 in
195 2952 290 3017 fundo
313 2952 397 3018 duos
420 2969 452 3016 et
473 2953 649 3041 nonaginta
667 2951 764 3039 pedes
783 2974 944 3033 crassum,
964 2952 997 3012 in
1015 2974 1143 3017 summo

117 3060 221 3125 qlfltuor
238 3072 269 3117 et
286 3054 399 3142 viginti
421 3070 514 3118 esset.
532 3053 850 3142 Carthaginiensibus
871 3074 1057 3139 quanquam
1079 3076 1146 3118 cer·

117 3153 166 3209 11111
175 3152 344 3235 videbatur,
359 3155 514 3242 improbae
528 3156 595 3242 spei
608 3177 691 3243 opus
706 3154 793 3217 ultro
802 3153 977 3217 cariturum
992 3174 1143 3218 successu
1205 3168 1206 3172 ’

117 3259 176 3330 0⁸⁸0,
186 3268 282 3319 tamen
301 3256 382 3318 nihil
398 3254 437 3319 ad
455 3254 611 3319 arcendos
628 3257 758 3342 incepto
773 3255 937 3318 Romanos
953 3258 1145 3341 praetermis·

118 3359 169 3410 111111
179 3371 233 3421 est:
250 3356 306 3421 sed
322 3357 441 3421 frustra
457 3357 563 3419 omnis
581 3379 694 3419 eorum
713 3370 745 3418 et
763 3356 828 3437 vis,
844 3371 876 3418 et
893 3353 987 3418 dolus
1003 3356 1076 3422 fuit.

149 3449 200 3520 XV.
212 3457 305 3522 Unde
317 3459 506 3546 gravissimo
519 3473 641 3522 terrore
654 3458 808 3546 perculsi,
823 3479 927 3544 quum
941 3457 1022 3521 nihil
1036 3459 1146 3523 solito·

118 3558 170 3610 11111
178 3557 383 3621 remediorum
397 3557 601 3646 procederet,
614 3558 655 3620 ad
668 3558 811 3622 inusitati
823 3557 960 3645 exempli
972 3560 1144 3624 consilium

117 3657 142 3702 11
152 3657 348 3721 minuerunt.
366 3659 497 3722 Novum
515 3659 601 3722 enim
618 3658 761 3723 effodere
778 3660 897 3722 ostium
914 3662 1069 3747 aggressi,
1082 3684 1146 3749 qua

118 3746 226 3820 taedium
247 3759 279 3821 in
304 3781 392 3821 mare
413 3773 527 3846 portus
548 3759 790 3846 prospectabat,
807 3759 865 3822 ubi
885 3759 988 3838 major
1007 3760 1144 3826 altitudo

118 3851 200 3935 mstis,
224 3877 254 3923 et
282 3860 330 3923 ris
357 3875 530 3922 ventorum
561 3861 775 3947 impetuosior
801 3882 932 3923 omnem
955 3860 1147 3925 obstruendi

117 3959 182 4027 Ῥ1111
194 3957 340 4025 Romanis
356 3959 545 4047 ademptura
561 3977 662 4041 esset,
678 3983 762 4048 opus
781 3977 871 4025 tanto
891 3962 1018 4026 silentio
1036 3962 1144 4049 perfe-

117 4061 215 4141 aarum,
229 4079 266 4126 ut
286 4086 328 4127 ne
352 4064 468 4149 captivi
492 4063 624 4149 quidem
642 4061 731 4126 aliud
749 4061 891 4127 indicare
908 4063 1050 4148 Scipioni
1066 4085 1143 4149 pos·

116 4159 179 4232 ⁸⁶⁰²,
197 4185 286 4249 quam
311 4165 380 4229 dies
405 4181 583 4252 noctesque
608 4165 801 4229 continuum
824 4165 994 4250 strepitum
1016 4162 1141 4245 audiri;

135 4349 222 4417 ixffl.
233 4375 317 4422 strides
331 4375 357 4423 in
370 4376 459 4435 Βιοίας,
471 4402 505 4415 -
519 4378 606 4424 Zonar.
623 4401 656 4413 -
674 4375 781 4439 Appiae.
795 4399 829 4409 -
842 4371 858 4436 5
871 4372 940 4419 xlv.
957 4371 1008 4419 Liv.
1026 4374 1091 4438 epit.
1107 4402 1142 4410 --·

171 4480 177 4490 ·
192 4476 223 4490 -
233 4458 335 4522 Appiam
