2640 5046
240 750 293 820 ru
321 748 435 818 noc.
462 748 557 816 nm.
584 745 724 812 xavu
754 746 968 817 arvium.
1088 753 1133 846 lt
1231 715 1235 723 ’

71 873 176 938 Nocte
198 871 331 936 demum
354 867 563 933 incumbente
588 865 733 954 praelium
751 865 946 956 diremptum
965 885 1030 951 est,
1046 871 1146 950 haud⁸

70 973 132 1039 levi
148 973 303 1060 utrinque
319 970 460 1034 damno:
480 970 601 1057 quippe
617 971 717 1032 Carus
735 969 911 1056 imperator
925 972 1086 1053 hostium,
1103 989 1135 1037 et
1218 976 1221 981 ’

71 1098 146 1141 cum
162 1097 202 1140 eo
214 1095 269 1138 sex
280 1073 379 1136 millia
394 1069 597 1150 ceciderunt;
611 1085 644 1132 et
655 1091 713 1157 par
726 1091 882 1134 numerus
898 1071 1016 1135 civium
1030 1096 1136 1138 roma·

71 1199 192 1241 norum
203 1173 402 1239 desideratus
414 1189 471 1236 est.
482 1172 559 1235 Dies
572 1171 667 1234 etiam
678 1171 744 1257 ipsa
757 1170 1004 1257 (Vulcanalibus
1012 1197 1137 1263 pugna·

70 1293 143 1342 tum
157 1276 273 1364 luerat)
288 1299 328 1340 ex
343 1298 382 1340 eo
400 1292 545 1363 tempore
560 1274 645 1336 inter
660 1290 744 1336 atras
758 1272 905 1338 habetur.
922 1275 1053 1338 Arvacci
1069 1277 1138 1339 Nu·

71 1381 226 1444 mantiam
239 1401 275 1443 ea
290 1392 386 1442 nocte
399 1375 550 1465 digressi,
559 1397 667 1466 ¹rsotros
681 1375 892 1462 imperatores
906 1377 1090 1440 Ambonem
1104 1394 1137 1441 et

71 1482 255 1544 Leuconem
274 1479 489 1543 constituunt.

115 1582 300 1646 XXXVIII.
326 1580 464 1660 Consul,
480 1579 607 1643 relectis
631 1601 767 1642 suorum
789 1578 923 1660 animis,
943 1581 1039 1643 tertio
1061 1598 1135 1670 post

39 1682 42 1687 ’
69 1682 123 1748 die
138 1685 256 1749 iterum
274 1682 315 1748 ad
331 1682 458 1746 hostem
481 1681 590 1761 ducit,
608 1697 641 1744 et
657 1680 698 1744 ad
719 1683 780 1745 tria
802 1681 899 1744 millia
921 1704 1074 1769 passuum
1093 1682 1135 1746 ab

70 1785 151 1850 urbe
168 1785 262 1874 ponit
276 1800 388 1849 castra.
408 1785 485 1865 Quo
500 1805 602 1869 quum
624 1797 809 1870 opportune
826 1782 942 1845 auxilia
959 1783 1134 1846 Masinissae

68 1887 170 1976 regis,
182 1885 332 1951 Numidae
346 1884 480 1948 trecenti
491 1931 500 1963 ,
511 1906 586 1946 eum
598 1882 711 1947 decem
722 1884 899 1973 elephantis
914 1883 1132 1967 advenissent,

68 1989 195 2076 copiam
208 1985 374 2076 pugnandi
388 1984 538 2048 hostibus
552 1985 636 2049 facit.
655 1985 721 2066 Qui
737 2007 840 2072 quum
858 2001 890 2048 et
907 1986 967 2072 ipsi
985 1985 1135 2048 ferociter
1223 2030 1238 2047 .

66 2090 320 2177 procurrissent,
334 2087 442 2150 subito
456 2085 596 2150 diductis
611 2108 745 2150 suorum
760 2086 948 2168 ordinibus,
964 2087 1133 2151 collocatas

66 2190 188 2255 adhoc
209 2213 227 2253 a
254 2204 346 2277 tergo
367 2190 489 2253 belluas
507 2187 649 2252 ostendit
674 2210 734 2252 nec
756 2188 975 2275 opinantibus.
999 2191 1133 2272 Hostes,

67 2292 145 2379 equi
160 2291 301 2378 virique,
314 2312 400 2354 novo
413 2290 596 2378 spectaculo
608 2289 794 2370 conterriti,
809 2290 911 2353 eflusa
927 2289 1003 2378 fuga
1017 2290 1132 2352 urbem

67 2409 238 2481 repetunt:
250 2393 349 2456 instat
358 2392 558 2481 fugientibus
569 2389 699 2470 consul,
708 2391 839 2477 jamque
849 2391 910 2455 sub
924 2391 1010 2479 ipsos
1022 2413 1133 2453 muros

67 2494 275 2584 pertinaciter
293 2495 496 2575 certabatur3
513 2515 615 2581 quum
632 2515 719 2556 unus
736 2516 774 2557 ex
793 2492 971 2580 elephantis
987 2515 1063 2557 saxo
1082 2515 1134 2555 ca·

66 2610 128 2684 put
140 2596 284 2676 saucius,
298 2596 422 2683 ingenti
436 2595 576 2675 barritu,
586 2611 619 2658 et
628 2617 705 2660 mox
719 2596 863 2658 tumultu
877 2618 914 2658 ac
928 2610 1032 2683 strage
1047 2616 1134 2658 com·

66 2698 166 2786 plevit
182 2699 291 2762 omnia
311 2720 319 2762 τ
338 2721 413 2761 nam
439 2715 472 2762 et
487 2698 611 2778 caeteri,
627 2719 707 2761 voce
728 2698 825 2777 hujus
848 2698 993 2778 excitati,
1017 2696 1132 2761 eodem

66 2800 179 2864 furore
208 2822 345 2863 suorum
373 2799 629 2885 perrumpebant
657 2799 910 2885 sternebantque
937 2799 1130 2886 manipulos.

66 2885 277 2976 Numantini,
298 2899 435 2960 contuiti
457 2898 525 2961 haec
550 2919 589 2961 ex
605 2898 783 2973 moenibus,
804 2900 862 2961 ubi
885 2901 1049 2961 Romanos
1071 2900 1133 2960 im·

67 3012 180 3084 petum
199 2995 379 3059 belluarum
397 2996 512 3061 solutis
527 2996 698 3061 ordinibus
710 2997 871 3062 declinare
884 2998 1010 3079 rident,
1026 3020 1133 3060 erum·

66 3112 151 3187 punt
162 3097 276 3184 portis,
288 3097 476 3185 palatosque
486 3099 665 3186 assequuti‚
676 3097 717 3161 ad
732 3114 871 3185 quatuor
880 3098 1051 3161 hominum
1069 3099 1136 3162 mil·

66 3198 108 3263 lia
116 3247 125 3278 ,
133 3213 165 3261 et
173 3197 361 3285 elephantos
374 3213 435 3262 tres
445 3197 643 3262 interficiunt
654 3222 662 3261 ε
674 3199 850 3286 multisque
860 3200 957 3261 armis
969 3200 1132 3288 signisque

67 3297 259 3361 militaribus
270 3299 382 3386 potiti,
392 3321 469 3362 cum
479 3298 622 3387 tripudio
636 3299 686 3363 sui
699 3300 799 3362 moris
815 3301 847 3363 in
862 3300 1020 3388 oppidum
1031 3322 1134 3365 rever·

68 3413 200 3477 tuetur,
215 3421 318 3486 quum
334 3399 480 3487 ipsorum
495 3423 628 3488 quoque
637 3400 705 3464 duo
725 3401 826 3464 ferme
843 3402 940 3466 millia
951 3403 1131 3491 periissent.

110 3499 266 3565 XXXIX.
284 3504 351 3565 llac
369 3502 501 3565 fortuna
516 3524 582 3566 non
604 3502 781 3567 insolenter
802 3503 852 3565 usi
872 3504 998 3586 hostes,
1015 3507 1132 3569 misere

67 3600 189 3689 legatos
207 3601 248 3665 ad
267 3624 379 3690 pacem
399 3604 499 3691 arquis
517 3603 760 3668 conditionibus
776 3603 978 3692 petendam:
996 3629 1132 3694 respon·

67 3723 141 3764 sum
152 3718 201 3765 est
210 3725 249 3767 ex
262 3703 417 3792 dignitate
428 3705 554 3769 romani
570 3705 713 3768 nominis
724 3752 733 3783 ,
740 3725 853 3791 pacem
868 3707 929 3766 nisi
937 3705 1049 3768 deditis
1060 3706 1136 3768 dori

67 3825 132 3865 nou
150 3798 250 3890 posse.
269 3808 313 3869 At
335 3807 470 3886 consul,
489 3822 528 3869 ut
550 3808 693 3894 primum
717 3804 909 3869 confirmare
925 3828 1001 3870 suos
1018 3830 1056 3870 ex
1074 3806 1132 3870 ad·

67 3924 160 3967 verso
179 3924 256 3967 casu
274 3907 399 3991 potuit,
426 3907 588 3971 Axenium
611 3908 727 3971 urbem
749 3907 878 3994 petivit,
903 3908 961 3972 ubi
981 3909 1133 3973 Celtiberi

67 4021 310 4070 commeatuum
324 4008 388 4070 vim
406 4024 861 4097 magnamcomportaverant.
880 4009 929 4072 Ne
949 4009 1047 4088 hujus
1062 4010 1134 4095 qui·

68 4103 142 4170 dem
156 4105 217 4170 loci
232 4106 308 4170 felix
321 4111 521 4197 oppugnatio
534 4109 614 4189 fuit,
628 4108 882 4197 desideratisque
897 4109 984 4173 haud
1000 4110 1131 4197 paucis,

68 4208 172 4272 casteri
187 4224 286 4272 noctu
302 4232 337 4273 se
347 4210 381 4273 in
394 4225 497 4273 castra
511 4227 713 4297 receperunt.
730 4212 777 4275 Ex
793 4213 903 4275 castris
920 4209 1038 4273 deinde
1052 4233 1132 4299 prae·

68 4309 189 4373 lectum
206 4313 353 4399 equitum
375 4311 516 4375 Biesium
536 4312 636 4393 misit,
658 4318 696 4376 ut
715 4333 733 4376 a
754 4313 859 4377 vicina
878 4310 1016 4399 quadam
1038 4325 1133 4398 gente

104 4497 266 4560 §xxxma
279 4501 343 4550 nor.
358 4503 398 4558 u,
414 4503 453 4549 xc.
469 4528 503 4538 -
517 4500 633 4565 sppun..
