2594 4980
27 29 1194 354 -

124 626 189 744 aa
291 675 357 741 to.
386 675 723 747 sustusuanffl
754 678 1005 748 suessan.

115 795 188 859 lidis
206 794 355 882 notisque
374 798 494 860 semitis
511 819 614 885 quum
635 799 818 881 evassisset,
834 816 970 888 repente
987 822 1168 884 contusus,

115 897 212 959 simul
226 920 244 959 a
260 897 412 962 lateribus
428 914 651 987 exsurgentes,
668 901 724 988 qui
741 901 891 965 occultati
912 899 1063 983 fueraut,
1074 925 1168 969 roma·

115 1020 196 1061 num
212 1021 326 1087 agmen
349 1023 441 1063 coeno
460 999 651 1087 impeditum
674 1001 878 1083 adoriuntur,
895 1018 927 1066 et
942 1004 978 1069 in
994 1004 1066 1069 loon
1081 1006 1167 1096 magis

116 1100 281 1188 magisque
300 1100 438 1163 difficilia
461 1100 630 1166 detrusum
652 1102 796 1167 fundunt
816 1104 1008 1192 fugantque.
1029 1103 1166 1170 Vetilium

116 1200 171 1287 qui
188 1217 315 1288 ceperat
330 1202 504 1289 barbarus,
521 1225 631 1267 senem
647 1204 760 1268 videns
773 1220 805 1268 et
819 1205 920 1268 obeso
938 1226 1095 1294 corpore,
1109 1221 1166 1270 tan-

114 1323 210 1389 quam
227 1303 289 1364 vile
307 1303 504 1390 mancipium
519 1304 690 1369 interfecit.
709 1305 788 1368 Caesi
806 1328 881 1370 cum
901 1328 942 1370 eo
958 1306 1078 1395 captivi
1090 1307 1165 1371 luen

116 1403 212 1466 millia
225 1419 383 1489 quatuor:
395 1426 447 1466 sex
465 1404 561 1468 millia
575 1406 766 1492 Carpessum
780 1405 871 1493 (quae
885 1406 1024 1472 celebris
1036 1406 1164 1471 illarete

115 1527 189 1568 rum
203 1506 400 1567 carminibus
412 1507 578 1570 Tartessos
590 1528 659 1571 esse
673 1506 836 1591 creditur)
846 1528 922 1570 cum
934 1523 1096 1595 quaestore
1106 1530 1164 1596 per

115 1606 236 1694 fugere.
252 1606 283 1668 Is
297 1606 423 1693 trepido
443 1606 549 1671 adhuc
566 1608 658 1672 militi
675 1630 741 1671 non
756 1607 872 1687 injuria
890 1605 1034 1689 diffisus,
1048 1631 1068 1673 a
1084 1607 1162 1673 sodis

115 1721 185 1770 tum
202 1708 388 1771 nationibus
404 1709 564 1772 Bellorum
585 1709 823 1796 Tithorumque
844 1711 1020 1796 impetrato
1035 1710 1164 1798 quinque.

114 1809 250 1872 millium
268 1811 402 1890 auxilio,
417 1833 487 1874 eam
504 1833 636 1875 manum
649 1810 795 1873 Viriatho
810 1809 963 1899 opposuit
979 1833 987 1873 ε
1006 1833 1026 1874 a
1042 1833 1108 1899 quo
1125 1810 1160 1874 tit

116 1909 337 1974 internecione
351 1911 454 1975 deleta
469 1927 534 1992 est,
545 1928 583 1975 ut
595 1935 637 1975 ne
648 1913 783 1975 nuntius
798 1911 930 2000 quidem
946 1910 1099 2001 eiiugIsse
1108 1928 1157 1976 trt-

116 2009 221 2075 datur.
250 2014 354 2075 Tanto
377 2013 478 2091 major
499 2012 650 2099 quaestori
675 2030 795 2092 metus,
819 2012 985 2100 majorque
1008 2013 1157 2079 necessita

117 2113 197 2194 fuit,
217 2130 254 2175 ut
272 2114 354 2175 intra
377 2114 492 2177 moenia
512 2114 622 2195 urbis,
638 2113 728 2177 haud
748 2115 888 2178 multum
908 2114 949 2178 ab
970 2115 1090 2181 obsessi
1107 2114 1155 2180 ior

116 2231 194 2278 tuna
211 2214 352 2294 distans,
370 2216 478 2303 copias
494 2215 684 2280 contineret.

158 2317 296 2381 XXXII.
316 2316 410 2379 Unde
434 2319 471 2382 C.
494 2316 637 2397 Plautio,
658 2318 714 2404 qui
737 2317 936 2404 provinciam
954 2338 1027 2382 eam
1047 2319 1155 2383 sortus

116 2420 236 2499 fuerat,
261 2419 362 2498 major
385 2419 562 2498 exercitus,
579 2418 676 2481 millia
692 2417 837 2504 peditum
860 2416 990 2498 decem,
1010 2419 1094 2483 mille
1107 2434 1154 2483 tn·

114 2641 204 2682 versa
218 2619 379 2707 expeditio
394 2619 464 2682 fuit.
477 2620 589 2701 Quum
601 2621 687 2683 enim
703 2619 744 2684 ad
754 2643 826 2683 suas
837 2636 921 2684 artes
936 2621 1156 2687 Viriathustttt

113 2719 290 2800 retulisset,
306 2744 344 2784 ex
363 2720 568 2807 Carpetania,
584 2743 681 2808 quam
698 2737 772 2808 post
784 2721 892 2784 Vetilii
908 2722 1033 2787 cladem
1047 2723 1156 2811 impune

114 2837 307 2902 vastaverat,
321 2822 410 2885 velut
422 2837 544 2885 terrore
554 2819 752 2885 advenientis
766 2843 840 2885 cum
854 2838 992 2908 praetore
1006 2821 1157 2897 exercitat,

115 2920 257 2986 discessu
274 2924 374 3002 facto,
392 2923 536 2986 Plautius
551 2922 593 2986 ad
608 2920 845 3008 insequendum
860 2923 951 2986 illum
968 2940 1108 3010 quatuor
1119 2917 1159 2987 uti·

115 3023 208 3088 litum
229 3026 327 3088 millia
352 3025 504 3111 praemisit
526 3046 534 3086 :
560 3046 641 3111 quos
665 3046 703 3086 ex
726 3023 894 3111 inopinato
917 3046 1093 3090 conversus
1108 3022 1158 3096 itt,

113 3127 224 3214 paucis
239 3127 397 3212 exceptis,
415 3123 583 3188 occidione
595 3124 723 3188 occidit.
738 3122 820 3187 Inde
833 3124 922 3213 Tago
936 3122 1074 3189 flumine
1084 3141 1160 3212 supt-

113 3244 201 3307 rato,
218 3244 318 3291 castra
335 3228 367 3288 in
388 3240 516 3304 monte,
535 3248 634 3312 quem
647 3226 781 3289 Veneris
797 3242 931 3306 vocant,
945 3227 1026 3291 oleis
1041 3225 1160 3298 contib,

114 3329 234 3414 posuit.
254 3328 303 3390 lbi
327 3326 503 3414 cupiditate
522 3327 699 3390 ulciscendi
715 3325 837 3390 cladem
857 3343 1022 3416 acceptam
1038 3324 1160 3392 Plautitt

115 3451 190 3491 cum
216 3451 255 3491 eo
279 3449 490 3516 congressus,
518 3427 620 3490 nihilo
650 3429 804 3516 pugnavit
832 3428 973 3508 felicius3
1002 3429 1161 3514 umbraque

114 3552 230 3619 magna
250 3544 339 3616 parte
361 3528 544 3616 copiarum,
565 3526 654 3614 quod
672 3528 890 3614 superfuerat,
910 3549 970 3615 per
984 3524 1162 3617 oppiduli*

114 3630 248 3710 tribuit,
269 3628 373 3692 media
396 3644 503 3692 aestate
526 3628 560 3690 in
577 3628 712 3691 hiberna
735 3628 891 3692 militibus
908 3627 1068 3694 deductis.
1087 3620 1163 3693 Uale

114 3731 278 3795 Viriathus
302 3731 464 3793 sociorum
491 3729 604 3818 populi
626 3728 751 3791 romani
771 3751 864 3817 agros
886 3728 1018 3809 obibat,
1046 3750 1086 3792 ns
1107 3742 1161 3791 ott·

113 3850 280 3920 rumperet
291 3854 443 3913 messem,
454 3831 615 3895 tributum
625 3830 773 3918 exigens,
786 3830 860 3894 etin
873 3830 1050 3895 renitentes
1061 3818 1163 3895 ultien

117 3952 237 4023 parata.

160 4035 316 4098 XXXIII.
336 4034 420 4098 Tum
440 4034 535 4097 etiam
557 4032 805 4122 Segobrigenses
828 4030 954 4115 afflicti,
972 4034 1101 4123 gemino
1121 4022 1164 4089 III·

115 4138 209 4202 riathi
228 4136 315 4201 dolo.
337 4137 450 4217 Quum
472 4135 559 4198 enim
580 4133 689 4197 locum
707 4132 831 4197 insidiis
852 4149 1077 4222 opportunum
1093 4116 1163 4194 haud

150 4343 166 4408 S
185 4345 283 4392 XXXI.
303 4341 408 4390 Diodor.
425 4339 544 4398 XXXII,
566 4339 590 4386 5.
611 4365 647 4376 -
668 4339 776 4403 Appiam
794 4365 829 4378 ·-
852 4343 937 4389 Frout.
956 4341 1029 4389 tuat.
1045 4336 1086 4393 11,
1101 4330 1122 4380 ⁵.
1134 4345 1162 4363 ⁵*

118 4428 253 4495 §mlh
264 4429 335 4475 Oros.
341 4427 374 4484 V,
390 4432 414 4480 t.
429 4451 464 4462 -
474 4423 582 4503 Appian.
598 4449 633 4459 -
645 4421 698 4473 biv.
711 4421 776 4486 Epit.
