2594 4980
254 677 306 748 IN
337 677 450 744 LOC.
479 673 570 743 LIB.
597 673 744 742 LXVll
775 673 991 742 LIVIANI.
1085 671 1155 758 543

92 797 309 883 «tertiumque
322 796 526 859 consulatum
540 792 691 872 dedistis,
704 814 801 878 quam
814 793 889 879 qnia
904 815 1034 856 summo
1048 792 1157 857 discri-

92 896 194 958 «mini
208 918 375 958 summum
395 893 630 982 opponendum
646 893 875 980 imperatorem
891 916 958 956 esse
978 897 1155 960 constabat.

92 994 277 1059 «Adversus
288 995 356 1058 haec
369 996 486 1059 frustra
496 997 581 1083 leges
595 994 766 1082 ingerunt,
778 1016 918 1080 quorum
932 1010 1020 1057 tanta
1031 1012 1078 1059 cst
1088 1019 1158 1085 per

92 1128 103 1150 ιι
114 1097 263 1176 versitas,
282 1111 318 1158 ut
329 1096 434 1183 perire
451 1119 509 1183 per
522 1096 652 1158 alterius
666 1095 856 1183 imperium,
869 1118 965 1181 quam
978 1098 1156 1161 incolumes

92 1229 104 1250 «
114 1196 216 1259 ductu
222 1197 314 1260 Marii
324 1218 393 1259 esse
402 1197 523 1260 malint.
533 1197 632 1283 Atqui
643 1197 812 1259 maximam
823 1195 934 1259 deberi
945 1198 1156 1262 reverentiam

92 1298 239 1385 «legibus
253 1314 284 1360 et
295 1298 432 1376 scimus,
444 1314 476 1360 et
488 1296 706 1376 defendimus,
723 1295 780 1359 sed
791 1296 924 1359 minime
934 1298 1081 1385 profecto
1091 1320 1159 1360 mn·

93 1431 104 1451 ι
113 1400 233 1480 jorem,
251 1422 348 1486 quam
366 1399 549 1486 reipublicae
568 1399 729 1484 salutique
749 1397 845 1460 Urbis
861 1421 897 1460 ac
915 1399 1058 1485 imperii,
1077 1422 1157 1486 qua·

94 1524 188 1563 «rum
203 1524 311 1564 rerum
327 1502 426 1589 gratia
437 1501 621 1564 constitutae
635 1499 719 1587 leges
734 1515 830 1563 sunt:
844 1499 971 1586 quodsi
983 1500 1158 1587 aliquando

94 1619 228 1665 «contra
253 1602 379 1664 bonum
403 1602 572 1689 publicum
597 1616 764 1689 pugnant,
792 1601 966 1664 auctoritas
990 1602 1066 1688 ipsis
1085 1602 1158 1679 jure

94 1735 106 1757 ι
118 1706 233 1767 merito
253 1705 440 1792 abrogatur.

138 1806 252 1868 LXVI.
270 1837 282 1858 ι
294 1806 408 1892 Nuper
421 1805 458 1868 P.
468 1804 670 1890 Scipionem,
683 1803 793 1867 multis
809 1804 923 1883 ctiam,
939 1803 986 1866 uti
998 1803 1159 1867 nuncllla·

96 1907 186 1987 «rio,
203 1908 247 1971 sic
264 1908 307 1970 illi
329 1906 591 1986 adversantibus,
612 1906 691 1968 solvi
709 1905 832 1994 legibus
846 1906 938 1985 jussu
956 1921 1063 1968 restro
1078 1927 1158 1969 con·

96 2040 108 2063 ι
120 2010 189 2097 tigit
205 2033 211 2072 :
230 2032 327 2095 quem
344 2009 444 2097 igitur
462 2009 530 2088 ejus
547 2008 671 2071 consilii
688 2008 844 2095 poenitet?
858 2030 954 2094 quem
972 2009 1073 2088 illius,
1092 2031 1159 2096 quo

96 2141 108 2163 ιι
119 2127 150 2172 et
169 2111 258 2197 prior
272 2111 443 2173 Africanus
456 2125 531 2173 ante
546 2109 708 2197 legitimos
725 2131 827 2173 annos
850 2110 1022 2197 imperium
1038 2134 1160 2174 consu·

97 2210 284 2297 «latumque
311 2228 425 2274 nactus
450 2210 521 2274 est?
545 2209 645 2291 Quod
671 2209 731 2272 nisi
755 2224 838 2272 esset
861 2212 1000 2290 factum,
1016 2212 1159 2274 fortassis

98 2312 228 2376 «adbuc
246 2313 405 2400 Carthago
424 2328 456 2374 ct
473 2311 649 2374 Numantia
667 2327 803 2390 starent3
821 2327 870 2391 et,
892 2311 981 2397 quod
1000 2335 1095 2375 omen
1114 2312 1159 2376 dii

98 2429 278 2493 «avertant,
297 2415 399 2475 Roma
417 2413 484 2475 suis
499 2413 603 2475 ruinis
624 2427 735 2497 operta
753 2412 883 2490 jaceret.
902 2412 954 2473 Dii
969 2411 1104 2494 faciant,
1123 2430 1160 2478 ut

97 2545 109 2568 ι
120 2514 226 2578 felices
241 2515 348 2602 potius
364 2513 510 2599 laetique,
526 2527 685 2598 quantum
705 2511 738 2571 in
758 2510 842 2573 duce
859 2512 1015 2574 momenti
1030 2514 1089 2591 sit,
1105 2535 1160 2575 ex·

98 2647 109 2667 ιι
121 2616 303 2700 periamur,
326 2635 424 2698 quam
442 2626 516 2697 post
538 2611 678 2696 aliquam
696 2608 834 2670 similem
855 2609 1028 2689 ollensam,
1051 2613 1160 2697 quales

99 2745 110 2766 ι
118 2716 182 2791 jam
198 2715 295 2776 nimis
312 2714 449 2789 multas,
463 2727 575 2772 contra
590 2707 742 2771 eumdem
760 2709 887 2770 hostem
899 2708 1070 2775 dissimiles
1084 2713 1161 2778 huie

101 2813 272 2874 «consules
287 2809 463 2888 mittendo,
478 2809 683 2871 incurrimus.

144 2911 273 2973 LXVII.
293 2907 378 2971 «Sed
396 2909 444 2970 fac
458 2930 526 2970 csse
543 2905 776 2970 conferendum
796 2907 893 2971 alium
912 2908 989 2973 huic
1008 2913 1160 2997 consilio,

100 3011 258 3091 «virtute,
285 3010 435 3072 felicitate
455 3033 462 3073 ε
481 3033 522 3072 an
545 3008 619 3072 ideo
643 3024 770 3071 tantum
793 3010 888 3072 ctiam
913 3014 1112 3079 auctoritatis
1131 3018 1160 3082 ei

101 3113 208 3201 «apud
224 3113 401 3176 exercitum
415 3111 474 3174 erit
486 3109 562 3175 tud
574 3110 704 3200 ignotos
722 3111 839 3174 milites
854 3132 958 3175 novus
972 3115 1039 3201 ipse
1057 3116 1161 3205 impe·

101 3232 210 3278 «rator
223 3216 328 3278 veniet
342 3237 348 3275 :
368 3214 436 3277 loca
451 3213 668 3300 incomperta,
685 3212 783 3275 animi
795 3211 967 3276 hominum
979 3238 1092 3303 parum
1105 3242 1161 3282 ex.

100 3317 252 3402 «plorati,
271 3332 337 3378 tota
350 3315 432 3376 ratio
447 3313 525 3377 belli
538 3315 647 3376 minus
663 3312 830 3399 expedita,
848 3315 958 3378 onmia
970 3318 1160 3384 terribiliora

101 3433 219 3502 «atque
236 3417 420 3479 molestiora
435 3431 616 3479 occurrent.
636 3415 758 3479 Marius
782 3416 815 3478 in
837 3438 873 3478 ea
895 3417 1049 3504 opinione
1073 3423 1161 3510 apud

102 3518 251 3580 «bostem
263 3533 327 3597 est,
348 3533 402 3597 ut,
420 3516 499 3580 dum
518 3517 569 3581 ille
586 3517 626 3580 ad
641 3517 818 3580 exercitum
833 3534 934 3598 esset,
952 3543 1039 3584 arma
1052 3542 1162 3589 nostra

103 3651 114 3673 ιι
124 3619 239 3681 vitasse
251 3616 398 3681 videatur
412 3643 418 3681 :
431 3619 464 3681 in
484 3641 524 3681 eo
540 3640 650 3680 amore
666 3618 753 3704 apud
767 3619 890 3698 socios,
911 3636 948 3681 ut
966 3622 1087 3686 nullius
1099 3626 1162 3689 im·

103 3736 231 3806 «perata
249 3719 314 3781 sint
331 3720 498 3783 lubentius
513 3720 648 3783 facturi:
663 3734 751 3781 tanta
762 3718 849 3805 apud
867 3720 1025 3785 exercitus
1034 3725 1163 3790 virtutis

103 3854 114 3874 «
126 3837 222 3906 atquc
234 3820 365 3898 justitiae
380 3820 607 3899 admiratione,
626 3834 662 3881 ut
677 3818 741 3882 ltoc
760 3842 828 3882 uno
847 3818 930 3883 duce
950 3821 1078 3886 vincere
1092 3848 1164 3912 spe·

103 3956 114 3976 ιι
126 3940 197 3984 rent
210 3945 246 3984 ac
260 3922 407 4008 cupiant;
427 3944 532 4007 neque
546 3920 637 3983 aliter
652 3920 810 4006 accipiant
822 3917 863 3982 de
875 3942 1059 3985 successore
1073 3947 1163 3987 men-

104 4024 268 4101 «tionem,
289 4043 385 4106 quam
404 4036 457 4100 ut,
475 4021 501 4082 si
522 4022 594 4107 quis
614 4021 739 4084 venerit
755 4019 855 4099 alius,
876 4044 911 4085 se
932 4024 1023 4108 quasi
1040 4025 1163 4091 vinctos

103 4123 206 4187 «tradi
225 4123 373 4185 hostibus
390 4137 516 4208 putent.

148 4224 296 4287 LXVlll.
315 4223 440 4311 algitur
453 4236 594 4284 vestrum
612 4222 720 4310 potius
732 4222 889 4300 judicium
902 4272 910 4304 ,
925 4225 1163 4311 provinciarum

105 4326 346 4405 «voluntatem,
369 4347 458 4412 spem
474 4322 613 4386 militum
634 4339 840 4403 nostrorum,
858 4347 955 4410 quam
974 4328 1165 4392 aemulorum

107 4455 120 4478 ιι
133 4427 168 4488 C.
182 4426 275 4489 Marii
290 4425 376 4489 dicta
387 4424 579 4512 sequimini,
597 4447 656 4507 ne,
670 4448 769 4512 quem
782 4426 916 4490 unicum
931 4428 1076 4493 cimbrici
1093 4431 1169 4495 belli
