2594 4980
148 785 533 811 mmmmmmm
537 775 1212 807 mmmmmmmmsnmmw'

283 1004 572 1096 JOANNIS
608 994 1074 1093 FREINSHEMII

91 1420 95 1429 g
196 1261 1165 1402 SUPPLEMENTORUM

364 1562 986 1689 LIVIANORUM

493 1841 672 1922 LIBER
704 1842 863 1922 XXIII

315 2075 358 2130 IN
383 2073 537 2131 LOCUM
561 2071 686 2128 Luam
711 2072 822 2127 LVIII
848 2072 1035 2146 Ltvlaltl.

491 2512 493 2516 .
553 2446 796 2515 EPlTOME

294 2609 425 2667 emar
453 2605 854 2677 Qquuscasmss
881 2609 1052 2667 ocravr.

141 2769 183 2821 Ti.
197 2765 366 2836 Sempronius
379 2760 516 2818 Gracchus
531 2760 767 2834 tribunusplebis,
783 2779 866 2832 quum
879 2761 964 2833 legem
982 2764 1112 2835 agrariam
1125 2766 1207 2820 ferret

177 2850 304 2904 adversus
317 2847 481 2901 voluntatem
498 2857 606 2898 senatus
621 2857 648 2897 et
666 2844 793 2916 equestris
806 2845 922 2909 ordinis,
938 2864 973 2898 ne
986 2847 1045 2917 quis
1056 2867 1088 2901 ex
1099 2849 1207 2920 publico

178 2954 241 3007 agro
250 2934 322 3004 plus,
335 2950 416 3003 quam
427 2929 569 3001 quingenta
577 2931 686 3001 jugera,
697 2927 852 3000 possideret,
863 2929 890 2981 iu
901 2947 961 2982 eum
974 2928 1090 2984 furorem
1100 2932 1206 2998 exarsit,

176 3030 206 3071 ut
219 3019 257 3070 M.
268 3016 380 3069 Octavio
393 3013 515 3082 collega,
530 3030 637 3066 causam
651 3009 759 3064 diverso
774 3013 855 3082 partis
871 3010 1038 3077 defendenti,
1051 3026 1208 3085 potestatem

149 3090 152 3095 ¹
175 3101 232 3171 lege
251 3099 305 3151 lata
323 3098 479 3166 abrogaret3
500 3112 596 3164 seque,
611 3106 638 3146 et
654 3093 805 3146 Gracchum
819 3096 945 3157 fratrem,
960 3108 985 3149 et
998 3099 1049 3170 Ap.
1063 3098 1207 3153 Claudium

175 3200 310 3242 socerum,
328 3178 478 3230 triumviros
497 3175 530 3227 ad
550 3173 723 3227 dividendum
739 3193 832 3245 agrum
851 3190 960 3232 crearet.
981 3181 1160 3253 Promulgavit
1178 3195 1206 3251 et

174 3265 255 3318 aliam
271 3263 359 3332 legem
379 3259 512 3328 agrariam
524 3295 532 3319 ,
545 3276 597 3331 qua
616 3256 664 3309 sihi
682 3256 760 3309 latius
778 3277 871 3329 agrum
888 3262 1062 3331 patefaceret,
1077 3277 1107 3318 ut
1123 3263 1205 3318 iidena

174 3345 304 3400 triumviri
313 3342 480 3415 judicarent,
494 3332 547 3409 qua
563 3338 685 3410 publicus
699 3358 776 3411 ager,
793 3359 846 3412 qua
859 3343 976 3413 privatus
989 3360 1075 3400 esset:
1091 3346 1204 3414 deinde,

173 3447 257 3505 quum
272 3427 360 3479 miuus
379 3424 434 3494 agri
452 3434 536 3486 esset,
555 3441 636 3492 quam
651 3420 725 3492 quod
738 3422 821 3476 ditidi
834 3439 921 3496 posset
939 3428 995 3482 sine
1007 3431 1109 3485 offensa
1124 3430 1204 3485 etiam

174 3512 258 3586 plebis
272 3506 413 3580 (quoniam
427 3525 472 3558 eos
487 3505 521 3557 ad
534 3503 705 3576 cupiditatem
720 3506 837 3578 amplum
850 3508 959 3563 modum
974 3514 1098 3584 sperandi
1112 3515 1205 3570 incita·

172 3599 269 3664 verat),
282 3593 368 3662 legem
384 3609 411 3642 se
427 3589 657 3660 promulgaturum
671 3588 799 3654 ostendit,
811 3602 841 3644 ut
853 3593 903 3657 iis,
916 3594 963 3664 qui
978 3597 1132 3668 Sempronia
1144 3599 1205 3670 legs

172 3697 265 3752 agrum
279 3675 398 3746 accipere
412 3673 554 3736 deberent,
565 3673 693 3743 pecunia,
709 3691 767 3744 quse
780 3675 848 3745 regis
861 3677 941 3729 Attali
955 3679 1062 3744 fuisset,
1073 3681 1204 3741 dividere-

172 3776 224 3817 tur.
243 3758 372 3814 Heredem
387 3770 474 3809 autem
487 3756 614 3826 populum
628 3774 769 3808 romanum
783 3757 926 3828 reliquerat
941 3761 1061 3825 Attalus,
1080 3783 1128 3816 rex
1143 3765 1204 3818 Per·

171 3848 242 3919 garni
250 3885 258 3910 ,
272 3841 397 3896 Eumenis
414 3841 494 3891 lilius.
508 3840 560 3891 Tot
576 3838 776 3909 indignitatibus
790 3853 938 3896 commotus
950 3845 1065 3915 graviter
1078 3858 1202 3911 senatus,

171 3944 232 3986 ante
243 3946 335 3983 omnes
349 3927 377 3977 P.
388 3925 491 3976 Mucius
505 3921 614 3986 consul,
626 3921 690 3994 qui,
701 3940 784 3995 quum
796 3923 822 3974 in
837 3936 929 3976 senatu
943 3926 969 3977 in
980 3925 1132 3980 Gracchum
1142 3946 1203 3999 per·

171 4025 284 4076 orasset,
296 4022 388 4081 raptus
403 4009 437 4060 ab
451 4027 482 4058 eo
497 4006 530 4058 ad
548 4005 694 4078 populum,
713 4003 868 4077 delatusque
883 4009 973 4080 plebi,
990 4029 1083 4063 rursus
1096 4012 1124 4064 in
1140 4030 1203 4065 eum

168 4119 217 4174 pro
232 4096 323 4151 rostris
337 4093 506 4145 concionatus
523 4102 570 4142 est.
585 4091 675 4154 Quum
687 4089 783 4141 iterum
797 4090 1016 4166 tribunusplebis
1030 4096 1111 4148 creari
1123 4095 1203 4149 vellet

166 4181 318 4242 Gracchus,
336 4188 443 4230 auctore
461 4175 490 4226 P.
511 4173 634 4226 Cornelio
651 4172 764 4235 Nasica,
784 4173 812 4225 iu
829 4175 960 4245 Capitolio
975 4178 1011 4230 ab
1030 4178 1201 4248 optimatibus

169 4267 270 4319 occisus
285 4273 337 4324 ert,
351 4260 416 4312 ictus
430 4257 545 4329 primum
558 4255 710 4327 fragmentis
724 4256 926 4323 subselliorum,
937 4273 962 4312 et
975 4261 1043 4314 inter
1056 4261 1200 4332 alios,an

169 4349 196 4401 iu
211 4347 304 4400 eadem
323 4342 450 4395 seditione
466 4338 547 4391 occisi
562 4349 653 4401 erant,
669 4339 816 4409 insepultus
833 4341 861 4393 in
874 4340 972 4394 flumen
989 4346 1132 4415 projectus.
1148 4345 1200 4398 ttes

166 4443 289 4497 praeterea
302 4429 327 4479 in
344 4424 428 4479 Sicilia
443 4421 515 4473 vario
528 4432 624 4473 eventu
637 4418 763 4474 adversus
778 4423 903 4493 fugitivos
916 4436 1003 4495 gestas
1016 4426 1141 4478 continet.
