2594 4980
112 748 187 807 'raa
292 740 359 807 JO.
387 738 726 807 FREINSHEMII
758 738 1004 809 SUPPLEM.

116 880 209 922 mum
219 879 370 946 superare
381 857 550 922 denarium
558 857 671 946 coepit,
682 878 851 944 nunquam
864 873 975 946 postea
985 854 1131 921 fuitr'nin

114 983 219 1048 quum
232 960 266 1023 in
276 948 495 1023 deficientium
506 959 614 1023 iocum
628 959 940 1047 plerumqueplures
953 958 1131 1023 suburam

114 1078 192 1127 tur:
207 1062 240 1125 in
258 1057 382 1149 quibus
393 1079 568 1127 annotatus
580 1078 629 1127 est
642 1062 779 1127 robusto
796 1062 942 1150 eorporis
958 1061 1073 1126 habitu
1088 1084 1131 1151 pu

46 1210 50 1220 .
115 1161 302 1250 quadrimus
320 1163 515 1245 admodum,
531 1186 635 1251 quum
652 1163 717 1228 rita
737 1179 827 1252 pater
842 1162 1024 1229 excederet.
1040 1162 1131 1229 &dor

113 1263 145 1327 ei
159 1286 281 1326 nomen
301 1266 377 1346 fuit,
389 1288 486 1353 quem
503 1282 577 1354 post
591 1267 775 1330 communis
786 1266 929 1355 parentis
945 1265 1076 1331 obitum
1089 1265 1131 1331 ui

114 1388 171 1454 psa
191 1365 289 1429 frater
308 1366 482 1454 adoptavit.
501 1368 553 1431 Sic
575 1367 707 1432 tradidit
722 1367 892 1457 Polybius,
909 1367 962 1431 alii
983 1367 1131 1454 Methym

113 1481 181 1533 mm
196 1470 400 1557 appellarunt
420 1492 428 1533 ε
451 1469 492 1534 de
511 1492 547 1534 re
568 1493 635 1535 non
659 1470 838 1535 dubitatur.
857 1470 979 1534 Praeter
995 1466 1131 1534 huncffl

115 1571 246 1659 reliquit
271 1593 311 1633 ex
331 1574 420 1651 justo
442 1572 651 1636 matrimonio
675 1588 826 1660 quatuor,
854 1585 892 1635 ut
915 1569 1003 1635 idem
1033 1568 1131 1658 Polyb

114 1675 265 1765 scripsit:
286 1676 341 1739 sed
361 1676 459 1739 trium
481 1676 582 1740 modo
603 1676 735 1738 nomina
758 1690 791 1739 et
809 1690 898 1763 gesta
916 1670 1131 1737 noscuntur.j

113 1778 284 1859 omnibus,
301 1778 509 1865 ceterisque,
527 1800 610 1866 quos
627 1800 666 1841 ex
679 1777 872 1842 concubinis
888 1788 1092 1864 susceperat,
1103 1794 1131 1838 at

114 1899 242 1965 semper
259 1880 449 1942 venerabilis
467 1880 537 1958 ejus
553 1879 700 1958 majestas
722 1879 799 1956 fuit,
820 1894 858 1940 ut
883 1876 1003 1941 domus
1026 1876 1080 1941 illa
1095 1896 1131 1939 nt

114 2001 258 2065 unquam
278 1997 387 2061 motu,
406 1980 516 2067 quales
535 1979 569 2041 in
593 1978 688 2067 regiis
705 1978 833 2042 familiis
851 1979 935 2042 ciere
948 1979 1107 2059 juvenum
1126 1999 1131 2033 ⁴

114 2077 250 2166 piditas,
271 2095 327 2142 aut
344 2080 487 2167 suspicio
506 2101 622 2142 senum
644 2079 744 2160 solet,
762 2095 1017 2144 concuteretur:
1035 2096 1131 2166 quum

115 2182 327 2267 pecuniarum
346 2181 411 2244 vim
431 2181 618 2261 maximam,
638 2196 671 2243 et
690 2182 835 2271 egregios
855 2181 991 2246 haberet
1010 2176 1131 2245 exercit

116 2285 270 2362 majorem
302 2282 467 2347 interdum
498 2281 674 2360 novandis,
703 2306 802 2370 quam
834 2281 1042 2347 continendis
1073 2278 1131 2344 rein

116 2386 296 2464 materiam,
314 2384 375 2447 nisi
392 2406 507 2473 magna
522 2382 732 2447 dominorum
746 2385 936 2449 auctoritate
951 2381 1131 2450 custodient

115 2485 240 2571 Scipio,
258 2484 408 2549 dimissus
427 2507 445 2548 a
464 2485 598 2548 Manilio
618 2486 829 2573 proconsrde,
846 2503 920 2575 post
934 2486 1066 2551 tertium
1080 2480 1131 2547 dio

114 2609 211 2673 quam
230 2587 442 2672 exspiraverat
456 2609 527 2667 rex,
545 2587 668 2650 Cirtam
685 2587 843 2674 pervenit.

160 2690 282 2752 xvffl.
301 2689 351 2751 lbi
368 2690 499 2779 cognito
513 2690 689 2753 Masinissae
706 2705 916 2771 testamento,
931 2693 984 2755 cui
997 2709 1032 2756 et
1047 2692 1131 2758 filion

116 2791 280 2854 unanimis
307 2814 484 2855 consensus
507 2791 748 2878 acquiescebat,
770 2807 890 2854 eaeterae
910 2792 1045 2878 quidem
1068 2792 1131 2857 liba

118 2914 191 2955 rum
206 2893 309 2956 turbae
324 2891 486 2980 (quatuor
502 2908 534 2956 et
549 2891 760 2981 quadraginta
778 2892 907 2956 relictos
921 2893 1055 2980 quidam
1070 2912 1131 2959 nun

116 2994 206 3081 rant)
225 3012 340 3082 praeter
353 3012 512 3086 acceptaa
528 3011 661 3083 parente
678 2994 764 3058 dona
774 2993 890 3074 adjecit
905 2996 1025 3084 oppida
1042 2992 1131 3085 quand

116 3119 292 3186 agrosque3
310 3120 409 3185 penes
426 3096 587 3185 legitimos
607 3120 685 3159 vero
705 3096 887 3175 thesauros,
905 3112 937 3160 et
955 3096 1127 3188 vectigalis,

115 3200 242 3283 regium
260 3222 381 3262 nomen
393 3197 612 3261 communiter
625 3218 694 3260 esse
710 3197 833 3261 voluit:
850 3197 985 3260 seorsim
999 3214 1131 3275 autem,'

116 3300 275 3386 cujusque
288 3299 433 3363 moribus
452 3320 635 3387 congruum
647 3296 828 3379 videbatur,
845 3298 1007 3386 Micipsae,
1020 3300 1073 3363 cui
1082 3316 1131 3362 aar

115 3400 183 3463 lum
203 3418 293 3489 pater
309 3401 451 3464 moriens
467 3399 601 3464 dederat
617 3401 796 3488 (maximus
812 3400 839 3464 is
858 3417 957 3483 natu,
971 3416 1005 3465 et
1021 3402 1131 3490 pacise

116 3505 257 3589 amans)
272 3503 392 3566 Cirtam
418 3524 493 3565 cum
519 3503 621 3590 regia,
647 3504 917 3592 vectigaliumque
945 3502 1131 3568 tractatione

118 3603 281 3686 Gulussae,
303 3606 373 3668 viro
392 3605 539 3687 militari,
560 3607 646 3692 pacis
667 3621 700 3668 et
725 3604 802 3668 belli
822 3605 1012 3687 arbitrium3
1032 3604 1131 3669 Manat

117 3706 191 3786 bili,
208 3708 251 3771 ob
264 3707 448 3771 Graecamm
462 3708 581 3771 artium
593 3723 626 3770 et
636 3707 768 3787 justitiae
779 3705 1074 3788 studium,judicia
1085 3702 1131 3771 det

161 3809 251 3874 xlx.
274 3811 500 3874 Revertentem
526 3809 567 3875 ad
591 3826 692 3874 castra
711 3809 896 3897 Scipionem
918 3811 1026 3877 statim
1051 3808 1131 3875 Gulu

119 3932 194 3974 cum
218 3911 364 3998 equitatu
379 3910 546 3975 numidico
562 3927 721 3999 sequutus
737 3925 784 3974 est
801 3933 809 3975 :
824 3909 889 3988 jam
908 3912 996 3974 enim
1019 3911 1125 3976 hiems¹

120 4015 232 4091 missa,
252 4035 323 4098 quae
338 4035 444 4100 neque
456 4012 641 4102 longissima
654 4012 707 4076 isti
719 4011 814 4093 caelo,
828 4034 937 4099 neque
955 4013 1131 4077 acerrimae

121 4116 221 4192 solet,
235 4115 333 4179 rebus
351 4113 501 4205 gerendis
517 4114 795 4204 opportunitatem
812 4129 993 4203 aperuerat.
1007 4114 1131 4179 Pisces

153 4328 272 4392 §mn
288 4327 387 4376 Luciau.
403 4328 430 4376 in
448 4327 564 4377 Maerob.
582 4354 618 4365 -
639 4325 728 4392 Polyb.
750 4352 784 4364 —
803 4326 912 4393 Appian.
934 4353 970 4365 ·-
992 4327 1047 4378 rav.
1067 4326 1130 4393 spu

117 4413 206 4477 Polyb.
222 4412 289 4478 apud
303 4412 385 4460 Vales.
400 4423 427 4461 et
439 4410 509 4460 sud.
525 4438 562 4449 -
574 4411 629 4459 vn.
644 4412 713 4460 Max.
727 4437 763 4448 -
778 4411 842 4460 eun.
852 4414 913 4472 vn,
935 4420 975 4469 rt.
993 4439 1030 4452 —
1047 4413 1131 4463 zum,

119 4499 220 4563 Eutrop.
234 4526 270 4537 -
283 4497 299 4562 S
315 4498 412 4546 xvm.
426 4496 481 4546 Liv.
492 4495 558 4562 Epit.
568 4522 603 4535 -
614 4496 701 4547 zonat.
717 4522 752 4534 -
764 4496 868 4562 Eutrop.
