2594 4980
126 776 190 869 178
291 775 358 841 Jo.
386 712 725 842 rasinsnsms
755 772 1007 843 suessan.

118 896 248 975 consul,
261 895 335 957 licet
341 916 473 956 vacuam
487 894 669 981 apertisque
681 892 783 980 portis
794 890 1014 977 indefensam,
1024 895 1169 962 continuo

120 994 242 1085 ingredi
252 995 369 1074 voluit,
380 993 567 1056 insidiarum
578 1008 677 1057 metu.
686 993 796 1057 Tertio
805 992 939 1057 demum
949 993 1168 1077 diermnib'm

120 1097 303 1184 exploratis,
325 1094 521 1159 Corinthum
544 1117 677 1158 romana
695 1094 784 1183 signa
800 1095 1030 1161 intraverunt:
1044 1098 1168 1185 puberes

119 1200 231 1286 reliqui
244 1222 263 1261 a
274 1197 428 1260 militibus
440 1197 625 1283 interempti
637 1196 739 1259 ferme
752 1211 844 1277 sunt3
859 1196 1013 1261 mulieres
1024 1200 1166 1287 puerique

119 1300 180 1364 sub
194 1322 313 1363 corona
323 1298 467 1375 veniere;
487 1297 606 1361 multos
618 1298 715 1361 etiam
731 1294 867 1360 flammis
883 1314 1097 1385 consumptos
1109 1320 1164 1363 etto

118 1402 270 1482 traditur,
294 1399 373 1463 dum
396 1398 492 1478 urbs,
513 1398 685 1462 crudeliter
705 1398 797 1486 prius
817 1396 959 1486 direpta,
985 1400 1162 1487 precinere
1201 1440 1205 1447 -

119 1503 196 1567 tuba
221 1502 356 1565 deletur.
383 1499 521 1563 Tantum
542 1501 630 1563 enim
659 1500 757 1564 luisse
779 1498 969 1563 incendium
990 1500 1117 1583 lerunt,
1133 1516 1161 1567 rt
1209 1548 1212 1567 2

118 1625 221 1691 quum
232 1601 319 1664 omni
334 1621 372 1662 ex
381 1615 470 1687 parte
478 1598 629 1678 subjecta
638 1598 777 1664 aediliciis
787 1599 871 1663 faces
882 1600 1159 1689 essent‚quidquil
1210 1592 1212 1601 ’

118 1703 387 1791 comprehensum
399 1702 481 1764 intra
494 1702 610 1764 moenia
622 1702 701 1783 fuit,
715 1700 864 1766 eumdem
874 1701 908 1764 in
920 1703 1049 1790 apicem
1059 1724 1158 1767 onere
1207 1726 1212 1751 -·

118 1806 205 1870 tibus
215 1803 365 1884 flammis,
376 1820 528 1890 tanquam
540 1825 627 1867 unus
638 1803 722 1892 ignis
732 1802 867 1868 arderet.
877 1804 1157 1893 Atqueisdeinoep
1207 1814 1212 1821 '

118 1908 231 1987 etiam,
250 1929 352 1993 quum
373 1904 534 1969 cineribus
553 1904 790 1993 ruderibusque
808 1904 934 1992 sopitus
957 1920 991 1970 et
1007 1924 1156 1997 oppressu

117 2009 295 2088 videretur,
307 2006 365 2071 diu
374 2007 509 2070 retinuit
517 2006 675 2070 fervorem
685 2029 694 2087 3
708 2007 941 2094 perieruntque
953 2028 995 2071 eo
1005 2006 1074 2072 fsto
1083 2004 1156 2071 muli
1197 2028 1200 2033 ·

117 2112 355 2189 Romanorum,
366 2131 463 2195 quos,
474 2107 513 2171 ad
525 2107 733 2172 scrutandum
745 2130 861 2171 aurum
871 2106 1156 2197 argenmmvellm·

117 2213 177 2275 mis
188 2211 416 2299 liquefactum,
431 2209 560 2272 avaritia
572 2209 606 2271 in
621 2208 781 2273 fumantes
797 2208 904 2273 adhuc
916 2210 1030 2275 nunus
1039 2210 1155 2275 misem

160 2314 249 2377 XVI.
269 2311 356 2373 llluri
373 2308 508 2390 deinde,
525 2310 582 2396 qui
601 2310 659 2372 soli
675 2326 914 2390 remanserant,
932 2308 1084 2375 funditus
1098 2320 1157 2374 stul

115 2413 233 2493 diruti,
248 2413 344 2476 etiam
361 2410 518 2498 lapidibus
535 2411 569 2473 in
585 2411 749 2499 pulverem
767 2410 989 2475 comminutis.
1002 2411 1156 2477 lttCotitt·

118 2514 211 2576 tbum
222 2515 256 2576 L.
271 2511 447 2575 Mummius
464 2511 578 2574 evertit
591 2533 630 2574 ex
642 2512 940 2592 senatusconsulto,
952 2511 1045 2600 quod
1057 2511 1159 2577 ibivis

117 2615 218 2678 latum
234 2614 267 2676 in
285 2614 394 2701 legatis
417 2612 562 2701 gentium
577 2612 629 2691 jus
645 2612 768 2694 fuerat3
784 2627 859 2700 post
874 2634 978 2676 annos
997 2626 1158 2705 nongenti

118 2715 368 2804 quinquaginta,
386 2736 480 2801 quarn
496 2713 536 2777 ab
551 2712 661 2794 Alete,
675 2712 825 2801 Hippotis
841 2710 924 2793 filio,
937 2708 1158 2799 qui-sextunb

116 2816 255 2880 Hercule
267 2831 469 2895 numeratur,
484 2813 613 2878 condita
626 2815 740 2886 luerat.
752 2816 819 2878 Hac
829 2814 1002 2879 acerbitate
1011 2832 1160 2904 poemm

117 2940 198 3006 opus
206 2917 389 2997 videbatur,
401 2934 453 2997 ut,
463 2915 552 3003 quod
562 2916 735 3002 imperium
747 2916 902 2980 hactenus
913 2917 1160 2983 clementiam*

110 3017 298 3082 mendasset
318 3017 467 3105 populis,
485 3015 519 3079 id
537 3017 633 3079 etiam
654 3014 806 3082 adversus
823 3017 1081 3083 mansuetudinis
1096 3036 1159 3083 out·

113 3135 290 3208 temptum,
301 3133 406 3180 terror
414 3117 589 3181 severitatis
599 3116 799 3183 defenderet.
809 3121 915 3208 Atque
924 3120 1012 3184 hanc
1021 3121 1160 3185 ratione·

116 3219 254 3309 augendi
272 3241 323 3282 res
345 3241 435 3296 suas,
455 3215 669 3305 firmandique
686 3220 798 3305 priscis
816 3220 912 3284 etiam
928 3220 1091 3309 imperiis,
1106 3216 1161 3309 ph·

116 3318 378 3383 cuissecredibile
388 3334 454 3397 cst3
467 3334 503 3380 ut
511 3319 718 3406 incipientem
728 3321 905 3407 potentiam
914 3321 1042 3387 facilius
1049 3321 1163 3387 lecim

116 3434 267 3507 putarent
280 3440 439 3497 crescere,
455 3416 496 3479 ad
515 3439 640 3483 summa
657 3419 819 3507 perductae
835 3443 902 3484 non
917 3442 987 3485 esse
1003 3419 1163 3485 firmiore!

116 3537 207 3586 metu
222 3517 412 3583 custodiam.
425 3518 507 3580 Nam
522 3516 563 3580 ad
580 3519 721 3582 modicas
734 3518 963 3606 opprimendas
978 3520 1164 3609 opes,siptt

116 3623 266 3686 sentiam
291 3621 396 3682 timeri
419 3634 627 3699 meruenmt,
648 3618 736 3683 haud
756 3618 929 3684 difficulter
945 3620 1161 3686 concurritur:

115 3721 322 3786 validioribus
332 3720 429 3783 rebus
442 3719 543 3798 majus
556 3742 573 3780 a
587 3718 736 3784 facilitate
746 3719 927 3807 periculum
940 3718 1163 3809 esuriremus,

117 3846 184 3887 non
197 3824 287 3911 quasi
304 3821 454 3901 infirmae,
468 3819 525 3884 sed
541 3822 633 3907 quasi
650 3822 773 3902 otiosae,
790 3837 1000 3909 spemuntur.

158 3926 261 3989 XVll.
280 3926 436 3987 Caeterum
454 3922 652 4002 Mummius,
671 3922 801 4009 reliquis
820 3922 1009 3987 Graecorum
1026 3932 1165 3985 concae!

115 4026 277 4104 libertate,
290 4023 475 4087 Corinthios
487 4044 618 4102 omnes,
632 4038 664 4084 et
676 4045 715 4085 ex
727 4021 842 4102 servis,
856 4043 941 4109 quos
956 4022 1167 4087 mausum·

115 4122 577 4214 verat,quotquotsuperstites
584 4121 808 4210 praelioernnt,
819 4121 880 4185 sub
891 4112 1166 4186 commentitia

149 4342 237 4407 §U
250 4345 351 4392 l’tmen.
366 4368 401 4378 -
415 4341 487 4388 suet.
502 4338 534 4387 de
547 4339 601 4387 Vir.
614 4340 650 4390 ill.
665 4366 701 4378 -
718 4342 806 4390 Zomr.
819 4368 855 4379 -
870 4340 936 4392 Flos.
951 4344 992 4401 11,
1005 4342 1088 4391 ή-
1097 4336 1168 4385 0113ι

118 4422 147 4477 Vs
159 4422 183 4468 3·
193 4447 229 4458 -
241 4421 333 4470 lustin.
346 4446 381 4457 -
393 4417 479 4467 Suidn
495 4418 521 4465 in
535 4419 644 4480 τιτηκός.
654 4419 715 4485 —S
729 4422 800 4470 xvt.
814 4420 879 4471 Plio.
893 4422 1006 4481 XXXV,
1022 4436 1059 4469 ro.
1070 4442 1103 4457 ·-
1111 4408 1166 4461 W·

114 4502 179 4570 Epit.
191 4504 294 4551 -Vstt
305 4507 330 4561 Ι,
343 4505 356 4552 3
367 4516 393 4553 et
403 4504 442 4551 13.
454 4530 489 4540 -
503 4502 606 4552 Diodor.
618 4504 685 4568 apud
696 4504 777 4554 Valet.
