2594 4980
310 724 366 793 IN
396 724 504 793 Loc.
532 725 626 792 LlB.
653 728 706 795 LI
738 726 949 794 LlVlANI.
1097 723 1163 796 165

104 862 225 920 menos,
251 845 304 908 vel
327 860 437 909 oontm
461 844 579 909 horum
605 844 735 910 decreta
756 847 788 910 in
809 830 1068 912 lacedemonios
1088 871 1164 936 peo-

108 963 237 1011 Utetur.

149 1047 241 1112 tvlt.
260 1049 372 1129 Quare
389 1045 550 1135 quidquid
567 1048 600 1110 in
619 1046 757 1111 concilio
775 1070 891 1111 sanum
905 1065 991 1128 erat,
1004 1063 1165 1136 gratanter

117 1145 193 1213 huno
211 1171 393 1215 sermonem
416 1170 584 1237 exoepere,
609 1148 729 1212 conscii
750 1149 1017 1228 commissorum,
1040 1164 1073 1213 et
1094 1171 1165 1235 qum

123 1272 199 1338 ptem
218 1251 327 1340 populi
344 1249 471 1315 romani
491 1249 601 1314 hostes
620 1267 779 1330 maneret,
795 1267 871 1316 ante
890 1250 1002 1314 oculos
1018 1265 1166 1313 versante

125 1350 315 1419 homonum
327 1353 475 1441 exemplo
490 1351 657 1417 admoniti.
671 1350 735 1416 Sed
747 1352 863 1441 vulgus
877 1351 1082 1440 imperitum,
1099 1372 1166 1413 me·

129 1450 256 1539 ghotis,
271 1453 362 1541 quod
375 1453 513 1518 orationi
525 1453 705 1543 legatorum
720 1467 915 1540 opponeret,
935 1475 1002 1516 non
1019 1451 1166 1532 haberet,

131 1573 206 1638 quem
217 1555 301 1643 quod
311 1555 464 1645 probaret
474 1553 574 1636 dicta,
585 1554 714 1618 silentio
727 1555 868 1618 sauciam
880 1576 1064 1642 aegramque
1076 1575 1167 1616 men·

133 1656 379 1746 tenprotegebat.
400 1659 444 1722 At
458 1679 536 1720 vero
555 1656 663 1722 Diaeus
682 1669 715 1718 et
734 1654 911 1735 Critolaus,
928 1655 981 1719 ille
999 1670 1167 1743 postremo

134 1770 240 1839 patum
252 1758 399 1837 iunctus,
413 1758 466 1822 hic
482 1774 553 1822 tum
570 1779 703 1844 quoque
716 1772 846 1843 pretor,
860 1771 894 1820 et
905 1771 1069 1843 quotquot
1086 1777 1166 1819 oon·

135 1851 186 1916 siin
197 1878 260 1920 oum
269 1858 319 1923 his
330 1859 531 1923 sociaverant
543 1858 654 1944 (erant
667 1872 776 1920 autem
791 1873 945 1944 tanquam
956 1857 998 1921 de
1008 1855 1168 1920 industria

136 1951 222 2020 delecti
234 1982 270 2023 ex
286 1982 482 2048 unaquaque
497 1960 625 2024 civitate
641 1959 799 2046 pessimus
816 1957 979 2047 quisque),
989 1979 1092 2045 quum
1106 1957 1167 2044 ipsi

137 2075 180 2140 pet
193 2079 220 2121 te
233 2060 468 2136 existimabant,
487 2077 558 2124 tum
578 2059 645 2122 aliis
665 2058 858 2146 persuadere
880 2057 1071 2138 studebant,
1076 2054 1168 2142 ficti·

137 2155 195 2219 teia
205 2183 264 2224 eom
276 2162 459 2249 ettemport's
477 2184 575 2224 emesa
588 2173 779 2247 assumptam
794 2160 1008 2224 Rornanorum
1023 2181 1166 2224 aramue·

138 2255 241 2324 wione
255 2285 329 2342 esse,
349 2263 456 2325 omnia
467 2258 583 2348 secere
594 2272 804 2348 paratorum,
822 2284 861 2324 ne
877 2283 968 2349 super
985 2258 1168 2348 asrt'oanttm

137 2369 162 2417 et
175 2357 284 2449 dispono
304 2361 389 2426 bella
407 2363 503 2424 etiam
521 2361 656 2424 Actaeos
674 2364 874 2425 concitarent.
893 2362 1015 2424 Tamen
1034 2361 1069 2422 in
1084 2383 1167 2447 prm-

138 2461 213 2525 tttttia
226 2465 295 2529 satis
312 2463 457 2527 modeste
470 2460 693 2550 respondent:
714 2484 745 2524 se
761 2460 959 2525 antemnas
975 2460 1168 2524 Theartdam

137 2557 174 2620 sd
183 2578 303 2628 eranam
321 2565 464 2628 missuros
470 2611 481 2643 ,
500 2575 537 2628 ut
551 2566 666 2627 ortinen
681 2563 728 2627 de
739 2561 850 2648 legatis
865 2561 996 2625 deberet
1016 2586 1028 2624 .·
1049 2563 1168 2625 interea

136 2677 280 2729 &mnam
296 2664 465 2730 indicturos
482 2665 636 2751 Tegeam,
655 2677 691 2728 ut
712 2663 757 2726 ibi
774 2686 847 2726 cum
864 2662 1110 2727 Lasedoemomii
1128 2664 1169 2729 de

136 2779 194 2842 W
203 2781 350 2853 agerem·
798 2818 802 2829 ‚
924 2784 929 2807 ¹

168 2862 259 2933 Lvffl.
283 2869 443 2932 ceterum
463 2867 532 2930 haec
554 2866 596 2930 ad
620 2864 766 2929 fraudem
788 2861 1015 2928 tantummodo
1038 2886 1168 2951 compa·

140 2968 293 3059 ¹²1²,longe
303 2968 508 3049 dissimilem,
525 2990 624 3056 qnam
639 2989 700 3056 pro
712 2965 833 3054 specie,
846 2987 918 3052 quse
928 2963 1167 3053 preferebatur,

139 3082 253 3135 “mmm
267 3071 420 3136 habuere.
436 3071 549 3153 Quum
563 3069 651 3133 enim
662 3067 818 3147 Romani,
835 3063 984 3129 adductis
1000 3064 1096 3129 etiam
1105 3066 1167 3129 la·

139 3163 321 3253 maeoniis,
332 3173 469 3262 Tegeam
483 3171 661 3235 constituto
678 3184 825 3257 tempore
838 3167 1018 3249 venissent,
1033 3166 1167 3235 thteo-

140 3282 240 3357 quue
262 3273 425 3361 principes
447 3271 529 3336 adeo
554 3285 791 3359 exspectassent
809 3268 883 3349 diu,
908 3285 946 3332 ut
973 3291 1087 3332 eorum
1108 3267 1165 3333 sd·

140 3381 236 3438 tentem
251 3376 318 3456 jam
342 3374 444 3439 ferme
466 3371 689 3461 desperarent3
711 3372 800 3435 solus
818 3386 984 3458 postremo
1007 3370 1165 3437 Critolaus

139 3470 283 3556 Venitnon
299 3492 338 3541 ut
350 3476 416 3540 ulla
430 3477 464 3540 in
477 3497 513 3539 re
526 3475 683 3564 promissa
698 3457 1033 3562 praesmrentum'sed,
1048 3471 1166 3553 elusis,

139 3585 189 3650 iu*
208 3577 328 3645 fuerant
355 3579 535 3666 postulata,
560 3577 712 3668 negabat,
740 3577 801 3639 nisi
821 3576 861 3639 de
884 3576 1034 3638 sententia
1052 3573 1169 3662 populi

137 3671 269 3765 Quom
288 3683 325 3744 iis
346 3682 386 3745 de
407 3680 494 3744 rebus
514 3681 658 3743 constitui
664 3699 755 3767 posse
771 3699 783 3740 .·
802 3675 1047 3763 exspectaodwn
1068 3677 1166 3759 igitur

133 3783 280 3852 Wimum
302 3780 466 3848 concilium
492 3780 545 3867 (id
561 3777 742 3844 secundum
764 3779 851 3866 leges
875 3776 1068 3840 Achoeorum
1092 3790 1166 3861 post

138 3887 253 3947 'mettre
269 3886 417 3947 futurum
432 3882 517 3967 erat)
531 3905 540 3962 3
561 3886 594 3945 in
609 3904 644 3944 eo
659 3903 691 3943 se
707 3879 746 3942 de
758 3877 961 3966 presentibus
973 3877 1101 3962 negotiis
1116 3897 1169 3938 re·.

137 3966 250 4048 imme
274 3984 416 4064 Ferunt,
437 4006 473 4047 ea
497 4005 629 4070 quoque
650 3978 764 4045 fraude
784 3979 961 4043 Critolaum
986 3999 1102 4054 usum,
1128 3991 1167 4037 ut

137 4069 213 4150 1²⁸th
229 4083 356 4171 quidem
380 4084 543 4165 mitteret,
564 4082 605 4148 ad
623 4079 829 4147 arcessendos
851 4082 990 4169 Tegeam
1011 4076 1164 4157 thaeos,

138 4185 230 4246 ¹0‘teto
251 4202 360 4251 antem
384 4201 551 4265 moneret,
578 4207 620 4248 ne
647 4184 752 4248 vooeti
778 4181 977 4247 accederent.
1006 4177 1163 4258 Romani,

138 4285 219 4354 ‘ime
239 4286 399 4362 videntes,
426 4286 551 4350 homini
577 4283 807 4349 incredibiliter
831 4277 992 4368 arroganti
1022 4275 1163 4342 ludibrio

166 4471 249 4537 §Lm
261 4493 359 4542 nm.
373 4489 579 4555 -r015t.-5
592 4491 680 4538 tvm.
692 4488 826 4554 nont..-
835 4487 936 4534 nuum

1193 4584 1257 4688 A
