2594 4980
264 690 319 758 ru
348 691 460 759 Loc.
487 693 582 760 mu
610 692 734 761 cxxi
763 692 973 762 mrum.
1083 694 1155 792 629

86 805 199 888 video,
217 830 289 894 quae
311 810 476 875 studiosus
496 814 638 876 veritatis
656 835 753 875 nemo
774 813 916 901 recipiat.
938 816 1052 903 Neque
1076 840 1152 882 sane

86 923 152 970 tam
176 909 306 997 ineptus
329 912 362 975 in
389 913 439 976 his
463 930 512 991 est
532 914 659 994 Livius,
683 930 719 978 ut
745 936 812 977 non
837 915 1007 1002 aliquoties
1029 934 1151 983 temere

87 1006 178 1089 licta,
193 1026 248 1073 aut
264 1012 384 1077 credita
400 1014 560 1103 prodigia,
579 1015 816 1101 hominumque
830 1017 943 1081 inanes
958 1018 1149 1105 interpreta-

86 1108 190 1172 tiones
214 1127 308 1176 taxet.
333 1116 493 1177 Caeterum
509 1115 674 1203 quidquid
697 1116 738 1179 de
758 1116 814 1180 illo
837 1118 952 1198 fuerit,
975 1119 1055 1182 mihi
1074 1142 1150 1184 sane

85 1210 135 1272 vel
147 1209 220 1274 ideo
237 1213 305 1276 haeo
319 1232 475 1279 annotare
490 1217 611 1304 placet,
628 1218 740 1305 utqui
757 1217 856 1281 hodie
873 1220 971 1283 rebus
990 1219 1149 1298 ejusmodi

86 1312 225 1377 multum
244 1334 436 1398 moventur,
453 1317 564 1382 eadem
582 1343 616 1383 se
632 1318 779 1399 credere,
798 1319 979 1407 iisdemque
994 1337 1051 1383 aut
1068 1344 1148 1385 con·

85 1410 200 1495 fidere,
219 1433 275 1480 aut
297 1420 479 1506 perturbari
500 1420 642 1501 discant,
664 1442 736 1508 quse
759 1420 940 1485 dementata
964 1422 1053 1485 vanis
1076 1422 1148 1510 opi-

84 1514 259 1600 trionibus,
278 1542 426 1608 veraeque
451 1521 613 1610 sapientie
637 1522 768 1609 penitus
790 1522 900 1612 ignara
926 1539 1070 1609 tempora
1095 1545 1148 1586 re·

86 1634 271 1700 spexerunt.
301 1681 304 1686 .

126 1716 164 1779 V.
189 1719 309 1784 Eadem
332 1723 419 1785 enim
437 1723 544 1787 adhuc
562 1724 649 1787 fatua
671 1739 704 1787 et
728 1723 848 1787 insulsa
871 1723 978 1786 fabula
999 1710 1145 1807 luditur-5

84 1837 319 1909 narranturque
337 1840 370 1887 et
384 1824 565 1889 audiuntur
582 1848 698 1914 magna
715 1824 951 1888 asseveratione
972 1823 1143 1910 pleraque,

82 1918 114 1980 in
130 1922 249 2007 quibus
264 1924 344 1987 nihil
355 1925 396 1987 sit
410 1925 633 2015 prodigiosum
645 1943 760 2014 proter
771 1925 943 1989 hominum
956 1924 1146 2006 amentiam,

81 2037 155 2105 post
171 2021 287 2087 divina
304 2026 445 2090 veritatis
462 2043 570 2114 aperta
587 2026 736 2106 oracula,
756 2025 954 2112 rationisque
971 2026 1095 2104 lucem,
1113 2041 1146 2088 et

81 2137 129 2184 tot
151 2140 281 2190 aetatum
305 2129 538 2216 experimenta,
558 2127 666 2191 adhuc
682 2126 855 2191 indocilem
873 2127 978 2190 inania
996 2142 1144 2190 contem-

80 2243 166 2287 nere.
185 2226 300 2315 Neque
314 2251 374 2316 ego
390 2228 472 2293 nihil
491 2229 655 2295 metuendi
672 2230 825 2315 cuiquam
842 2245 957 2293 auctor
969 2229 1029 2291 sim
1044 2251 1052 2292 ε
1068 2244 1146 2292 sunt

79 2325 261 2413 enim‚quae
272 2352 340 2392 non
355 2330 532 2413 immerito,
546 2354 606 2396 nec
618 2347 727 2396 tamen
739 2347 776 2394 ut
786 2329 934 2419 prodigia
947 2331 1141 2394 timeantur:

79 2446 152 2487 nam
178 2429 204 2490 si
226 2430 326 2510 sorte,
353 2431 442 2518 quod
462 2455 700 2520 nonnunquam
724 2431 858 2511 accidit,
884 2430 1018 2495 flumina
1041 2445 1141 2492 resta-
1213 2492 1216 2501 ,

78 2544 198 2613 gnent‚
223 2547 279 2593 aut
302 2547 386 2594 terra
407 2550 554 2612 moveat,
579 2531 709 2621 percelli
728 2547 826 2616 atque
843 2530 1052 2594 extimescere
1072 2549 1140 2590 nou

77 2626 293 2694 inhumanum
310 2647 358 2693 est
376 2654 384 2693 ε
403 2632 461 2694 sed
476 2633 632 2695 nimirum
646 2630 681 2692 id
696 2652 763 2693 non
778 2629 983 2717 prodigium,
995 2644 1028 2691 et
1042 2649 1139 2691 omeu

76 2743 221 2792 venturae
246 2731 452 2810 calamitatis,
478 2730 535 2794 sed
560 2731 689 2793 initium
712 2746 744 2792 et
766 2750 862 2791 causa
884 2729 1048 2816 presentis
1072 2743 1139 2807 est;

78 2848 185 2912 neque
208 2844 327 2892 mortes
350 2830 557 2909 animalium,
578 2829 706 2894 ruinam
729 2826 938 2897 edificiorum
959 2825 1138 2916 signifimt,

77 2927 133 2991 sed
151 2928 292 2993 adducit.

119 3030 174 3093 Vl.
190 3034 310 3095 Caeteru
326 3034 439 3113 ctiam,
455 3032 662 3120 quantumvis
676 3054 750 3094 raro
763 3030 928 3110 eveniant,
942 3052 1013 3116 que
1028 3045 1136 3109 tamen

75 3134 178 3196 causis
201 3135 402 3198 naturalibus
423 3134 523 3214 fiunt,
544 3134 576 3196 in
601 3148 828 3224 portentorum
853 3154 991 3195 numero
1014 3152 1137 3220 ponere

74 3255 229 3321 perquam
249 3236 474 3323 importunum
497 3252 556 3300 cst.
579 3236 613 3302 Si
633 3234 772 3301 fulmine
791 3249 913 3296 tactum
932 3232 1136 3320 imperatoris

73 3335 206 3415 alicujus
227 3339 414 3425 pretorium
437 3354 506 3417 est,
533 3339 559 3401 si
583 3359 685 3424 equus
709 3336 928 3415 exanimatus5
954 3349 1133 3399 (astrorum

72 3436 218 3501 videlicet
237 3441 528 3530 oppugnationem,
548 3455 581 3502 et
596 3438 845 3502 clarissimorum
861 3436 1005 3499 virorum
1020 3434 1132 3499 interi·

72 3552 143 3599 tum
159 3538 358 3625 significavit.
371 3542 471 3628 Atqui
486 3561 654 3605 necessum
667 3555 732 3619 est,
747 3539 841 3603 salvis
854 3552 979 3627 'namra
992 3536 1134 3625 legibus,

70 3635 328 3723 frequentissima
345 3643 421 3706 cailo
437 3640 632 3706 descendere
648 3640 799 3718 fulmina3
816 3661 888 3726 quoe
900 3638 1011 3724 etipsa
1023 3636 1131 3699 omnia

70 3738 104 3801 in
119 3739 251 3826 aliquod
266 3759 353 3806 certe
368 3766 486 3831 corpus
499 3742 641 3807 incidere
655 3764 823 3805 necessum
836 3755 894 3804 est.
909 3739 1018 3803 Toties
1035 3738 1133 3826 igitur

70 3840 179 3904 omina
196 3838 324 3920 fierent,
345 3844 472 3929 quoties
491 3844 695 3906 fulminaret:
711 3860 809 3930 atque
825 3839 936 3904 eadem
953 3839 994 3903 de
1010 3838 1131 3902 caeteris

69 3942 152 4004 ratio
168 3957 269 4020 esset3
286 3942 420 4029 pluviae,
440 3945 545 4025 venti,
564 3944 700 4032 frigora,
717 3943 813 4006 etiam
830 3938 1042 4006 animantium
1060 3939 1130 4000 ina·

70 4042 301 4129 nimorumque
319 4043 431 4107 omnia
446 4066 578 4133 genera,
597 4045 723 4131 quoties
740 4066 775 4108 se
792 4043 856 4107 ulla
872 4064 965 4106 causa
986 4060 1131 4103 commo-

68 4144 207 4224 vissent,
220 4143 366 4233 prodigia
378 4147 615 4211 nuntiarentur.
630 4147 712 4211 Sane
724 4146 867 4235 ingenita
877 4143 1028 4207 humanis
1041 4163 1131 4205 men·

68 4244 155 4310 tihus
165 4245 305 4311 dulcedo
317 4263 366 4313 eat
379 4248 460 4315 mira
472 4263 504 4311 et
514 4270 598 4313 nova
608 4246 766 4332 jactandi,
781 4243 1000 4333 credendique
1013 4267 1022 4309 ε
1036 4245 1128 4330 isque

103 4442 119 4505 S
132 4446 176 4491 lv.
188 4445 261 4492 Voss.
274 4443 305 4494 dc
317 4443 381 4493 Hist
396 4445 448 4492 Lar.
459 4458 513 4508 esp.
527 4458 567 4506 ro.
