<?xml version="1.0" encoding="UTF-8"?>
<!DOCTYPE html PUBLIC "-//W3C//DTD XHTML 1.0 Transitional//EN"
    "http://www.w3.org/TR/xhtml1/DTD/xhtml1-transitional.dtd">
<html xmlns="http://www.w3.org/1999/xhtml" xml:lang="en" lang="en">
 <head>
  <title>
</title>
<meta http-equiv="Content-Type" content="text/html;charset=utf-8" />
  <meta name='ocr-system' content='tesseract 3.04.00' />
  <meta name='ocr-capabilities' content='ocr_page ocr_carea ocr_par ocr_line ocrx_word'/>
</head>
<body>
  <div class='ocr_page' id='page_1' title='image "./titusliviuspata00freigoog_0672.png"; bbox 0 0 2594 4980; ppageno 0'>
   <div class='ocr_carea' id='block_1_1' title="bbox 259 707 1174 784">
    <p class='ocr_par' dir='ltr' id='par_1_1' title="bbox 259 707 1174 784">
     <span class='ocr_line' id='line_1_1' title="bbox 259 707 1174 784; baseline 0.011 -10"><span class='ocrx_word' id='word_1_1' title='bbox 259 709 313 776; x_wconf 89' lang='lat' dir='ltr'><strong>IN</strong></span> <span class='ocrx_word' id='word_1_2' title='bbox 344 707 455 776; x_wconf 90' lang='lat' dir='ltr'>LOC.</span> <span class='ocrx_word' id='word_1_3' title='bbox 481 709 576 775; x_wconf 73' lang='grc' dir='ltr'><strong>ΗΒ.</strong></span> <span class='ocrx_word' id='word_1_4' title='bbox 604 710 774 778; x_wconf 83' lang='lat' dir='ltr'>LXXIII</span> <span class='ocrx_word' id='word_1_5' title='bbox 804 712 1019 783; x_wconf 86' lang='lat' dir='ltr'>LIVIANI.</span> <span class='ocrx_word' id='word_1_6' title='bbox 1102 711 1174 784; x_wconf 82' lang='lat'><strong>685</strong></span> 
     </span>
    </p>
   </div>
   <div class='ocr_carea' id='block_1_2' title="bbox 102 827 1178 4367">
    <p class='ocr_par' dir='ltr' id='par_1_2' title="bbox 105 827 1176 1221">
     <span class='ocr_line' id='line_1_2' title="bbox 105 827 1176 930; baseline 0.007 -41"><span class='ocrx_word' id='word_1_7' title='bbox 105 829 313 914; x_wconf 81' lang='lat' dir='ltr'><strong>gientemque</strong></span> <span class='ocrx_word' id='word_1_8' title='bbox 328 827 459 908; x_wconf 89' lang='lat' dir='ltr'><strong>lectica,</strong></span> <span class='ocrx_word' id='word_1_9' title='bbox 476 827 568 914; x_wconf 89' lang='lat' dir='ltr'><strong>quod</strong></span> <span class='ocrx_word' id='word_1_10' title='bbox 586 829 662 915; x_wconf 89' lang='lat' dir='ltr'><strong>equi</strong></span> <span class='ocrx_word' id='word_1_11' title='bbox 680 828 923 893; x_wconf 85' lang='lat' dir='ltr'><strong>succussionem</strong></span> <span class='ocrx_word' id='word_1_12' title='bbox 937 847 1071 930; x_wconf 87' lang='lat' dir='ltr'><strong>propter</strong></span> <span class='ocrx_word' id='word_1_13' title='bbox 1086 856 1176 898; x_wconf 92' lang='lat' dir='ltr'><strong>mor·</strong></span> 
     </span>
     <span class='ocr_line' id='line_1_3' title="bbox 106 928 1174 1026; baseline 0.007 -35"><span class='ocrx_word' id='word_1_14' title='bbox 106 931 185 992; x_wconf 92' lang='lat' dir='ltr'><strong>bum</strong></span> <span class='ocrx_word' id='word_1_15' title='bbox 211 929 295 992; x_wconf 85' lang='lat' dir='ltr'><strong>serre</strong></span> <span class='ocrx_word' id='word_1_16' title='bbox 319 952 386 992; x_wconf 90' lang='lat' dir='ltr'><strong>non</strong></span> <span class='ocrx_word' id='word_1_17' title='bbox 411 945 538 1016; x_wconf 88' lang='lat' dir='ltr'><strong>posset,</strong></span> <span class='ocrx_word' id='word_1_18' title='bbox 561 929 648 1019; x_wconf 88' lang='lat' dir='ltr'><strong>apud</strong></span> <span class='ocrx_word' id='word_1_19' title='bbox 672 928 809 994; x_wconf 88' lang='lat' dir='ltr'><strong>fluvium</strong></span> <span class='ocrx_word' id='word_1_20' title='bbox 837 931 1011 1018; x_wconf 84' lang='lat' dir='ltr'>quemdam</span> <span class='ocrx_word' id='word_1_21' title='bbox 1043 933 1174 1026; x_wconf 88' lang='lat' dir='ltr'><strong>(neque</strong></span> 
     </span>
     <span class='ocr_line' id='line_1_4' title="bbox 106 1029 1174 1118; baseline 0.007 -24"><span class='ocrx_word' id='word_1_22' title='bbox 106 1054 226 1095; x_wconf 87' lang='lat' dir='ltr'><strong>nomen</strong></span> <span class='ocrx_word' id='word_1_23' title='bbox 243 1029 404 1117; x_wconf 84' lang='lat' dir='ltr'>traditur)</span> <span class='ocrx_word' id='word_1_24' title='bbox 424 1033 478 1094; x_wconf 90' lang='lat' dir='ltr'><strong>cui</strong></span> <span class='ocrx_word' id='word_1_25' title='bbox 499 1054 582 1118; x_wconf 93' lang='lat' dir='ltr'><strong>pons</strong></span> <span class='ocrx_word' id='word_1_26' title='bbox 603 1047 731 1097; x_wconf 89' lang='lat' dir='ltr'><strong>tantum</strong></span> <span class='ocrx_word' id='word_1_27' title='bbox 746 1033 864 1097; x_wconf 91' lang='lat' dir='ltr'><strong>unicus</strong></span> <span class='ocrx_word' id='word_1_28' title='bbox 881 1033 1001 1114; x_wconf 82' lang='lat' dir='ltr'><strong>fuerit,</strong></span> <span class='ocrx_word' id='word_1_29' title='bbox 1019 1037 1174 1117; x_wconf 88' lang='lat' dir='ltr'><strong>majorem</strong></span> 
     </span>
     <span class='ocr_line' id='line_1_5' title="bbox 105 1133 581 1221; baseline 0.006 -27"><span class='ocrx_word' id='word_1_30' title='bbox 105 1134 273 1221; x_wconf 87' lang='lat' dir='ltr'><strong>copiarum</strong></span> <span class='ocrx_word' id='word_1_31' title='bbox 288 1149 413 1221; x_wconf 87' lang='lat' dir='ltr'><strong>partem</strong></span> <span class='ocrx_word' id='word_1_32' title='bbox 427 1133 581 1197; x_wconf 91' lang='lat' dir='ltr'><strong>amisisse.</strong></span> 
     </span>
    </p>

    <p class='ocr_par' dir='ltr' id='par_1_3' title="bbox 104 1233 1178 2034">
     <span class='ocr_line' id='line_1_6' title="bbox 150 1233 1174 1322; baseline 0.005 -23"><span class='ocrx_word' id='word_1_33' title='bbox 150 1237 265 1299; x_wconf 87' lang='lat' dir='ltr'>LVIII.</span> <span class='ocrx_word' id='word_1_34' title='bbox 285 1235 386 1298; x_wconf 84' lang='lat' dir='ltr'><strong>Teani</strong></span> <span class='ocrx_word' id='word_1_35' title='bbox 403 1233 521 1299; x_wconf 90' lang='lat' dir='ltr'><strong>deinde</strong></span> <span class='ocrx_word' id='word_1_36' title='bbox 539 1234 739 1322; x_wconf 88' lang='lat' dir='ltr'><strong>(Sidicinum</strong></span> <span class='ocrx_word' id='word_1_37' title='bbox 757 1235 857 1301; x_wconf 88' lang='lat' dir='ltr'><strong>fuisse</strong></span> <span class='ocrx_word' id='word_1_38' title='bbox 878 1236 1073 1317; x_wconf 91' lang='lat' dir='ltr'><strong>conjecturis</strong></span> <span class='ocrx_word' id='word_1_39' title='bbox 1090 1262 1174 1304; x_wconf 91' lang='lat' dir='ltr'><strong>asse·</strong></span> 
     </span>
     <span class='ocr_line' id='line_1_7' title="bbox 105 1335 1175 1433; baseline 0.007 -35"><span class='ocrx_word' id='word_1_40' title='bbox 105 1336 211 1422; x_wconf 90' lang='lat' dir='ltr'><strong>quor)</strong></span> <span class='ocrx_word' id='word_1_41' title='bbox 228 1337 261 1398; x_wconf 92' lang='lat' dir='ltr'><strong>in</strong></span> <span class='ocrx_word' id='word_1_42' title='bbox 274 1335 397 1433; x_wconf 88' lang='lat' dir='ltr'><strong>oppido</strong></span> <span class='ocrx_word' id='word_1_43' title='bbox 408 1336 537 1399; x_wconf 91' lang='lat' dir='ltr'><strong>munito</strong></span> <span class='ocrx_word' id='word_1_44' title='bbox 551 1351 584 1399; x_wconf 91' lang='lat' dir='ltr'><strong>et</strong></span> <span class='ocrx_word' id='word_1_45' title='bbox 596 1336 747 1425; x_wconf 89' lang='lat' dir='ltr'><strong>copioso,</strong></span> <span class='ocrx_word' id='word_1_46' title='bbox 760 1339 1032 1403; x_wconf 86' lang='lat' dir='ltr'><strong>concurrentibus</strong></span> <span class='ocrx_word' id='word_1_47' title='bbox 1045 1339 1175 1405; x_wconf 84' lang='lat' dir='ltr'><strong>adeum</strong></span> 
     </span>
     <span class='ocr_line' id='line_1_8' title="bbox 105 1437 1176 1526; baseline 0.004 -26"><span class='ocrx_word' id='word_1_48' title='bbox 105 1454 237 1500; x_wconf 86' lang='lat' dir='ltr'><strong>strenue</strong></span> <span class='ocrx_word' id='word_1_49' title='bbox 261 1439 352 1501; x_wconf 91' lang='lat' dir='ltr'><strong>novis</strong></span> <span class='ocrx_word' id='word_1_50' title='bbox 373 1437 547 1519; x_wconf 86' lang='lat' dir='ltr'><strong>militibus,</strong></span> <span class='ocrx_word' id='word_1_51' title='bbox 571 1438 749 1502; x_wconf 82' lang='lat' dir='ltr'><strong>exercitum</strong></span> <span class='ocrx_word' id='word_1_52' title='bbox 774 1453 806 1502; x_wconf 92' lang='lat' dir='ltr'><strong>et</strong></span> <span class='ocrx_word' id='word_1_53' title='bbox 823 1462 912 1503; x_wconf 87' lang='lat' dir='ltr'><strong>arma</strong></span> <span class='ocrx_word' id='word_1_54' title='bbox 936 1438 1033 1526; x_wconf 90' lang='lat' dir='ltr'><strong>(nam</strong></span> <span class='ocrx_word' id='word_1_55' title='bbox 1054 1457 1087 1504; x_wconf 87' lang='lat' dir='ltr'><strong>et</strong></span> <span class='ocrx_word' id='word_1_56' title='bbox 1107 1442 1176 1505; x_wconf 84' lang='lat' dir='ltr'><strong>lraec</strong></span> 
     </span>
     <span class='ocr_line' id='line_1_9' title="bbox 106 1538 1178 1629; baseline 0.005 -28"><span class='ocrx_word' id='word_1_57' title='bbox 106 1540 190 1602; x_wconf 83' lang='lat' dir='ltr'><strong>iuter</strong></span> <span class='ocrx_word' id='word_1_58' title='bbox 222 1539 415 1629; x_wconf 84' lang='lat' dir='ltr'><strong>fugiendum</strong></span> <span class='ocrx_word' id='word_1_59' title='bbox 442 1541 586 1628; x_wconf 86' lang='lat' dir='ltr'><strong>projecta</strong></span> <span class='ocrx_word' id='word_1_60' title='bbox 612 1538 762 1627; x_wconf 88' lang='lat' dir='ltr'><strong>fuerant)</strong></span> <span class='ocrx_word' id='word_1_61' title='bbox 789 1562 964 1629; x_wconf 81' lang='lat' dir='ltr'><strong>reparasse.</strong></span> <span class='ocrx_word' id='word_1_62' title='bbox 998 1541 1178 1607; x_wconf 88' lang='lat' dir='ltr'><strong>Obsidebat</strong></span> 
     </span>
     <span class='ocr_line' id='line_1_10' title="bbox 105 1640 1176 1730; baseline 0.007 -28"><span class='ocrx_word' id='word_1_63' title='bbox 105 1640 213 1703; x_wconf 88' lang='lat' dir='ltr'><strong>adhuc</strong></span> <span class='ocrx_word' id='word_1_64' title='bbox 231 1646 367 1706; x_wconf 82' lang='lat' dir='ltr'><strong>Acerras</strong></span> <span class='ocrx_word' id='word_1_65' title='bbox 385 1642 419 1704; x_wconf 91' lang='lat' dir='ltr'><strong>in</strong></span> <span class='ocrx_word' id='word_1_66' title='bbox 440 1641 616 1730; x_wconf 83' lang='lat' dir='ltr'><strong>Campania</strong></span> <span class='ocrx_word' id='word_1_67' title='bbox 632 1643 668 1705; x_wconf 90' lang='lat' dir='ltr'><strong>C.</strong></span> <span class='ocrx_word' id='word_1_68' title='bbox 687 1640 825 1730; x_wconf 88' lang='lat' dir='ltr'><strong>Papius,</strong></span> <span class='ocrx_word' id='word_1_69' title='bbox 844 1641 885 1706; x_wconf 91' lang='lat' dir='ltr'><strong>ad</strong></span> <span class='ocrx_word' id='word_1_70' title='bbox 901 1664 981 1730; x_wconf 90' lang='lat' dir='ltr'><strong>quas</strong></span> <span class='ocrx_word' id='word_1_71' title='bbox 994 1643 1176 1728; x_wconf 88' lang='lat' dir='ltr'><strong>liberandas</strong></span> 
     </span>
     <span class='ocr_line' id='line_1_11' title="bbox 104 1741 1177 1833; baseline 0.004 -30"><span class='ocrx_word' id='word_1_72' title='bbox 104 1744 211 1807; x_wconf 91' lang='lat' dir='ltr'><strong>omnis</strong></span> <span class='ocrx_word' id='word_1_73' title='bbox 224 1744 275 1807; x_wconf 90' lang='lat' dir='ltr'><strong>illa</strong></span> <span class='ocrx_word' id='word_1_74' title='bbox 287 1742 443 1807; x_wconf 89' lang='lat' dir='ltr'><strong>videtura</strong></span> <span class='ocrx_word' id='word_1_75' title='bbox 455 1743 589 1806; x_wconf 87' lang='lat' dir='ltr'><strong>consule</strong></span> <span class='ocrx_word' id='word_1_76' title='bbox 603 1757 751 1830; x_wconf 90' lang='lat' dir='ltr'><strong>suscepta</strong></span> <span class='ocrx_word' id='word_1_77' title='bbox 762 1741 861 1806; x_wconf 80' lang='lat' dir='ltr'><strong>fuisse</strong></span> <span class='ocrx_word' id='word_1_78' title='bbox 872 1741 1046 1830; x_wconf 84' lang='lat' dir='ltr'><strong>expeditio.</strong></span> <span class='ocrx_word' id='word_1_79' title='bbox 1061 1744 1177 1833; x_wconf 83' lang='lat' dir='ltr'><strong>Igitur,</strong></span> 
     </span>
     <span class='ocr_line' id='line_1_12' title="bbox 104 1844 1178 1936; baseline 0.004 -29"><span class='ocrx_word' id='word_1_80' title='bbox 104 1846 348 1933; x_wconf 86' lang='lat' dir='ltr'><strong>quamprimum</strong></span> <span class='ocrx_word' id='word_1_81' title='bbox 362 1863 543 1932; x_wconf 88' lang='lat' dir='ltr'><strong>utcumque</strong></span> <span class='ocrx_word' id='word_1_82' title='bbox 556 1845 741 1908; x_wconf 67' lang='lat' dir='ltr'><strong>instaurata&gt;</strong></span> <span class='ocrx_word' id='word_1_83' title='bbox 754 1844 837 1909; x_wconf 85' lang='lat' dir='ltr'><strong>vires</strong></span> <span class='ocrx_word' id='word_1_84' title='bbox 848 1845 1052 1933; x_wconf 89' lang='lat' dir='ltr'><strong>placuerunt,</strong></span> <span class='ocrx_word' id='word_1_85' title='bbox 1064 1861 1098 1909; x_wconf 91' lang='lat' dir='ltr'><strong>et</strong></span> <span class='ocrx_word' id='word_1_86' title='bbox 1109 1847 1178 1936; x_wconf 86' lang='lat' dir='ltr'><strong>ipsc</strong></span> 
     </span>
     <span class='ocr_line' id='line_1_13' title="bbox 105 1944 875 2034; baseline 0.001 -25"><span class='ocrx_word' id='word_1_87' title='bbox 105 1949 208 2010; x_wconf 87' lang='lat' dir='ltr'><strong>movit</strong></span> <span class='ocrx_word' id='word_1_88' title='bbox 222 1950 374 2027; x_wconf 83' lang='lat' dir='ltr'><strong>Acerras,</strong></span> <span class='ocrx_word' id='word_1_89' title='bbox 391 1945 569 2033; x_wconf 84' lang='lat' dir='ltr'><strong>castrisque</strong></span> <span class='ocrx_word' id='word_1_90' title='bbox 586 1944 700 2034; x_wconf 89' lang='lat' dir='ltr'><strong>positis</strong></span> <span class='ocrx_word' id='word_1_91' title='bbox 717 1945 875 2010; x_wconf 89' lang='lat' dir='ltr'><strong>consedit.</strong></span> 
     </span>
    </p>

    <p class='ocr_par' dir='ltr' id='par_1_4' title="bbox 104 2046 1177 2920">
     <span class='ocr_line' id='line_1_14' title="bbox 149 2046 1177 2137; baseline 0.002 -26"><span class='ocrx_word' id='word_1_92' title='bbox 149 2050 232 2113; x_wconf 90' lang='lat' dir='ltr'>LIX.</span> <span class='ocrx_word' id='word_1_93' title='bbox 255 2049 367 2113; x_wconf 88' lang='lat' dir='ltr'><strong>Socios</strong></span> <span class='ocrx_word' id='word_1_94' title='bbox 393 2049 484 2137; x_wconf 91' lang='lat' dir='ltr'><strong>prior</strong></span> <span class='ocrx_word' id='word_1_95' title='bbox 508 2047 638 2125; x_wconf 89' lang='lat' dir='ltr'><strong>clades,</strong></span> <span class='ocrx_word' id='word_1_96' title='bbox 664 2046 831 2111; x_wconf 89' lang='lat' dir='ltr'><strong>consulem</strong></span> <span class='ocrx_word' id='word_1_97' title='bbox 857 2069 990 2128; x_wconf 88' lang='lat' dir='ltr'><strong>recens,</strong></span> <span class='ocrx_word' id='word_1_98' title='bbox 1015 2064 1054 2112; x_wconf 93' lang='lat' dir='ltr'><strong>ut</strong></span> <span class='ocrx_word' id='word_1_99' title='bbox 1080 2049 1177 2113; x_wconf 90' lang='lat' dir='ltr'><strong>solito</strong></span> 
     </span>
     <span class='ocr_line' id='line_1_15' title="bbox 104 2147 1176 2254; baseline 0.001 -41"><span class='ocrx_word' id='word_1_100' title='bbox 104 2153 264 2214; x_wconf 86' lang='lat' dir='ltr'><strong>cautiores</strong></span> <span class='ocrx_word' id='word_1_101' title='bbox 284 2167 409 2226; x_wconf 88' lang='lat' dir='ltr'><strong>essent,</strong></span> <span class='ocrx_word' id='word_1_102' title='bbox 429 2149 655 2214; x_wconf 90' lang='lat' dir='ltr'><strong>admonuerat.</strong></span> <span class='ocrx_word' id='word_1_103' title='bbox 680 2148 732 2211; x_wconf 91' lang='lat' dir='ltr'><strong>Sic</strong></span> <span class='ocrx_word' id='word_1_104' title='bbox 753 2147 900 2236; x_wconf 92' lang='lat' dir='ltr'><strong>utrisque</strong></span> <span class='ocrx_word' id='word_1_105' title='bbox 926 2171 1037 2212; x_wconf 88' lang='lat' dir='ltr'><strong>casum</strong></span> <span class='ocrx_word' id='word_1_106' title='bbox 1057 2172 1176 2254; x_wconf 76' lang='lat' dir='ltr'><strong>pugnae</strong></span> 
     </span>
     <span class='ocr_line' id='line_1_16' title="bbox 104 2249 1176 2340; baseline 0.001 -26"><span class='ocrx_word' id='word_1_107' title='bbox 104 2252 250 2317; x_wconf 84' lang='lat' dir='ltr'><strong>studiose</strong></span> <span class='ocrx_word' id='word_1_108' title='bbox 261 2253 456 2335; x_wconf 86' lang='lat' dir='ltr'><strong>vitantibus,</strong></span> <span class='ocrx_word' id='word_1_109' title='bbox 468 2250 658 2340; x_wconf 86' lang='lat' dir='ltr'><strong>aliquandiu</strong></span> <span class='ocrx_word' id='word_1_110' title='bbox 675 2251 746 2314; x_wconf 90' lang='lat' dir='ltr'><strong>sinc</strong></span> <span class='ocrx_word' id='word_1_111' title='bbox 760 2249 964 2314; x_wconf 87' lang='lat' dir='ltr'><strong>memorabili</strong></span> <span class='ocrx_word' id='word_1_112' title='bbox 976 2250 1045 2314; x_wconf 91' lang='lat' dir='ltr'><strong>ullo</strong></span> <span class='ocrx_word' id='word_1_113' title='bbox 1057 2268 1176 2315; x_wconf 89' lang='lat' dir='ltr'><strong>eventu</strong></span> 
     </span>
     <span class='ocr_line' id='line_1_17' title="bbox 104 2352 1176 2435; baseline 0.002 -20"><span class='ocrx_word' id='word_1_114' title='bbox 104 2354 218 2418; x_wconf 91' lang='lat' dir='ltr'><strong>collata</strong></span> <span class='ocrx_word' id='word_1_115' title='bbox 246 2355 357 2420; x_wconf 90' lang='lat' dir='ltr'><strong>castris</strong></span> <span class='ocrx_word' id='word_1_116' title='bbox 385 2370 487 2419; x_wconf 89' lang='lat' dir='ltr'><strong>castra</strong></span> <span class='ocrx_word' id='word_1_117' title='bbox 510 2353 707 2420; x_wconf 89' lang='lat' dir='ltr'><strong>habuerunt.</strong></span> <span class='ocrx_word' id='word_1_118' title='bbox 736 2353 866 2416; x_wconf 87' lang='lat' dir='ltr'><strong>Interea</strong></span> <span class='ocrx_word' id='word_1_119' title='bbox 892 2353 929 2417; x_wconf 93' lang='lat' dir='ltr'><strong>C.</strong></span> <span class='ocrx_word' id='word_1_120' title='bbox 960 2352 1105 2435; x_wconf 87' lang='lat' dir='ltr'><strong>Marius,</strong></span> <span class='ocrx_word' id='word_1_121' title='bbox 1135 2354 1176 2417; x_wconf 92' lang='lat' dir='ltr'><strong>ad</strong></span> 
     </span>
     <span class='ocr_line' id='line_1_18' title="bbox 104 2453 1176 2545; baseline 0.001 -27"><span class='ocrx_word' id='word_1_122' title='bbox 104 2479 201 2541; x_wconf 91' lang='lat' dir='ltr'><strong>quem</strong></span> <span class='ocrx_word' id='word_1_123' title='bbox 219 2457 361 2521; x_wconf 88' lang='lat' dir='ltr'><strong>rutiliani</strong></span> <span class='ocrx_word' id='word_1_124' title='bbox 377 2456 525 2545; x_wconf 91' lang='lat' dir='ltr'><strong>imperii,</strong></span> <span class='ocrx_word' id='word_1_125' title='bbox 541 2471 616 2544; x_wconf 92' lang='lat' dir='ltr'><strong>post</strong></span> <span class='ocrx_word' id='word_1_126' title='bbox 629 2455 826 2518; x_wconf 84' lang='lat' dir='ltr'><strong>exstinctum</strong></span> <span class='ocrx_word' id='word_1_127' title='bbox 843 2453 1030 2534; x_wconf 93' lang='lat' dir='ltr'><strong>consulem,</strong></span> <span class='ocrx_word' id='word_1_128' title='bbox 1049 2477 1176 2519; x_wconf 91' lang='lat' dir='ltr'><strong>summa</strong></span> 
     </span>
     <span class='ocr_line' id='line_1_19' title="bbox 104 2556 1176 2647; baseline 0.003 -29"><span class='ocrx_word' id='word_1_129' title='bbox 104 2558 257 2640; x_wconf 88' lang='lat' dir='ltr'><strong>redierat,</strong></span> <span class='ocrx_word' id='word_1_130' title='bbox 277 2559 359 2622; x_wconf 90' lang='lat' dir='ltr'><strong>male</strong></span> <span class='ocrx_word' id='word_1_131' title='bbox 381 2574 528 2647; x_wconf 91' lang='lat' dir='ltr'><strong>spretum</strong></span> <span class='ocrx_word' id='word_1_132' title='bbox 550 2557 591 2620; x_wconf 91' lang='lat' dir='ltr'><strong>ab</strong></span> <span class='ocrx_word' id='word_1_133' title='bbox 614 2556 670 2619; x_wconf 92' lang='lat' dir='ltr'><strong>illo</strong></span> <span class='ocrx_word' id='word_1_134' title='bbox 686 2556 867 2632; x_wconf 85' lang='lat' dir='ltr'><strong>consilium</strong></span> <span class='ocrx_word' id='word_1_135' title='bbox 892 2572 1073 2642; x_wconf 89' lang='lat' dir='ltr'><strong>sequutus,</strong></span> <span class='ocrx_word' id='word_1_136' title='bbox 1099 2580 1176 2622; x_wconf 89' lang='lat' dir='ltr'><strong>suos</strong></span> 
     </span>
     <span class='ocr_line' id='line_1_20' title="bbox 105 2655 1176 2738; baseline 0.004 -20"><span class='ocrx_word' id='word_1_137' title='bbox 105 2659 187 2721; x_wconf 88' lang='lat' dir='ltr'><strong>intra</strong></span> <span class='ocrx_word' id='word_1_138' title='bbox 206 2661 410 2722; x_wconf 86' lang='lat' dir='ltr'><strong>munimenta</strong></span> <span class='ocrx_word' id='word_1_139' title='bbox 430 2673 639 2738; x_wconf 75' lang='lat' dir='ltr'><strong>exercuerat,</strong></span> <span class='ocrx_word' id='word_1_140' title='bbox 658 2655 765 2719; x_wconf 89' lang='lat' dir='ltr'><strong>donec</strong></span> <span class='ocrx_word' id='word_1_141' title='bbox 780 2657 891 2719; x_wconf 89' lang='lat' dir='ltr'><strong>hostes</strong></span> <span class='ocrx_word' id='word_1_142' title='bbox 910 2657 942 2718; x_wconf 93' lang='lat' dir='ltr'><strong>in</strong></span> <span class='ocrx_word' id='word_1_143' title='bbox 966 2679 1037 2719; x_wconf 89' lang='lat' dir='ltr'><strong>eam</strong></span> <span class='ocrx_word' id='word_1_144' title='bbox 1054 2659 1176 2722; x_wconf 89' lang='lat' dir='ltr'><strong>securi-</strong></span> 
     </span>
     <span class='ocr_line' id='line_1_21' title="bbox 106 2757 1176 2843; baseline 0.007 -27"><span class='ocrx_word' id='word_1_145' title='bbox 106 2773 202 2818; x_wconf 83' lang='lat' dir='ltr'><strong>tatem</strong></span> <span class='ocrx_word' id='word_1_146' title='bbox 223 2757 374 2837; x_wconf 85' lang='lat' dir='ltr'><strong>adduxit,</strong></span> <span class='ocrx_word' id='word_1_147' title='bbox 394 2773 431 2819; x_wconf 92' lang='lat' dir='ltr'><strong>ut</strong></span> <span class='ocrx_word' id='word_1_148' title='bbox 453 2779 624 2843; x_wconf 85' lang='lat' dir='ltr'><strong>nunquam</strong></span> <span class='ocrx_word' id='word_1_149' title='bbox 642 2778 676 2819; x_wconf 91' lang='lat' dir='ltr'><strong>se</strong></span> <span class='ocrx_word' id='word_1_150' title='bbox 688 2757 816 2820; x_wconf 82' lang='lat' dir='ltr'><strong>visuros</strong></span> <span class='ocrx_word' id='word_1_151' title='bbox 830 2779 926 2842; x_wconf 74' lang='lat' dir='ltr'><strong>aequo</strong></span> <span class='ocrx_word' id='word_1_152' title='bbox 945 2758 1018 2821; x_wconf 89' lang='lat' dir='ltr'><strong>loco</strong></span> <span class='ocrx_word' id='word_1_153' title='bbox 1035 2759 1176 2823; x_wconf 88' lang='lat' dir='ltr'><strong>Marium</strong></span> 
     </span>
     <span class='ocr_line' id='line_1_22' title="bbox 104 2873 334 2920; baseline 0.017 -4"><span class='ocrx_word' id='word_1_154' title='bbox 104 2873 334 2920; x_wconf 72' lang='lat' dir='ltr'><strong>existimarent.</strong></span> 
     </span>
    </p>

    <p class='ocr_par' dir='ltr' id='par_1_5' title="bbox 103 2957 1176 3852">
     <span class='ocr_line' id='line_1_23' title="bbox 148 2957 1176 3049; baseline 0.004 -28"><span class='ocrx_word' id='word_1_155' title='bbox 148 2960 215 3023; x_wconf 88' lang='lat' dir='ltr'><strong>LX.</strong></span> <span class='ocrx_word' id='word_1_156' title='bbox 236 2959 340 3047; x_wconf 82' lang='lat' dir='ltr'><strong>Igitur</strong></span> <span class='ocrx_word' id='word_1_157' title='bbox 357 2981 459 3046; x_wconf 91' lang='lat' dir='ltr'><strong>quum</strong></span> <span class='ocrx_word' id='word_1_158' title='bbox 478 2980 562 3045; x_wconf 78' lang='lat' dir='ltr'><strong>saepe</strong></span> <span class='ocrx_word' id='word_1_159' title='bbox 574 2957 676 3046; x_wconf 84' lang='lat' dir='ltr'><strong>copiis</strong></span> <span class='ocrx_word' id='word_1_160' title='bbox 689 2972 764 3020; x_wconf 90' lang='lat' dir='ltr'><strong>aute</strong></span> <span class='ocrx_word' id='word_1_161' title='bbox 780 2973 882 3021; x_wconf 83' lang='lat' dir='ltr'><strong>castra</strong></span> <span class='ocrx_word' id='word_1_162' title='bbox 898 2958 1065 3023; x_wconf 89' lang='lat' dir='ltr'><strong>instructis</strong></span> <span class='ocrx_word' id='word_1_163' title='bbox 1082 2977 1176 3049; x_wconf 92' lang='lat' dir='ltr'><strong>pote-</strong></span> 
     </span>
     <span class='ocr_line' id='line_1_24' title="bbox 104 3059 1175 3148; baseline 0.007 -29"><span class='ocrx_word' id='word_1_164' title='bbox 104 3075 219 3122; x_wconf 82' lang='lat' dir='ltr'><strong>statem</strong></span> <span class='ocrx_word' id='word_1_165' title='bbox 250 3083 368 3148; x_wconf 72' lang='lat' dir='ltr'><strong>pugnae</strong></span> <span class='ocrx_word' id='word_1_166' title='bbox 400 3060 518 3122; x_wconf 82' lang='lat' dir='ltr'><strong>frustra</strong></span> <span class='ocrx_word' id='word_1_167' title='bbox 545 3059 696 3122; x_wconf 86' lang='lat' dir='ltr'><strong>fecissent</strong></span> <span class='ocrx_word' id='word_1_168' title='bbox 721 3059 844 3141; x_wconf 88' lang='lat' dir='ltr'><strong>Marsi,</strong></span> <span class='ocrx_word' id='word_1_169' title='bbox 876 3059 1055 3124; x_wconf 84' lang='lat' dir='ltr'><strong>adhibitam</strong></span> <span class='ocrx_word' id='word_1_170' title='bbox 1082 3063 1175 3126; x_wconf 88' lang='lat' dir='ltr'><strong>initio</strong></span> 
     </span>
     <span class='ocr_line' id='line_1_25' title="bbox 104 3159 1175 3250; baseline 0.005 -28"><span class='ocrx_word' id='word_1_171' title='bbox 104 3184 214 3224; x_wconf 86' lang='lat' dir='ltr'><strong>curam</strong></span> <span class='ocrx_word' id='word_1_172' title='bbox 227 3161 382 3250; x_wconf 89' lang='lat' dir='ltr'><strong>paulatim</strong></span> <span class='ocrx_word' id='word_1_173' title='bbox 396 3161 601 3224; x_wconf 88' lang='lat' dir='ltr'><strong>remiserunt.</strong></span> <span class='ocrx_word' id='word_1_174' title='bbox 620 3159 683 3224; x_wconf 88' lang='lat' dir='ltr'><strong>Sed</strong></span> <span class='ocrx_word' id='word_1_175' title='bbox 698 3161 756 3224; x_wconf 93' lang='lat' dir='ltr'><strong>ubi</strong></span> <span class='ocrx_word' id='word_1_176' title='bbox 771 3161 846 3225; x_wconf 89' lang='lat' dir='ltr'><strong>satis</strong></span> <span class='ocrx_word' id='word_1_177' title='bbox 862 3161 950 3250; x_wconf 86' lang='lat' dir='ltr'><strong>apud</strong></span> <span class='ocrx_word' id='word_1_178' title='bbox 964 3186 1042 3226; x_wconf 89' lang='lat' dir='ltr'><strong>suos</strong></span> <span class='ocrx_word' id='word_1_179' title='bbox 1056 3165 1175 3246; x_wconf 90' lang='lat' dir='ltr'><strong>animi,</strong></span> 
     </span>
     <span class='ocr_line' id='line_1_26' title="bbox 103 3262 1175 3351; baseline 0.006 -26"><span class='ocrx_word' id='word_1_180' title='bbox 103 3280 135 3326; x_wconf 87' lang='lat' dir='ltr'><strong>ct</strong></span> <span class='ocrx_word' id='word_1_181' title='bbox 153 3263 241 3351; x_wconf 87' lang='lat' dir='ltr'><strong>apud</strong></span> <span class='ocrx_word' id='word_1_182' title='bbox 257 3264 367 3327; x_wconf 90' lang='lat' dir='ltr'><strong>hostes</strong></span> <span class='ocrx_word' id='word_1_183' title='bbox 392 3262 595 3351; x_wconf 83' lang='lat' dir='ltr'><strong>negligentiae</strong></span> <span class='ocrx_word' id='word_1_184' title='bbox 617 3263 862 3345; x_wconf 90' lang='lat' dir='ltr'><strong>animadvertit,</strong></span> <span class='ocrx_word' id='word_1_185' title='bbox 887 3265 1096 3330; x_wconf 88' lang='lat' dir='ltr'><strong>lacessentem</strong></span> <span class='ocrx_word' id='word_1_186' title='bbox 1115 3268 1175 3331; x_wconf 90' lang='lat' dir='ltr'><strong>ali-</strong></span> 
     </span>
     <span class='ocr_line' id='line_1_27' title="bbox 103 3360 1176 3455; baseline 0.006 -27"><span class='ocrx_word' id='word_1_187' title='bbox 103 3365 235 3452; x_wconf 92' lang='lat' dir='ltr'><strong>quando</strong></span> <span class='ocrx_word' id='word_1_188' title='bbox 260 3365 413 3430; x_wconf 83' lang='lat' dir='ltr'><strong>ferociter</strong></span> <span class='ocrx_word' id='word_1_189' title='bbox 432 3364 561 3428; x_wconf 90' lang='lat' dir='ltr'><strong>hostem</strong></span> <span class='ocrx_word' id='word_1_190' title='bbox 583 3365 694 3430; x_wconf 91' lang='lat' dir='ltr'><strong>subito</strong></span> <span class='ocrx_word' id='word_1_191' title='bbox 716 3389 862 3455; x_wconf 85' lang='lat' dir='ltr'><strong>egressus</strong></span> <span class='ocrx_word' id='word_1_192' title='bbox 885 3366 996 3455; x_wconf 90' lang='lat' dir='ltr'><strong>praelio</strong></span> <span class='ocrx_word' id='word_1_193' title='bbox 1020 3360 1122 3450; x_wconf 81' lang='lat' dir='ltr'><strong>fudit,</strong></span> <span class='ocrx_word' id='word_1_194' title='bbox 1142 3387 1176 3434; x_wconf 91' lang='lat' dir='ltr'><strong>et</strong></span> 
     </span>
     <span class='ocr_line' id='line_1_28' title="bbox 103 3465 1176 3555; baseline 0.008 -29"><span class='ocrx_word' id='word_1_195' title='bbox 103 3465 283 3553; x_wconf 84' lang='lat' dir='ltr'><strong>fugientem</strong></span> <span class='ocrx_word' id='word_1_196' title='bbox 303 3465 346 3529; x_wconf 89' lang='lat' dir='ltr'><strong>ad</strong></span> <span class='ocrx_word' id='word_1_197' title='bbox 358 3465 505 3553; x_wconf 86' lang='lat' dir='ltr'><strong>proxima</strong></span> <span class='ocrx_word' id='word_1_198' title='bbox 525 3466 632 3530; x_wconf 86' lang='lat' dir='ltr'><strong>vineta</strong></span> <span class='ocrx_word' id='word_1_199' title='bbox 651 3467 845 3555; x_wconf 85' lang='lat' dir='ltr'><strong>insequutus</strong></span> <span class='ocrx_word' id='word_1_200' title='bbox 868 3485 926 3532; x_wconf 91' lang='lat' dir='ltr'><strong>est.</strong></span> <span class='ocrx_word' id='word_1_201' title='bbox 945 3468 994 3531; x_wconf 93' lang='lat' dir='ltr'><strong>Ibi</strong></span> <span class='ocrx_word' id='word_1_202' title='bbox 1015 3492 1056 3532; x_wconf 90' lang='lat' dir='ltr'><strong>ne</strong></span> <span class='ocrx_word' id='word_1_203' title='bbox 1072 3486 1176 3535; x_wconf 89' lang='lat' dir='ltr'><strong>trans·</strong></span> 
     </span>
     <span class='ocr_line' id='line_1_29' title="bbox 103 3566 1175 3660; baseline 0.007 -31"><span class='ocrx_word' id='word_1_204' title='bbox 103 3567 295 3631; x_wconf 83' lang='lat' dir='ltr'><strong>scandendis</strong></span> <span class='ocrx_word' id='word_1_205' title='bbox 311 3569 462 3656; x_wconf 90' lang='lat' dir='ltr'><strong>sepibus,</strong></span> <span class='ocrx_word' id='word_1_206' title='bbox 478 3566 567 3655; x_wconf 90' lang='lat' dir='ltr'><strong>quod</strong></span> <span class='ocrx_word' id='word_1_207' title='bbox 583 3569 625 3632; x_wconf 87' lang='lat' dir='ltr'><strong>ab</strong></span> <span class='ocrx_word' id='word_1_208' title='bbox 646 3568 795 3633; x_wconf 90' lang='lat' dir='ltr'><strong>hostibus</strong></span> <span class='ocrx_word' id='word_1_209' title='bbox 816 3569 938 3633; x_wconf 82' lang='lat' dir='ltr'><strong>lactum</strong></span> <span class='ocrx_word' id='word_1_210' title='bbox 954 3594 1037 3660; x_wconf 83' lang='lat' dir='ltr'><strong>aegre</strong></span> <span class='ocrx_word' id='word_1_211' title='bbox 1051 3571 1175 3654; x_wconf 84' lang='lat' dir='ltr'><strong>fuerat,</strong></span> 
     </span>
     <span class='ocr_line' id='line_1_30' title="bbox 103 3668 1174 3760; baseline 0.007 -30"><span class='ocrx_word' id='word_1_212' title='bbox 103 3668 233 3732; x_wconf 91' lang='lat' dir='ltr'><strong>ordines</strong></span> <span class='ocrx_word' id='word_1_213' title='bbox 251 3669 499 3752; x_wconf 89' lang='lat' dir='ltr'><strong>divellerentur,</strong></span> <span class='ocrx_word' id='word_1_214' title='bbox 518 3669 709 3758; x_wconf 89' lang='lat' dir='ltr'><strong>insidiisque</strong></span> <span class='ocrx_word' id='word_1_215' title='bbox 729 3672 813 3734; x_wconf 88' lang='lat' dir='ltr'><strong>forte</strong></span> <span class='ocrx_word' id='word_1_216' title='bbox 834 3670 1009 3735; x_wconf 88' lang='lat' dir='ltr'><strong>latentibus</strong></span> <span class='ocrx_word' id='word_1_217' title='bbox 1032 3674 1174 3760; x_wconf 90' lang='lat' dir='ltr'><strong>aperire·</strong></span> 
     </span>
     <span class='ocr_line' id='line_1_31' title="bbox 104 3772 604 3852; baseline 0.004 -19"><span class='ocrx_word' id='word_1_218' title='bbox 104 3787 157 3834; x_wconf 90' lang='lat' dir='ltr'><strong>tur</strong></span> <span class='ocrx_word' id='word_1_219' title='bbox 173 3772 318 3852; x_wconf 86' lang='lat' dir='ltr'><strong>occasio,</strong></span> <span class='ocrx_word' id='word_1_220' title='bbox 336 3773 500 3836; x_wconf 90' lang='lat' dir='ltr'><strong>continuit</strong></span> <span class='ocrx_word' id='word_1_221' title='bbox 515 3795 604 3837; x_wconf 90' lang='lat' dir='ltr'><strong>suos.</strong></span> 
     </span>
    </p>

    <p class='ocr_par' dir='ltr' id='par_1_6' title="bbox 102 3871 1175 4367">
     <span class='ocr_line' id='line_1_32' title="bbox 147 3871 1175 3961; baseline 0.003 -27"><span class='ocrx_word' id='word_1_222' title='bbox 147 3874 231 3937; x_wconf 87' lang='lat' dir='ltr'><strong>LXI.</strong></span> <span class='ocrx_word' id='word_1_223' title='bbox 250 3875 318 3937; x_wconf 87' lang='lat' dir='ltr'><strong>Nec</strong></span> <span class='ocrx_word' id='word_1_224' title='bbox 337 3872 410 3936; x_wconf 92' lang='lat' dir='ltr'><strong>idco</strong></span> <span class='ocrx_word' id='word_1_225' title='bbox 426 3874 534 3936; x_wconf 91' lang='lat' dir='ltr'><strong>minor</strong></span> <span class='ocrx_word' id='word_1_226' title='bbox 549 3890 606 3936; x_wconf 91' lang='lat' dir='ltr'><strong>aut</strong></span> <span class='ocrx_word' id='word_1_227' title='bbox 624 3871 728 3936; x_wconf 84' lang='lat' dir='ltr'><strong>clades</strong></span> <span class='ocrx_word' id='word_1_228' title='bbox 742 3873 904 3953; x_wconf 90' lang='lat' dir='ltr'><strong>hostium,</strong></span> <span class='ocrx_word' id='word_1_229' title='bbox 924 3888 981 3936; x_wconf 90' lang='lat' dir='ltr'><strong>aut</strong></span> <span class='ocrx_word' id='word_1_230' title='bbox 994 3875 1107 3961; x_wconf 90' lang='lat' dir='ltr'><strong>populi</strong></span> <span class='ocrx_word' id='word_1_231' title='bbox 1122 3898 1175 3937; x_wconf 92' lang='lat' dir='ltr'><strong>ro-</strong></span> 
     </span>
     <span class='ocr_line' id='line_1_33' title="bbox 103 3973 1174 4057; baseline 0.002 -22"><span class='ocrx_word' id='word_1_232' title='bbox 103 3975 188 4036; x_wconf 88' lang='lat' dir='ltr'><strong>mani</strong></span> <span class='ocrx_word' id='word_1_233' title='bbox 209 3975 342 4038; x_wconf 88' lang='lat' dir='ltr'><strong>victoria</strong></span> <span class='ocrx_word' id='word_1_234' title='bbox 361 3976 502 4057; x_wconf 83' lang='lat' dir='ltr'><strong>exstitit;</strong></span> <span class='ocrx_word' id='word_1_235' title='bbox 521 3976 587 4056; x_wconf 89' lang='lat' dir='ltr'><strong>jam</strong></span> <span class='ocrx_word' id='word_1_236' title='bbox 605 3974 711 4053; x_wconf 89' lang='lat' dir='ltr'><strong>enim,</strong></span> <span class='ocrx_word' id='word_1_237' title='bbox 727 3973 872 4036; x_wconf 81' lang='lat' dir='ltr'><strong>cessante</strong></span> <span class='ocrx_word' id='word_1_238' title='bbox 888 3973 1010 4054; x_wconf 86' lang='lat' dir='ltr'><strong>Mario,</strong></span> <span class='ocrx_word' id='word_1_239' title='bbox 1028 3974 1104 4038; x_wconf 87' lang='lat' dir='ltr'><strong>alias</strong></span> <span class='ocrx_word' id='word_1_240' title='bbox 1118 3998 1174 4037; x_wconf 91' lang='lat' dir='ltr'><strong>co·</strong></span> 
     </span>
     <span class='ocr_line' id='line_1_34' title="bbox 102 4073 1172 4164; baseline 0.003 -26"><span class='ocrx_word' id='word_1_241' title='bbox 102 4076 186 4162; x_wconf 91' lang='lat' dir='ltr'><strong>pias,</strong></span> <span class='ocrx_word' id='word_1_242' title='bbox 203 4099 221 4138; x_wconf 93' lang='lat' dir='ltr'><strong>a</strong></span> <span class='ocrx_word' id='word_1_243' title='bbox 240 4076 360 4162; x_wconf 90' lang='lat' dir='ltr'><strong>quibus</strong></span> <span class='ocrx_word' id='word_1_244' title='bbox 377 4076 441 4140; x_wconf 87' lang='lat' dir='ltr'><strong>fusi</strong></span> <span class='ocrx_word' id='word_1_245' title='bbox 458 4077 702 4164; x_wconf 86' lang='lat' dir='ltr'><strong>exciperentur,</strong></span> <span class='ocrx_word' id='word_1_246' title='bbox 723 4073 855 4139; x_wconf 89' lang='lat' dir='ltr'><strong>fortuna</strong></span> <span class='ocrx_word' id='word_1_247' title='bbox 872 4074 1068 4163; x_wconf 84' lang='lat' dir='ltr'><strong>providerat.</strong></span> <span class='ocrx_word' id='word_1_248' title='bbox 1086 4076 1172 4141; x_wconf 86' lang='lat' dir='ltr'><strong>Casu</strong></span> 
     </span>
     <span class='ocr_line' id='line_1_35' title="bbox 102 4175 1172 4265; baseline 0.005 -26"><span class='ocrx_word' id='word_1_249' title='bbox 102 4175 246 4263; x_wconf 90' lang='lat' dir='ltr'><strong>quodam</strong></span> <span class='ocrx_word' id='word_1_250' title='bbox 270 4177 358 4240; x_wconf 88' lang='lat' dir='ltr'><strong>Sulla</strong></span> <span class='ocrx_word' id='word_1_251' title='bbox 381 4200 421 4240; x_wconf 86' lang='lat' dir='ltr'><strong>ex</strong></span> <span class='ocrx_word' id='word_1_252' title='bbox 443 4177 576 4242; x_wconf 87' lang='lat' dir='ltr'><strong>adversa</strong></span> <span class='ocrx_word' id='word_1_253' title='bbox 601 4192 692 4265; x_wconf 86' lang='lat' dir='ltr'><strong>parte</strong></span> <span class='ocrx_word' id='word_1_254' title='bbox 721 4177 909 4258; x_wconf 85' lang='lat' dir='ltr'><strong>vinearum,</strong></span> <span class='ocrx_word' id='word_1_255' title='bbox 937 4176 1049 4239; x_wconf 89' lang='lat' dir='ltr'><strong>castris</strong></span> <span class='ocrx_word' id='word_1_256' title='bbox 1071 4178 1172 4244; x_wconf 92' lang='lat' dir='ltr'><strong>modo</strong></span> 
     </span>
     <span class='ocr_line' id='line_1_36' title="bbox 103 4275 1172 4367; baseline 0.004 -28"><span class='ocrx_word' id='word_1_257' title='bbox 103 4278 231 4364; x_wconf 88' lang='lat' dir='ltr'><strong>positis,</strong></span> <span class='ocrx_word' id='word_1_258' title='bbox 246 4279 451 4341; x_wconf 87' lang='lat' dir='ltr'><strong>commissam</strong></span> <span class='ocrx_word' id='word_1_259' title='bbox 467 4301 535 4341; x_wconf 88' lang='lat' dir='ltr'><strong>csse</strong></span> <span class='ocrx_word' id='word_1_260' title='bbox 550 4300 712 4367; x_wconf 83' lang='lat' dir='ltr'><strong>pugnam,</strong></span> <span class='ocrx_word' id='word_1_261' title='bbox 732 4279 840 4341; x_wconf 90' lang='lat' dir='ltr'><strong>nescio</strong></span> <span class='ocrx_word' id='word_1_262' title='bbox 857 4300 924 4366; x_wconf 92' lang='lat' dir='ltr'><strong>quo</strong></span> <span class='ocrx_word' id='word_1_263' title='bbox 941 4275 1081 4358; x_wconf 92' lang='lat' dir='ltr'><strong>indicio,</strong></span> <span class='ocrx_word' id='word_1_264' title='bbox 1098 4303 1172 4343; x_wconf 88' lang='lat' dir='ltr'><strong>scn-</strong></span> 
     </span>
    </p>
   </div>
   <div class='ocr_carea' id='block_1_3' title="bbox 136 4462 1154 4529">
    <p class='ocr_par' dir='ltr' id='par_1_7' title="bbox 136 4462 1154 4529">
     <span class='ocr_line' id='line_1_37' title="bbox 136 4462 1154 4529; baseline 0 -19"><span class='ocrx_word' id='word_1_265' title='bbox 136 4464 152 4527; x_wconf 80' lang='lat'><em>§</em></span> <span class='ocrx_word' id='word_1_266' title='bbox 164 4465 241 4511; x_wconf 79' lang='lat' dir='ltr'><strong>tvtt.</strong></span> <span class='ocrx_word' id='word_1_267' title='bbox 253 4464 359 4529; x_wconf 72' lang='lat' dir='ltr'><strong>Appiam.</strong></span> <span class='ocrx_word' id='word_1_268' title='bbox 371 4493 405 4502; x_wconf 89' lang='lat'>—</span> <span class='ocrx_word' id='word_1_269' title='bbox 416 4465 496 4514; x_wconf 86' lang='lat' dir='ltr'><strong>Strab.</strong></span> <span class='ocrx_word' id='word_1_270' title='bbox 509 4465 552 4513; x_wconf 90' lang='lat' dir='ltr'><strong>lib.</strong></span> <span class='ocrx_word' id='word_1_271' title='bbox 562 4467 609 4522; x_wconf 89' lang='lat' dir='ltr'><strong>VI,</strong></span> <span class='ocrx_word' id='word_1_272' title='bbox 619 4481 644 4528; x_wconf 91' lang='lat' dir='ltr'><strong>p.</strong></span> <span class='ocrx_word' id='word_1_273' title='bbox 655 4463 715 4511; x_wconf 70' lang='lat' dir='ltr'><strong>ass.</strong></span> <span class='ocrx_word' id='word_1_274' title='bbox 723 4490 758 4500; x_wconf 90' lang='lat'>—</span> <span class='ocrx_word' id='word_1_275' title='bbox 767 4462 783 4527; x_wconf 74' lang='lat' dir='ltr'>S</span> <span class='ocrx_word' id='word_1_276' title='bbox 793 4463 849 4511; x_wconf 78' lang='lat' dir='ltr'><strong>tx.</strong></span> <span class='ocrx_word' id='word_1_277' title='bbox 863 4463 915 4512; x_wconf 84' lang='lat' dir='ltr'><strong>Liv.</strong></span> <span class='ocrx_word' id='word_1_278' title='bbox 928 4463 994 4527; x_wconf 78' lang='lat' dir='ltr'><strong>Epir.</strong></span> <span class='ocrx_word' id='word_1_279' title='bbox 1004 4490 1037 4499; x_wconf 94' lang='lat'><em>-</em></span> <span class='ocrx_word' id='word_1_280' title='bbox 1048 4463 1154 4528; x_wconf 77' lang='lat' dir='ltr'><strong>Appiam</strong></span> 
     </span>
    </p>
   </div>
   <div class='ocr_carea' id='block_1_4' title="bbox 0 0 1302 4980">
    <p class='ocr_par' dir='ltr' id='par_1_8' title="bbox 0 0 1302 4980">
     <span class='ocr_line' id='line_1_38' title="bbox 0 0 1302 4980; baseline 0 0"><span class='ocrx_word' id='word_1_281' title='bbox 0 0 1302 4980; x_wconf 95' lang='lat' dir='ltr'><strong> </strong></span> 
     </span>
    </p>
   </div>
  </div>
 </body>
</html>
