2594 4980
114 687 181 758 160
291 690 726 763 JO.FRE1NSHEM11
756 694 1002 763 SUPPLEM.

151 814 265 878 XLVI.
287 814 331 877 Ut
346 830 455 878 autem
475 815 576 896 fame,
597 814 732 903 vigiliis,
748 813 931 896 laboribus,
949 830 984 879 et
1004 830 1091 879 metu
1107 815 1156 880 iu·

106 917 301 980 mittentium
317 917 475 999 confecti,
498 915 712 981 succumbere
729 932 778 981 tot
795 917 950 981 aerumnis
962 939 1099 1005 coepere,
1111 915 1156 981 de·

105 1017 214 1100 sertis,
231 1040 303 1104 quae
318 1019 441 1081 circum
457 1034 567 1098 erant,
583 1018 617 1081 in
630 1018 731 1105 ipsam
746 1015 847 1083 aedem
861 1040 896 1081 se
912 1018 1070 1083 inclusere
1082 1041 1090 1083 ε
1100 1040 1156 1083 aon

104 1117 194 1203 quod
212 1140 285 1206 spes
302 1119 366 1182 ulla
382 1135 584 1208 superesset,
608 1117 665 1183 sed
683 1118 749 1208 ipsa
768 1118 993 1206 desperatione
1009 1119 1111 1185 adhuc
1123 1142 1156 1185 ea

102 1234 188 1282 tecto
204 1217 280 1283 aedis
297 1242 366 1283 sese
381 1218 556 1284 defensuri.
567 1222 610 1284 At
621 1219 673 1283 ille
689 1220 916 1310 magniloquus
929 1237 962 1286 et
974 1221 1156 1287 inconcus:

100 1318 310 1384 firmitudinis
329 1335 506 1384 ostentator
522 1319 720 1402 Hasdrubal,
738 1322 829 1385 nullo
845 1323 998 1403 conscio,
1015 1346 1057 1387 ue
1071 1342 1156 1387 uxore

100 1421 236 1508 quidem
254 1435 312 1484 aut
328 1421 437 1485 liboris
455 1419 648 1504 admonitis,
665 1420 706 1486 ad
725 1444 830 1510 genua
847 1422 1006 1511 Scipionis
1025 1446 1097 1489 curn
1112 1445 1156 1487 n·

101 1522 161 1585 mis
184 1522 262 1586 oleae
279 1521 413 1609 supplex
434 1522 621 1608 procubuit.
646 1522 755 1608 Quem
777 1522 835 1587 ubi
856 1522 954 1612 pedes
977 1523 1156 1589 assidentem

99 1625 276 1711 proconsul
298 1621 441 1687 ostendit
460 1625 652 1714 transfugis,
672 1624 801 1689 silentio
819 1625 1008 1714 impetrato,
1026 1624 1156 1691 convitia

99 1725 249 1812 dirasque
261 1725 294 1786 in
304 1724 396 1786 illum
403 1723 551 1804 jaculati,
562 1723 663 1789 aedern
675 1722 906 1804 incenderunt,
918 1742 956 1790 ut
971 1724 1084 1791 eodem
1092 1726 1156 1815 igne

97 1827 321 1914 sepelirentur.
884 1872 891 1889 .

143 1926 273 1990 XLVII.
291 1927 381 1989 Inter
395 1927 480 1990 illam
498 1929 719 1992 necessitatem
731 1950 814 1991 uxor
827 1926 1054 2009 Hasdrubalis,
1068 1946 1156 2017 quam

97 2042 246 2114 potuerat
269 2028 485 2117 pulcherrime
511 2045 641 2110 ornata,
664 2031 768 2093 fertur
789 2052 828 2093 ex
850 2028 986 2094 adverso
1008 2028 1156 2117 Scipionis

94 2150 171 2191 cum
184 2128 291 2192 liberis
306 2128 391 2211 suis,
406 2131 528 2218 templo
537 2130 603 2210 jam
618 2128 790 2220 Ilagrante,
806 2130 1006 2214 constitisse3
1021 2131 1156 2231 elataque

95 2251 174 2292 voce
189 2230 258 2294 haec
274 2248 402 2319 precata
421 2253 511 2296 csse:
527 2230 622 2296 «Tibi
641 2231 793 2319 quidem,
808 2232 973 2314 Romane,
990 2230 1156 2311 nihilcre·

93 2331 184 2396 «niat
201 2332 244 2396 ob
263 2334 323 2397 ista
344 2335 445 2415 mala,
469 2356 542 2422 quae
559 2349 673 2396 contra
696 2332 846 2397 hostilem
868 2331 983 2395 urbem
1004 2330 1080 2397 belli
1091 2331 1156 2411 jure

92 2434 303 2497 «commisisti
320 2457 327 2497 :
346 2449 377 2496 at
393 2433 433 2497 ab
445 2434 509 2497 hoc
527 2432 727 2497 Hasdrubale
743 2433 870 2520 patriae,
887 2455 1073 2516 sacrorum,
1087 2431 1156 2497 urei-

92 2556 179 2620 «que
199 2549 233 2596 et
252 2533 430 2597 liberorum
451 2532 638 2621 proditore,
662 2531 707 2597 dii
730 2533 949 2621 Carthaginis,
973 2549 1006 2599 ct
1026 2550 1064 2599 tu
1086 2554 1156 2599 curn

91 2633 194 2709 «diis,
213 2635 401 2721 promeritas
418 2657 529 2723 poenas
546 2635 701 2723 expetatis
712 2636 719 2697 !
730 2665 742 2689 »
756 2659 831 2698 mox
847 2636 881 2697 in
894 2636 1000 2699 virum
1012 2655 1156 2701 sermone

90 2735 247 2822 vultuque
258 2758 415 2799 converso
426 2758 433 2799 :
446 2766 459 2792 ιι
467 2736 521 2799 Tu
532 2758 626 2817 vero,
638 2735 923 2820 faciaorosissime‚
933 2736 1156 2825 perfidissimo-

88 2859 174 2922 «que
189 2853 221 2899 et
239 2836 512 2900 effeminatissime
527 2837 731 2919 mortalium,
744 2836 869 2924 inquit,
880 2837 947 2916 jam
961 2837 1095 2925 quidem
1107 2859 1156 2903 me

87 2959 186 3000 «cum
202 2937 311 3001 liberis
328 2938 558 3002 communibus
576 2938 640 3003 hoc
657 2936 844 3019 incendium
860 2939 1036 3004 tumulabit
1049 2962 1060 3004 τ
1072 2956 1107 3005 at
1121 2956 1156 3003 tu

86 3039 203 3125 «quale
218 3038 260 3102 ad
276 3039 416 3104 dedecus
433 3040 583 3122 servaris,
596 3040 801 3128 triumphurn
816 3041 948 3106 victorIs
965 3058 1156 3123 ornatums,

86 3143 176 3209 «dux
190 3166 313 3232 magnac
328 3141 545 3231 Carthaginis!
558 3163 637 3228 quas
650 3157 761 3229 postea
775 3164 886 3229 poenas
899 3141 993 3223 huic,
1002 3143 1058 3207 cui
1070 3162 1156 3207 nunc

86 3245 247 3332 «supplex
263 3243 399 3324 assides,
418 3241 525 3306 dabis!
537 3273 550 3297 υ
564 3244 639 3306 Haec
656 3241 712 3305 ubi
729 3243 878 3323 (fixisset,
896 3241 979 3308 lilios
993 3245 1156 3335 jugulatos

85 3348 119 3409 in
142 3346 250 3435 ignem
270 3345 387 3424 mittit,
408 3364 570 3430 superque
591 3343 678 3430 ipsos
699 3343 815 3407 eodem
836 3367 870 3407 se
888 3344 1086 3433 praecipitem
1104 3344 1156 3409 iu·

84 3451 147 3511 l‘ert
165 3471 173 3512 ε
191 3447 287 3511 simili
305 3446 406 3508 ferme
424 3442 491 3506 fato
514 3441 667 3507 defuncta
690 3445 863 3509 novissima
880 3446 1084 3535 Carthaginis
1104 3468 1156 3511 m-

83 3551 175 3639 gina‚
197 3567 295 3636 atque
318 3544 484 3632 qnondam
508 3544 678 3632 absumpta
701 3547 804 3635 prima
826 3548 940 3611 haeret.
965 3546 1027 3611 llic
1050 3549 1156 3612 exitus

84 3651 227 3714 mulieris
243 3647 323 3727 fuit,
341 3646 443 3732 qualis
461 3646 571 3733 potius
590 3646 696 3709 virum
715 3647 887 3711 decuisset.

126 3750 273 3813 XLVIII.
293 3749 392 3811 Hoste
412 3768 480 3809 non
505 3745 633 3811 devicto
659 3764 804 3830 tantum,
828 3747 1002 3813 sedetiam
1025 3749 1156 3829 deleto,

81 3873 185 3939 quum
202 3869 354 3911 excussus
371 3847 456 3911 inter
475 3848 608 3912 bellicos
626 3849 786 3913 tumultus
809 3849 1020 3915 humanitatis
1037 3867 1156 3917 seusu!

80 3952 183 4015 libero
202 3948 268 4027 jam
286 3946 371 4010 curis
389 3964 519 4034 pectore
542 3948 704 4026 rediisset,
725 3949 929 4016 illacrImasse
950 3951 1156 4042 Carthagini!

115 4175 131 4240 S
148 4175 239 4222 xuvt.
255 4175 343 4221 Zonar.
361 4200 392 4209 -
408 4174 477 4222 Suid.
494 4201 529 4210 -
544 4175 652 4239 AppIan.
673 4200 707 4211 -
729 4174 794 4223 Flet.
812 4200 848 4211 -
862 4177 936 4223 Oros.
955 4202 991 4212 —
1010 4173 1028 4240 5
1047 4173 1156 4223 xm!

79 4257 187 4323 Appian.
201 4285 235 4293 -
244 4257 326 4305 Valet.
342 4257 442 4306 MaxIm.
455 4259 504 4316 111,
515 4274 544 4315 a,
558 4268 582 4305 et
591 4259 665 4314 VIII,
678 4274 705 4305 a.
720 4284 755 4294 —
768 4260 856 4308 Zonar.
871 4287 906 4296 -
916 4260 1019 4309 Hieron.
1032 4260 1156 4308 adversat

3 4339 6 4345 ’
77 4343 162 4391 Iovia.
176 4341 219 4388 lib.
236 4342 256 4389 I.
270 4370 304 4378 -
319 4342 384 4390 Flor.
399 4369 433 4378 -
446 4343 520 4388 Hom.
537 4341 566 4389 ll.
580 4340 624 4388 lib.
631 4342 679 4400 Vl,
699 4358 734 4389 vs.
751 4343 816 4400 448,
829 4354 854 4392 et
873 4341 934 4406 tto.
955 4372 989 4382 —
1004 4344 1098 4393 Tertul.
1111 4356 1156 4389 ι·

78 4428 181 4489 Martyr.
197 4442 257 4483 112,
272 4442 299 4486 9.
314 4453 347 4463 -
363 4425 445 4473 Adon.
457 4424 550 4472 Chron.
