2594 4980
319 717 376 784 ut
406 715 516 783 soc.
545 716 635 782 ma
664 717 724 782 nv
754 716 969 784 mvmm.
1109 701 1180 785 25⁴3

111 836 269 914 ravimus,
287 857 306 897 a
323 833 450 898 Parthis
467 849 580 923 capto,
598 856 701 921 quum
718 818 801 896 uxor
817 835 886 913 ejus
898 835 1067 924 Cleopatra
1082 852 1179 918 sexu,

111 941 207 1000 frater
218 936 405 1001 Antiochus
418 936 512 999 annis
523 952 557 999 et
569 936 678 1023 inopia
690 935 837 1016 invalidi,
850 958 964 1023 parum
977 938 1092 1002 afferre
1101 962 1181 1026 prae·

111 1040 182 1102 sidii
193 1038 296 1102 rebus
307 1036 433 1102 afflictis
448 1053 595 1126 possent,
607 1036 767 1100 Diodotus
777 1038 923 1100 animum
936 1037 1073 1116 adjicere
1086 1042 1180 1129 coepit
1280 1081 1285 1087 -

112 1140 151 1203 ad
168 1162 310 1230 reguum
332 1139 449 1227 Syriae,
471 1160 573 1226 puero
596 1161 671 1226 rege
694 1137 882 1218 interfecto,
906 1138 966 1200 sibi
989 1160 1179 1226 comparan-

112 1242 202 1305 dum.
222 1241 262 1303 ln
287 1264 328 1304 eo
352 1240 489 1303 consilio
508 1262 609 1327 quum
632 1238 873 1303 adversaturum
891 1239 952 1303 sibi
968 1239 1180 1305 Jonathaucm

112 1343 263 1407 Judaeum
277 1341 488 1431 intelligeret,
503 1340 666 1404 fallacibus
678 1342 843 1428 promissis
854 1340 1053 1434 Ptolemaida
1069 1364 1181 1407 evoca·

114 1461 183 1508 tum
203 1444 326 1519 vincit,
345 1441 464 1507 deinde
479 1441 606 1506 occidit.
1065 1509 1070 1519 ,

156 1545 314 1609 XXXVI.
331 1546 447 1631 Neque
462 1543 572 1628 multo
590 1557 663 1629 post
681 1542 878 1605 Antiochum
900 1565 1026 1630 regem,
1041 1567 1182 1632 puerum

114 1647 316 1727 decennem,
333 1667 431 1733 opera
453 1645 653 1708 medicorum
669 1641 837 1723 interficit,
853 1642 927 1730 qui,
946 1642 984 1706 ad
1005 1645 1182 1731 populum,

115 1748 304 1813 valetudine
320 1747 405 1836 regis
424 1747 573 1824 anxium,
595 1744 705 1808 calculi
726 1743 838 1807 dolore
855 1745 1003 1808 consumi
1024 1768 1100 1808 eum
1120 1744 1182 1809 fin·

116 1865 246 1935 gentes,
262 1847 342 1912 dum
355 1863 478 1929 secant,
494 1848 738 1910 interemerunt.
749 1844 928 1926 Diodotus,
939 1846 1048 1910 amicis
1058 1847 1181 1911 circum
1278 1872 1280 1875 ·

117 1949 267 2037 praesidia
290 1950 430 2014 militum
454 1949 610 2028 dimissis,
633 1948 800 2028 homines,
823 1946 863 2011 de
883 1948 1032 2034 praesenti
1054 1965 1180 2014 tantum
1208 1984 1211 1989 ·

119 2053 258 2116 utilitate
278 2050 450 2131 sollicitos,
467 2049 618 2139 precibus
635 2065 668 2111 et
684 2047 849 2136 promissis
863 2070 1015 2134 prensare
1031 2049 1180 2114 instituit.

121 2154 235 2241 Neque
248 2152 366 2217 decora
381 2153 414 2214 in
427 2152 565 2240 speciem
580 2165 769 2239 argumenta
780 2148 913 2212 deerant
927 2173 934 2213 :
947 2149 1113 2213 Neminem
1125 2166 1186 2214 aut

121 2255 229 2318 melius
242 2253 284 2317 de
292 2277 387 2340 regno
399 2253 644 2340 exercitibusque
654 2255 815 2332 meritum,
828 2263 885 2316 aut
895 2249 1126 2340 tamefastigio
1136 2253 1184 2316 di·

120 2358 261 2440 gaiorem
271 2378 352 2418 esse:
365 2377 461 2442 neque
470 2354 517 2416 ad
524 2353 701 2416 Seleucides
712 2352 949 2440 respiciuadum,
961 2356 1073 2440 saepius
1083 2354 1183 2419 hostes

124 2458 331 2533 exercituum,
349 2477 446 2543 quom
464 2454 558 2518 duces
571 2469 782 2543 patronosque
800 2470 978 2543 :praeterea
993 2456 1182 2520 Demetrium

126 2559 313 2644 apotastate
325 2555 515 2619 Parthorum
528 2579 632 2642 agere.
642 2556 835 2619 Antiochum
852 2558 1028 2619 riumieitias
1044 2559 1184 2645 iramque

130 2671 272 2745 tauquam
292 2657 437 2720 aduersus
451 2655 619 2742 defectores
632 2653 777 2746 profiteri
783 2682 797 2737 ,·
813 2671 932 2720 atroces
944 2659 987 2719 ab
1001 2661 1106 2720 muisis
1114 2681 1184 2745 poe·

133 2782 178 2821 ms
198 2775 407 2838 exacturum,
431 2763 459 2822 si
474 2777 570 2847 quam
580 2758 780 2847 facultatem
800 2759 864 2845 ejus
886 2761 932 2820 rei
946 2757 1123 2838 habuissem
1145 2783 1183 2822 ue

136 2858 197 2922 heae
208 2861 332 2948 quidem
344 2862 530 2923 merentibus
544 2861 643 2947 dagno
656 2863 775 2948 sperari
777 2861 914 2947 proemia
925 2861 967 2921 ab
978 2862 1066 2946 inopi
1068 2883 1161 2947 posse
1171 2884 1183 2922 :

138 2969 164 3015 at
173 2959 202 3018 ia
216 2957 349 3021 Diodoti
358 2981 456 3021 manu
469 2961 589 3022 aeraria
605 2960 824 3046 thesaurosque
837 2982 915 3038 esse,
932 2961 1043 3046 quibus
1059 2975 1090 3023 et
1100 2960 1184 3024 altas
1279 2997 1282 3005 ·

142 3055 313 3146 haudparce
324 3082 413 3139 usus,
426 3083 509 3123 nuuc
521 3071 611 3124 tauto
622 3059 780 3123 liberalius
792 3059 1080 3147 daturuspecunias
1091 3077 1181 3139 esset,

57 3165 59 3169 ’
145 3172 241 3239 quatuo
253 3161 406 3248 majorem
421 3162 469 3224 ad
480 3186 562 3250 spem
577 3159 739 3249 suffragta
755 3161 891 3224 militam
902 3176 1101 3247 pararentur.

57 3268 65 3335 μ’
178 3259 335 3326 XXXVII.
352 3266 395 3327 At
415 3264 478 3343 illi,
496 3264 573 3326 cIIm
591 3265 699 3325 omnia
720 3263 786 3326 suis
810 3262 989 3326 commodis
1008 3264 1112 3327 metiri
1132 3287 1183 3328 as·

150 3362 220 3441 sueti,
229 3362 317 3426 facile
327 3364 548 3426 assentiuntur
559 3387 567 3426 :
578 3387 684 3451 neque
698 3364 840 3427 civitates
853 3364 1013 3445 abnuunt,
1024 3369 1183 3455 promptis

78 3494 84 3499 ·
151 3465 296 3536 presertim
314 3464 567 3550 Apamensibus,
592 3464 679 3551 apud
702 3488 783 3551 quos
805 3466 959 3530 educatus
983 3467 1086 3531 haeret
1104 3468 1183 3532 Dio·

68 3626 75 3631 .
150 3551 241 3644 dolus,
257 3588 361 3652 quum
377 3566 558 3646 Cossianis,
580 3565 669 3651 quod
688 3567 755 3653 agri
771 3568 919 3653 apameni
936 3568 1102 3631 castellum
1119 3585 1183 3650 est,

69 3676 77 3753 Ι·
148 3648 232 3726 lucem
251 3666 392 3752 primum
412 3665 617 3753 adspexisset.
635 3667 687 3729 Sic
703 3667 802 3755 igitur
815 3668 905 3754 Syria
920 3669 1058 3755 potitus,
1078 3671 1184 3732 conti-

145 3769 216 3841 ΜΟ,
230 3765 388 3853 quidquid
410 3767 566 3829 hactenus
585 3767 738 3829 vitiorum
762 3767 947 3831 honestiore
969 3791 1108 3856 persona
1130 3770 1186 3833 ob·

143 3861 264 3946 Vlutat,
280 3868 442 3955 explicuit.
460 3867 625 3948 Quamdiu
640 3868 726 3931 enim
745 3867 905 3954 privatum
925 3885 1047 3956 egerat,
1067 3870 1185 3956 insigni

69 4012 72 4017 ,
140 3965 234 4033 speci,
250 3969 408 4032 comitatis
428 3986 461 4032 et
479 3969 643 4033 modestiae
659 3968 791 4032 ductare
810 3969 943 4056 vulgum
965 3970 1097 4047 solitus,
1115 3986 1185 4032 tum

138 4067 238 4132 ³l‘0rte
249 4092 307 4134 suo
325 4072 457 4158 ingenio
470 4071 517 4134 uti
533 4071 646 4157 coepit,
661 4093 839 4155 verumque
849 4069 1060 4157 Tryphonem
1074 4092 1185 4156 agere,

72 4228 78 4237 .
137 4165 222 4230 Vlotl
236 4191 414 4259 cognomen
432 4188 591 4258 occupato
608 4194 710 4259 regno
724 4172 792 4258 ipse
810 4169 978 4257 delegerat.
992 4171 1187 4256 Quanquam

72 4388 75 4401 ²
168 4366 187 4429 S
208 4379 303 4433 XXXV.
319 4386 424 4434 Diodor.
435 4387 500 4450 apud
517 4387 584 4434 l'ulv.
598 4388 681 4435 llrsin.
700 4414 734 4423 -
748 4385 764 4450 §
776 4388 897 4434 XXXVI.
911 4385 1012 4449 loseph.
1024 4388 1102 4441 Xlll,
1121 4403 1151 4432 to
1165 4399 1189 4436 et

143 4451 180 4492 ¹²·
197 4482 227 4496 ⁸
235 4465 341 4517 llaclnh.
356 4472 381 4524 1,
399 4486 436 4516 12.
447 4497 482 4506 -
492 4470 584 4534 Sulpic.
599 4473 652 4517 Ser.
665 4499 698 4506 -
709 4472 761 4518 aiv.
770 4469 836 4534 Epit.
848 4498 878 4504 —
890 4469 979 4517 lustin.
990 4471 1117 4526 XXXVI,
1133 4488 1154 4518 1.
