2594 4980
233 756 285 824 IN
313 756 423 823 LOC.
452 756 546 824 LIB.
573 756 723 825 LXXII
750 753 969 824 LIVIANI.
1070 748 1137 825 661

71 877 225 964 quidem,
243 893 276 939 et
291 877 400 940 sinum
411 876 616 957 Terinaeum,
638 877 697 963 qui
716 874 815 939 bodie
831 876 863 939 S.
879 875 1069 963 Euphemiae
1090 878 1141 945 di·

70 980 174 1059 citur,
190 980 417 1067 angustissima
441 978 530 1042 ltalia
554 994 622 1059 est,
649 979 702 1041 vix
727 977 827 1040 millia
852 999 1005 1065 passuum
1026 978 1141 1067 viginti

70 1080 155 1142 inter
171 1103 327 1168 superum
343 1080 550 1166 inferumque
565 1103 652 1143 mare
668 1079 905 1167 occupantibus
919 1080 1023 1144 terris.

116 1188 220 1249 XXX.
239 1188 277 1249 In
299 1187 363 1250 hoc
376 1187 441 1250 situ
455 1186 601 1274 plurimae
616 1202 728 1275 gentes
744 1186 954 1272 civitatesque
967 1186 1092 1250 nobiles
1106 1203 1139 1249 et

69 1309 159 1349 nunc
177 1303 276 1367 sunt,
299 1304 332 1350 et
354 1288 432 1351 olim
456 1289 591 1351 fuerunt
602 1290 614 1351 ἐ
631 1286 689 1352 sed
708 1289 927 1375 inpraesentia
945 1288 1021 1351 satis
1040 1287 1140 1351 babe—

67 1387 176 1452 bimus
199 1412 251 1452 eas
273 1387 502 1477 descripsisse,
530 1391 670 1475 quarum
699 1405 770 1452 tum
795 1389 952 1476 temporis
977 1388 1140 1476 praecipua
1208 1414 1213 1419 ·

68 1489 235 1554 celebritas
250 1508 282 1554 et
299 1492 461 1580 potentia,
478 1508 535 1554 aut
559 1491 667 1554 sociali
691 1490 778 1554 bello
798 1491 924 1580 insigne
943 1489 1075 1576 aliquod
1091 1489 1140 1552 fa·

67 1606 137 1655 tum
155 1593 227 1657 tuit.
241 1594 344 1682 Ergo,
361 1609 510 1657 naturam
527 1593 673 1680 sequuti,
686 1607 826 1680 quatuor
844 1591 878 1654 in
897 1599 1003 1680 partes
1015 1591 1139 1655 Italiam

65 1693 263 1774 dividimus,
284 1710 323 1757 ut
346 1691 605 1781 Circumpadana
632 1692 800 1756 montibus
821 1709 855 1757 et
879 1691 1045 1757 Adriatico
1063 1691 1139 1753 sinu

65 1795 214 1883 planities
233 1796 444 1877 terminetur3
466 1812 591 1883 partem
613 1793 790 1859 secundam
810 1794 1000 1881 Apenninus
1019 1815 1137 1873 mons,

66 1912 167 1958 totam
188 1897 287 1960 Italioe
304 1895 542 1985 longitudinem
558 1896 795 1984 pertransiens3
815 1913 963 1977 caeteras,
980 1916 1053 1981 quae
1070 1894 1137 1976 cis,

64 2013 122 2060 aut
137 2012 225 2060 trans
241 1998 454 2084 Apenninum
469 1995 597 2079 jacent,
618 1997 838 2061 constituant:
859 1996 1019 2084 aprima,
1038 2019 1136 2081 quant

34 2176 45 2189 .
64 2098 221 2177 fecimus,
243 2100 376 2187 regione
400 2098 666 2163 commodissime
689 2097 940 2186 descriptionem
960 2113 1063 2162 totam
1081 2121 1136 2161 or-

63 2196 202 2262 diemur.
214 2198 282 2262 Sub
294 2200 371 2286 ipsis
383 2200 515 2288 Alpium
528 2199 705 2282 radicibus,
717 2200 775 2263 ubi
789 2221 878 2263 nune
892 2223 931 2264 ex
942 2215 1137 2289 argumento

63 2300 167 2362 vocati
183 2302 414 2365 Pedemontam'
426 2303 557 2383 colunt,
574 2303 719 2391 angustis
739 2302 845 2390 primo
866 2302 997 2390 spatiis,
1017 2300 1136 2366 deinde

62 2402 250 2486 latioribus,
270 2406 376 2491 campi
392 2405 580 2469 fertilissimi
597 2403 838 2481 extenduntur,
857 2426 941 2490 quos
958 2403 1134 2490 Polybius,

60 2505 117 2590 qui
132 2506 287 2593 plurimas
299 2523 399 2570 terras
413 2507 609 2597 peragravit,
624 2522 692 2570 tota
705 2506 837 2593 Europa
852 2505 1134 2592 praestantissimos

60 2627 152 2687 esse,
178 2629 401 2695 passuumque
432 2608 465 2670 in
498 2608 659 2671 ambitum
687 2606 787 2670 millia
818 2606 936 2670 MCCL
963 2605 1136 2692 complecti

58 2706 221 2793 praedicat.

104 2808 227 2869 XXXI.
246 2809 315 2871 Hos
338 2809 382 2870 ita
401 2808 572 2872 intersecat
587 2806 713 2890 Padus,
732 2823 771 2873 ut
789 2809 887 2897 longe
909 2807 1065 2887 majorem
1084 2809 1132 2871 ei·

57 2905 144 2972 liciat
162 2924 305 2995 partem,
319 2931 397 2996 quae
417 2908 457 2971 ad
474 2908 676 2972 Adriaticum
697 2931 806 2989 mare,
821 2931 918 2995 quam
933 2931 1006 2995 quae
1020 2906 1061 2970 ad
1077 2908 1131 2973 Li·

58 3008 222 3095 gusticum
234 3009 348 3097 vergit.
363 3011 542 3096 Utmmque
555 3006 658 3097 ripam
672 3011 791 3100 gallicae
805 3011 952 3081 nationes
963 3058 973 3091 ,
985 3010 1130 3073 Etruscis

17 3183 19 3186 Α
57 3110 179 3196 pulsis,
195 3111 374 3199 antiquitus
389 3127 641 3200 occupaverant,
658 3128 696 3175 ut
709 3111 896 3201 Vespasiani
917 3134 986 3175 aevo
1001 3110 1043 3175 de
1059 3112 1129 3173 Tu·

55 3232 187 3276 acorum
205 3214 238 3275 in
257 3236 293 3276 ea
308 3216 442 3302 regione
457 3213 586 3303 oppidis
597 3215 665 3278 sola
679 3214 815 3279 Mantua
833 3227 1025 3301 superesset.
1043 3214 1128 3276 Cum

56 3313 107 3376 his
129 3317 258 3403 populis
280 3316 459 3381 diutissime
483 3315 741 3405 depugnandum
764 3318 914 3379 Romano
936 3313 1018 3392 fuit,
1037 3328 1070 3375 et
1086 3315 1128 3378 ab

55 3413 106 3476 his
125 3418 231 3480 omnis
249 3441 286 3480 ea
309 3419 399 3508 regio
415 3418 516 3482 Gallia
534 3418 695 3506 Cisalpina
717 3419 884 3506 appellata.
910 3414 1126 3480 Nobilissimoe

53 3515 182 3581 illarum
202 3521 370 3606 gentium,
391 3523 424 3584 in
446 3522 575 3586 sinistra
592 3520 662 3607 ripa
679 3521 851 3596 Insubres,
873 3517 1071 3598 Cenomani3
1092 3518 1125 3583 in

54 3615 188 3699 dextra,
214 3643 286 3706 quae
306 3622 441 3709 propior
461 3623 573 3686 llomae
592 3638 663 3702 est,
681 3623 750 3687 Boii
764 3637 862 3709 atque
886 3621 1032 3684 Senones
1051 3620 1124 3683 fue·

54 3735 143 3782 runt.
168 3722 294 3785 Horum
319 3724 387 3786 Boii
412 3724 496 3811 pulsi
522 3723 678 3789 sedibus:
699 3725 867 3788 Senonum
895 3738 963 3786 tota
988 3721 1078 3785 natio
1106 3746 1126 3785 a

52 3822 179 3908 populo
199 3845 335 3887 romano
351 3824 466 3890 deleta.
487 3826 536 3889 Ab
561 3826 611 3889 his
634 3826 774 3890 illustres
793 3825 891 3888 urbes
908 3823 1018 3887 multe
1040 3845 1122 3886 con·

52 3919 128 3983 ditm
140 3945 147 3984 ε
161 3923 195 3984 in
212 3947 290 4013 agro
305 3926 496 3990 Insubrium
511 3926 733 3991 Mediolanum
747 3926 934 3990 bellovesus
947 3924 1122 4004 exstruxit,

52 4022 216 4088 Veronam
237 4043 270 4090 et
287 4027 424 4092 Brixiam
447 4030 636 4094 Cenomani.
656 4030 813 4093 Senenses
829 4025 962 4114 quidem
979 4025 1048 4114 ipsa
1068 4047 1124 4111 ap·

85 4236 102 4301 s
115 4239 212 4287 XXIX.
225 4240 288 4286 Plio.
300 4241 350 4299 ΠΙ,
360 4240 384 4296 5,
398 4251 559 4303 roet17.-
572 4244 670 4294 Cluvor.
685 4243 741 4291 Ital.
752 4245 777 4304 1,
793 4244 833 4290 rs.
847 4269 878 4278 -
898 4240 915 4305 s
928 4241 1013 4290 XXX.
1027 4240 1121 4305 Polyb.

49 4322 90 4380 11,
107 4330 147 4376 rs.
158 4350 191 4358 -—
201 4325 270 4371 Sacc.
282 4323 344 4371 Hist.
354 4324 435 4371 Ticin.
447 4327 474 4383 1,
487 4344 509 4375 1.
522 4355 557 4365 -
568 4328 585 4393 s
596 4330 695 4376 XXXI.
708 4328 771 4375 Plio.
783 4328 834 4385 111,
847 4342 886 4387 ¹9.
899 4352 935 4362 -
944 4325 1024 4374 strab.
1036 4325 1121 4383 tiuv,

49 4421 75 4468 p.
89 4418 137 4454 atr
151 4419 176 4454 et
189 4423 249 4454 nin.
264 4435 299 4445 —
313 4409 366 4459 biv.
380 4410 412 4466 V,
428 4410 461 4467 34
472 4423 497 4460 et
510 4412 552 4460 35.
569 4440 604 4450 -
623 4409 1122 4471 J0.Ssrt⁸beriem.v1,17.-tmtin.

50 4489 116 4548 XX,
135 4491 356 4558 5.-Sup.1x,
371 4480 422 4550 tis.
486 4544 489 4550 ,
541 4546 544 4551 ,
