2594 4980
127 724 198 805 aula
304 724 371 790 JO.
399 722 744 792 FREINSHEMII
776 720 1017 790 SUPPLEM.

123 843 280 922 valiturae,
290 840 346 905 scal
358 858 523 930 perpetuae
534 842 619 931 pacis
629 841 833 907 occasionem
843 840 950 905 facere
960 838 1050 905 malui

123 945 228 1026 venit,
245 956 280 1006 ut
290 964 367 1031 pax
380 944 581 1032 amicitiaque
593 941 716 1032 populo
731 964 863 1007 romano
873 989 884 1023 ,
907 962 948 1004 ac
965 940 1050 1003 Vinia

122 1047 290 1132 citatusque
304 1058 404 1108 esset:
420 1046 541 1133 utrique
546 1092 556 1125 ,
572 1045 682 1133 quibus
699 1047 733 1109 in
745 1037 1046 1133 praeaentiafinibua

121 1149 155 1208 in
163 1161 323 1233 posterum
332 1145 535 1234 possiderent.
558 1144 597 1210 ld
614 1144 734 1228 foedus,
750 1165 939 1233 quanquam
952 1163 1050 1232 pantu

121 1264 208 1311 stum
239 1246 365 1311 nomini
391 1268 545 1330 romano,
574 1268 762 1335 rerumque·
777 1246 936 1310 lucterius
968 1267 988 1308 a
1012 1244 1050 1309 se

121 1365 284 1437 gestarum
307 1347 433 1410 macula
453 1348 556 1436 turpis
577 1348 768 1430 haberetur,
785 1370 803 1411 a
821 1347 947 1437 populo
966 1362 1050 1411 tame

121 1449 269 1513 diuturni
286 1448 363 1513 belli
377 1464 546 1538 acceptum
555 1465 614 1515 est.
628 1449 668 1513 In
680 1472 720 1514 eo
731 1463 818 1514 statu
832 1470 884 1512 res
899 1445 1050 1536 Hispania

120 1572 224 1636 quum
247 1551 284 1615 C.
309 1549 424 1615 Loelius
442 1550 592 1639 Sapiens,
618 1550 660 1633 Q.
683 1549 834 1615 Servilius
851 1547 963 1637 Caepio
984 1569 1050 1612 con

118 1674 251 1717 inaverc.
866 1698 869 1703 -

162 1753 237 1816 llll.
266 1752 411 1843 Prodigii
430 1754 503 1819 loco
528 1768 599 1817 tum
627 1767 814 1843 acceptum,
838 1748 931 1839 quod
959 1748 1050 1814 Sicilia

119 1851 219 1916 AEtna
236 1853 406 1941 copiosum
425 1854 534 1942 ignem
550 1868 753 1936 evomuerat,
771 1852 871 1941 idque
888 1866 1050 1940 postquau

118 1953 207 2017 ribus
225 1954 339 2019 hostiis
359 1952 570 2044 quadraginta
586 1970 797 2044 procuratum
818 1967 883 2028 est,
902 1951 999 2015 alteri
1015 1972 1050 2015 co

119 2055 254 2120 ulterior
270 2056 423 2144 Hispania
444 2055 611 2144 provincia
627 2053 754 2119 decreta
771 2077 780 2118 ε
796 2054 839 2137 Q.
858 2053 1050 2141 Pompeiop

118 2171 188 2219 turn
209 2158 242 2219 in
257 2157 406 2221 citeriore
422 2156 594 2246 imperium
609 2172 680 2221 est:
695 2154 874 2244 datumque
892 2152 1050 2220 senatorii

116 2256 254 2320 busdam
273 2258 458 2346 negotium,
476 2274 514 2322 ut
533 2280 656 2322 novum
674 2254 850 2321 exercitum
867 2279 908 2321 ex
926 2254 1050 2321 tironilt¹

116 2358 176 2421 scri
179 2375 278 2446 ptum
290 2357 332 2421 ad
347 2380 423 2422 eum
436 2357 651 2441 adducerent,
670 2380 738 2446 quo
752 2357 931 2445 proconsul
943 2356 985 2422 ad
997 2356 1032 2422 id
1045 2356 1050 2420 l

116 2481 246 2546 unaque
265 2459 505 2524 consultoribus
520 2459 577 2541 iis,
598 2459 655 2546 qui
671 2458 898 2539 adduxissent,
916 2472 1050 2522 uterenu

115 2582 212 2646 quam
228 2562 261 2624 in
278 2561 477 2650 provinciam
491 2562 600 2650 Caepio
616 2561 707 2625 venit
721 2559 813 2648 (nam
829 2560 908 2624 huic
922 2559 1050 2624 ulterior

114 2662 168 2724 nia
179 2661 353 2751 evenerat),
361 2663 470 2727 literas
479 2660 521 2726 ad
529 2677 678 2726 senatum
689 2661 730 2727 de
742 2659 879 2742 foedere,
895 2658 988 2748 quod
1003 2659 1050 2723 fn

115 2764 157 2846 Q.
170 2765 287 2829 Fabius
300 2787 376 2829 cum
385 2764 533 2828 Viriatho
543 2764 657 2848 icerat,
672 2761 779 2827 dedit:
792 2760 968 2848 Indignum
979 2759 1016 2824 id
1023 2782 1050 2822 m

103 2869 257 2955 principis
263 2867 379 2956 populi
392 2865 503 2930 videri.
517 2865 731 2945 Permissum,
747 2878 786 2927 ut
798 2877 959 2950 quantum
976 2858 1050 2925 dissi

111 2982 160 3029 ter
177 2969 280 3032 lacere
297 2985 421 3058 posset,
443 2967 590 3031 Viriatho
606 2981 749 3030 noceret.
768 2965 814 3027 Ut
829 2985 906 3027 rero
922 2964 1050 3026 rationo

110 3067 233 3131 nullom
244 3092 305 3132 asse
319 3069 434 3133 consul
449 3068 627 3157 rescripsit,
639 3088 711 3155 quoe
722 3063 918 3129 tantumdem
927 3062 1050 3128 invidia

109 3170 138 3229 si
144 3166 380 3257 palamsoedus
398 3182 601 3256 rumperetur,
617 3164 717 3232 multo
736 3168 838 3230 minus
855 3164 1050 3230 commodam

109 3266 251 3331 allatura
260 3294 274 3349 ,·
292 3269 456 3333 continuis
472 3269 542 3348 ejus
555 3269 655 3333 literis
671 3268 845 3358 expugnati
863 3268 976 3332 Patres
983 3288 1050 3356 pao

109 3382 176 3429 torn
199 3369 303 3433 videri
326 3369 556 3451 decreverunt,
579 3370 690 3434 hostes
716 3384 828 3456 aperto
850 3368 937 3432 bello
961 3388 1050 3457 prose

109 3484 269 3553 potestate
287 3470 414 3534 consuli
432 3471 524 3535 facta.

152 3569 242 3632 ΧΙΙΙ.
265 3570 336 3634 Hoc
353 3569 519 3635 decretum
538 3570 596 3634 uhi
617 3571 652 3633 in
668 3571 866 3659 provinciam
886 3562 1047 3659 perlamm

107 3691 259 3735 successu
277 3672 488 3737 consiliorum
503 3673 611 3760 Caepio
633 3672 804 3737 confestim
823 3670 978 3737 adversus
994 3671 1050 3736 Vir

106 3770 207 3837 ducit.
233 3777 322 3839 Arsae
345 3775 372 3840 is
395 3791 466 3840 tum
491 3791 577 3855 erat,
601 3774 685 3838 sicut
706 3797 774 3838 non
793 3775 888 3862 plane
908 3795 1050 3855 securus,

104 3870 168 3935 fida
186 3897 279 3962 pace,
298 3877 341 3940 ita
356 3898 463 3964 neque
484 3875 558 3939 satis
583 3875 759 3940 instructus
775 3873 817 3939 ad
829 3875 976 3963 pericula-
990 3874 1050 3939 suh

105 3977 269 4065 surgentis
281 3976 366 4040 belli.
378 3977 548 4064 Optimum
562 3997 601 4040 ex
611 3976 823 4064 praesentibns
835 3977 960 4058 visum,
971 3978 1050 4041 ut&

104 4080 234 4166 agmine
252 4100 285 4142 se
303 4077 499 4166 proriperet,
515 4078 646 4159 omnia,
663 4099 727 4165 qua
742 4074 927 4158 incedebat,
946 4093 1050 4142 mtto

137 4313 212 4378 §XL
230 4315 261 4361 U.
275 4314 303 4362 (3.
321 4311 389 4372 6123
408 4311 438 4359 A.
454 4310 483 4359 C.
500 4317 556 4366 rto.
568 4313 683 4359 -Anct
701 4311 732 4359 de
748 4311 801 4359 Vir.
821 4310 909 4360 illustr.
928 4326 983 4377 cap.
994 4324 1050 4371 pr.-

102 4408 167 4461 part.
177 4399 216 4452 ll,
237 4414 291 4461 cap.
310 4403 354 4451 24.
364 4421 400 4431 -
409 4394 516 4458 Appian.
531 4420 566 4431 -
579 4394 683 4443 Diodor.
697 4392 741 4441 lib.
759 4395 871 4443 xxm
881 4421 917 4432 -
926 4394 980 4442 uta.
995 4390 1050 4458 lipit

107 4478 200 4543 Obseq·
214 4507 248 4516 -
262 4479 278 4543 S
291 4482 348 4528 llll.
362 4479 465 4543 Eutrcp.
476 4505 511 4515 -
521 4477 628 4541 Appien.
