2594 4980
306 777 360 844 IN
390 777 500 844 LOC.
527 777 621 843 LIB.
647 777 737 844 th
765 776 981 845 LIVIANI.
1107 774 1173 876 337

115 911 242 976 cereut,
258 898 349 960 omni
362 915 475 984 praeter
488 913 609 961 veteres
624 897 819 959 Parthorum
834 895 913 959 fines
928 897 1066 986 imperio
1076 897 1179 966 Phra·

115 1001 222 1062 harem
250 1000 346 1062 exuit.
375 999 548 1061 phrahates
573 998 602 1060 vi
628 1015 736 1085 aperta
765 997 918 1078 inferior,
945 1015 1032 1064 totus
1055 1002 1096 1066 ad
1120 1005 1180 1069 alia

115 1102 247 1165 consilia
265 1124 298 1164 se
317 1101 475 1163 convertit
494 1124 501 1163 :
521 1117 552 1161 et
574 1100 649 1186 quia
673 1099 873 1178 Demetrius,
895 1099 1044 1164 Antiochi
1066 1104 1180 1184 frater,

117 1225 182 1266 non
201 1201 300 1264 alium
317 1202 400 1264 forte
419 1201 460 1264 ad
483 1224 577 1263 usum
598 1216 759 1279 servatus,
774 1199 861 1287 apud
877 1199 984 1286 ipsum
1005 1220 1089 1284 erat,
1104 1229 1180 1270 eum

117 1301 226 1365 addito
254 1303 402 1390 praesidio
428 1301 468 1365 ad
496 1302 753 1389 recuperandum
780 1323 915 1389 regnum
943 1304 1051 1386 misit,
1077 1322 1115 1368 ut
1139 1307 1183 1371 ita

119 1404 244 1465 hostem
268 1426 398 1465 suarum
419 1426 527 1466 rerum
544 1403 688 1490 periculo
704 1403 901 1466 amoliretur.

162 1504 245 1567 LXI.
270 1504 386 1591 Neque
411 1504 472 1566 hac
493 1527 548 1591 spe
570 1520 759 1584 contentus,
779 1504 936 1585 civitates,
953 1507 1091 1571 maxime
1105 1532 1184 1596 quas

120 1604 269 1667 Antiochi
290 1603 455 1691 praesidia,
477 1604 519 1667 oh
541 1605 764 1684 insolentiam,
785 1620 823 1666 ut
837 1604 888 1685 fit,
904 1607 1093 1691 militarem,
1111 1635 1184 1703 gra·

119 1722 190 1766 vate
207 1705 273 1791 pati
291 1722 505 1793 cognoverat,
532 1729 588 1794 spe
612 1706 811 1793 impunitatis
834 1723 866 1769 et
886 1710 1092 1796 praemiorum
1110 1729 1185 1779 ante

120 1806 289 1869 sollicitare
311 1831 375 1869 non
402 1806 539 1882 destitit,
563 1831 659 1895 quarn
682 1808 927 1872 communicatis
949 1810 1033 1874 inter
1050 1836 1084 1877 se
1105 1839 1186 1879 con-

120 1907 219 1986 siliis,
245 1907 285 1971 ad
313 1907 533 1999 oppugnanda
560 1908 673 1973 eodem
700 1927 846 1998 tempore
871 1913 1018 1976 omnium
1042 1917 1188 2003 praesidia

123 2008 309 2073 induxisset.
330 2012 505 2098 Postquam
527 2010 679 2099 praedicta
700 2010 767 2074 dies
788 2010 907 2093 adfuit,
925 2016 1109 2105 passimque
1131 2043 1188 2108 per

122 2110 263 2175 civitates
281 2111 402 2176 turbari
422 2113 609 2177 nuntiatum
622 2112 786 2176 Antiocho
805 2129 905 2193 esset,
923 2139 998 2179 rum
1016 2141 1052 2181 ea
1072 2144 1188 2205 manu,

123 2235 193 2297 quae
214 2230 331 2300 praesto
355 2230 438 2293 erat,
459 2214 596 2301 impigre
616 2212 656 2276 ad
674 2213 828 2278 auxilium
845 2215 1000 2301 proximis
1019 2219 1188 2285 ferendum

124 2332 272 2378 accurrit.

167 2416 267 2480 LXII.
291 2416 354 2479 Sed
382 2416 499 2496 objecit
521 2441 554 2480 se
581 2416 609 2479 ci
634 2439 752 2505 magno
774 2439 850 2479 cum
875 2420 1017 2482 exercitu
1040 2421 1189 2489 Parthus.

126 2518 172 2581 Ibi
190 2541 291 2605 quum
310 2519 424 2581 acriter
441 2518 622 2581 Antiochus
638 2534 812 2605 pugnaret,
832 2535 922 2580 metu
937 2543 1070 2583 suorum
1086 2522 1194 2610 prodi·

125 2636 198 2698 tus,
221 2621 379 2683 incertum
402 2642 443 2682 an
471 2643 529 2681 sua
550 2640 668 2698 manu,
687 2616 792 2703 periit.
818 2617 971 2706 Princeps
996 2621 1191 2707 fugientium

125 2723 298 2785 Athenaeus
317 2723 442 2798 fuerat,
465 2735 502 2781 ut
524 2717 610 2780 idem
632 2716 726 2780 caedis
746 2717 837 2805 regiae
853 2718 981 2803 culpam
998 2721 1191 2802 sustineret,

126 2823 181 2908 qni
202 2821 376 2885 rebellandi
397 2843 525 2884 causam
538 2817 720 2881 civitatibus
739 2841 825 2881 unus
843 2819 981 2881 mardme
994 2822 1191 2906 praebuisset.

126 2923 187 2987 Sed
207 2940 383 3010 utrumque
408 2921 511 2984 scelus
537 2935 662 2982 matura
678 2916 824 2980 'vindicta
848 2915 1025 3005 punitum:
1044 2943 1116 2984 nam
1135 2945 1193 3011 per

127 3025 211 3103 Ioca,
229 3025 284 3087 uhi
303 3022 420 3110 rapinis
439 3020 628 3107 injuriisque
645 3019 850 3081 notissimum
869 3041 903 3081 se
917 3018 1083 3102 effecerat,
1099 3022 1193 3087 ober-

127 3143 268 3206 rantem,
286 3148 393 3212 neque
412 3139 497 3187 tecto
515 3121 635 3208 recepit
650 3116 819 3219 quisquam
833 3168 841 3199 ,
855 3143 966 3207 ¹neque
980 3122 1055 3186 cibo
1072 3124 1193 3212 imper·

128 3231 204 3293 titus
219 3248 287 3309 est,
304 3230 409 3293 donec
426 3228 508 3291 fame
527 3249 563 3289 ac
583 3224 717 3287 miseriis
734 3224 987 3311 contabescens,
1005 3243 1036 3289 et
1048 3229 1191 3316 spoliatis

130 3330 240 3418 inops,
255 3346 287 3392 et
303 3328 448 3392 desertor
465 3326 636 3390 derelictus
656 3325 696 3387 ab
715 3325 885 3403 omnihus,
901 3349 1010 3415 poenas
1028 3328 1127 3394 daret.

172 3431 290 3494 LXIII.
316 3431 506 3510 Phrahates,
525 3450 643 3516 magno
668 3427 868 3514 captivorum
891 3451 1029 3494 numero
1052 3432 1193 3518 potitus,

132 3530 236 3615 quod,
254 3531 361 3594 audita
379 3547 483 3594 morte
502 3528 672 3608 Antiochi,
695 3528 844 3616 dispersae
863 3529 979 3616 passim
1003 3530 1071 3608 ejus
1094 3531 1195 3620 copiae

133 3629 248 3714 cupide
271 3652 304 3692 se
325 3629 533 3710 dediderant,
554 3646 585 3692 et
608 3627 670 3691 filia
692 3629 866 3700 Demetrii,
894 3653 990 3716 quarn
1013 3633 1194 3696 Antiochus

133 3727 328 3808 adduxerat,
345 3729 447 3792 forma
465 3729 595 3817 virginis
611 3730 731 3807 victus,
747 3728 778 3790 in
799 3729 1041 3794 matrimonium
1058 3756 1128 3796 eam
1143 3756 1196 3797 ac·

133 3831 235 3917 cepit,
250 3831 400 3916 hostique
414 3853 494 3894 caeso
509 3830 675 3917 exsequias
690 3830 779 3917 regio
795 3851 885 3892 more
901 3830 985 3894 fecit.
1002 3832 1196 3898 Posidonius

135 3939 319 4020 Apamenus
338 3931 545 3994 historiarum
560 3931 699 4018 scriptor
714 3929 828 4009 refert,
846 3951 995 4017 suprema
1010 3935 1197 4020 persolven-

136 4052 199 4097 tem
214 4032 376 4099 Antiocho
391 4031 544 4095 Parthum
563 4031 698 4094 dixisse:
712 4031 795 4093 Duae
811 4045 842 4093 te
857 4053 903 4093 res
906 4030 1116 4119 fifelle'runt,
1130 4036 1198 4098 An·

170 4262 186 4325 s
204 4265 255 4310 Lx.
271 4260 326 4306 Nic.
341 4260 484 4305 Damascen.
499 4273 539 4321 ap.
554 4256 656 4320 Ioseph.
670 4284 704 4294 ·—
718 4258 809 4306 Justin.
825 4286 858 4295 -
874 4259 890 4324 s
904 4262 970 4307 th.
984 4262 1092 4326 Appiam
1107 4264 1200 4329 Syriae.

139 4371 170 4378 -—
181 4345 272 4392 lustin.
285 4370 319 4381 -
334 4341 437 4389 Diodor.
450 4339 515 4405 apud
528 4341 609 4388 Valet.
621 4368 656 4376 -
669 4339 684 4404 S
698 4342 775 4388 tht.
788 4342 895 4405 Appiam.
906 4369 937 4379 -
952 4343 1056 4405 D'Qdor.
1068 4348 1201 4396 —Jusrim

137 4426 528 4486 xxxvtu„10,eth11,1.
548 4452 583 4462 -
606 4423 697 4474 Athen.
715 4423 758 4472 Iih.
777 4425 842 4481 ΧΗ,
863 4439 900 4473 ro.
922 4451 957 4461 -
976 4426 1100 4491 sunl.
1112 4430 1203 4479 Iastia.

139 4512 266 4567 mlx,
285 4527 306 4558 t.

241 4607 299 4671 IX.
992 4630 1034 4673 aa
