2594 4980
289 694 342 761 IN
371 693 480 760 LOC.
507 695 601 761 LIB.
629 695 702 763 LII
723 696 968 764 ‘LIVIANL'
1078 693 1144 792 187

68 813 190 900 procul
213 813 378 877 moenibus
401 814 615 896 observasset,
638 817 828 879 cohortibus
847 816 879 879 in
902 820 941 880 eo
964 816 1141 906 dispositis,

72 936 197 1000 paucos
217 915 324 995 misit,
345 915 400 1002 qui
421 938 538 1002 pecora
555 917 836 1004 Segobrigensium
855 917 1028 1005 abigerent.
1051 921 1143 999 Quos

72 1016 117 1079 illi
135 1019 218 1105 fuga
240 1015 428 1080 recedentes
441 1040 543 1105 quum
562 1017 654 1081 avide
669 1019 928 1105 insequerentur,
950 1017 990 1081 ad
1013 1019 1142 1083 insidia·

75 1139 148 1181 rum
176 1118 289 1181 locum
314 1117 460 1199 deducti,
483 1109 619 1206 caesique
636 1135 722 1184 sunt.
745 1119 882 1199 lterum,
907 1142 1010 1207 quum
1029 1120 1144 1184 itinere

78 1216 409 1300 tridui-discessisset,
426 1242 523 1284 omne
544 1219 625 1284 illud
647 1221 784 1308 spatium
802 1244 869 1284 uno
890 1221 1144 1302 dicremensus,

81 1340 225 1382 securam
240 1321 354 1384 urbem
372 1336 404 1384 et
419 1319 573 1385 sacrificio
588 1338 657 1384 tum
672 1322 809 1384 maxime
826 1322 1004 1401 intentam,
1021 1321 1143 1408 impro-

83 1420 165 1484 visus
182 1423 352 1509 oppressit.
372 1423 454 1504 Quae
473 1445 522 1486 res
539 1422 596 1485 ubi
612 1424 723 1485 Romae
740 1438 817 1486 sunt
833 1420 966 1501 auditae,
984 1421 1144 1486 consulari

86 1519 162 1585 duce
184 1525 392 1611 exercituque
414 1548 495 1612 opus
514 1547 582 1588 esse
604 1540 733 1587 senatus
753 1524 896 1603 censuit,
917 1544 983 1609 quo
1007 1539 1144 1609 utraque

89 1621 175 1686 simul
197 1624 351 1711 Hispania
367 1625 603 1689 defenderetur.
624 1626 665 1707 Q.
694 1624 789 1688 Fabio
811 1625 953 1688 Maximo
969 1623 1144 1688 AEmiliano

93 1744 120 1785 sa
133 1747 199 1789 sors
213 1728 319 1790 evenit
329 1775 338 1807 ,
350 1729 405 1815 qui
418 1730 452 1791 L.
466 1728 638 1792 Hostilium
651 1727 839 1790 Mancinum
851 1726 1004 1814 collegam
1016 1725 1048 1787 in
1066 1749 1145 1789 con·

97 1824 185 1889 tulatu
203 1827 327 1892 habuit.
341 1828 406 1892 Sed
421 1828 676 1915 priusquam‘hic
690 1829 737 1891 ire
753 1827 786 1889 in
804 1827 1001 1915 provinciam
1019 1842 1145 1912 posset,

99 1924 203 1990 Claudii
220 1929 373 1991 Unimani
396 1931 541 2016 praetoris
562 1928 663 1992 ductu
680 1928 788 1993 denuo
809 1928 978 1991 infeliciter
997 1949 1071 1990 cum
1089 1928 1144 1991 vi-

103 2024 185 2090 riatho
208 2027 408 2093 dimicatum.
434 2031 599 2093 Exercitus
622 2053 776 2098 romanus
794 2027 1032 2118 propemodum
1056 2029 1143 2092 occi·

105 2122 178 2190 dione
192 2152 291 2193 ooesus
310 2146 369 2194 cst.
384 2131 548 2194 Viriathus
566 2149 683 2219 tropaea
702 2132 735 2194 in
751 2132 916 2195 montibus
932 2132 997 2195 suis
1016 2131 1144 2219 posuit,

108 2227 196 2294 trabeis
215 2247 247 2294 et
262 2232 403 2296 fascibus
424 2234 670 2319 imperatorum,
690 2256 772 2321 quos
790 2233 933 2314 fuderat,
948 2233 989 2297 ad
1006 2232 1144 2321 ignomi-

10 2400 14 2406 ι
110 2347 170 2391 nun
183 2354 308 2395 romam
325 2355 467 2396 nominis
484 2351 646 2399 exornata.

27 2484 34 2499 .
139 2427 273 2495 XXXIV.
291 2433 397 2496 Etiam
418 2434 452 2496 C.
470 2433 637 2521 Nigidium
660 2457 677 2498 a
701 2434 849 2499 Viriatho
872 2437 995 2500 victum
1017 2435 1143 2522 reperio

111 2529 171 2611 apud
181 2555 282 2596 unum
299 2551 464 2597 auctorem
478 2558 545 2599 non
561 2558 600 2598 ex
612 2537 742 2624 optimis
763 2560 770 2599 :
787 2553 937 2600 caeterum
958 2559 1063 2624 neque
1076 2558 1144 2623 quo

10 2663 24 2701 ῃ
112 2632 213 2697 omnino
228 2650 393 2723 tempore,
415 2659 519 2723 neque
538 2660 604 2723 quo
628 2660 678 2701 res
699 2654 786 2725 gesta
806 2636 904 2700 modo
923 2638 983 2717 sit,
1001 2637 1143 2701 additur.

19 2812 26 2822 ι
45 2804 55 2815 ,
113 2725 183 2808 brot
194 2737 294 2826 magis
309 2753 452 2819 constat,
470 2738 628 2801 maximus
646 2761 682 2801 ea
697 2754 884 2825 tempestate
903 2754 1006 2801 terror
1022 2760 1059 2801 ex
1079 2740 1145 2802 Lu-

10 2820 57 2921 ml
112 2826 190 2899 itatis
206 2839 283 2920 fuit,
303 2862 405 2926 quum
427 2839 493 2903 dux
511 2839 644 2903 callidus
659 2854 692 2902 et
710 2840 814 2903 audax
832 2862 950 2927 genere
969 2840 1142 2907 bominum

10 2926 58 3139 ug
112 2925 249 3004 durissimo
267 2941 575 3027 bellicosissimoque
596 2956 751 3003 uteretur.
769 2939 867 3027 Apud
880 2939 1050 3003 Claudium
1067 2941 1145 3004 scri·

10 3062 18 3099 s

10 2158 45 2257 'l

112 3044 176 3111 Plan
190 3055 252 3119 cst,
271 3040 414 3127 quodam
430 3042 465 3104 in
486 3041 569 3105 saltu
585 3063 642 3128 per
660 3063 696 3105 ea
718 3056 862 3129 tempora
883 3040 969 3103 millo
990 3041 1144 3107 Romanis

34 3204 38 3221 ,
112 3125 245 3205 lusitanos
271 3157 434 3206 trecentos
460 3142 655 3222 occurrisse;
680 3163 790 3229 pugna
815 3141 1001 3220 commissa,
1026 3163 1064 3204 ex
1093 3141 1146 3205 bis

32 3245 33 3248 ’
111 3241 518 3328 “ptuginusttomanorum
528 3258 687 3307 trecentos
695 3243 845 3331 etviginti
855 3241 1144 3340 cecidisse:5leinde

112 3326 235 3406 Lusitanis
259 3344 394 3431 sparsim
417 3359 449 3407 et
476 3366 587 3406 secure
610 3343 876 3422 abscedentibus,
901 3366 1006 3407 unum
1028 3366 1143 3407 eorum

112 3433 216 3512 peditem
229 3442 271 3506 ab
288 3444 412 3531 aliquot
423 3444 563 3506 romanis
580 3445 743 3530 equitibus
757 3444 1030 3522 circumventum,
1047 3447 1143 3508 unius

112 3549 200 3617 fqutun
210 3543 323 3607 lancea
338 3543 532 3632 perfodisse,
548 3560 618 3607 tum
630 3545 762 3608 sessoris
776 3560 873 3631 caput
885 3567 952 3608 uno
967 3544 1034 3608 ictu
1047 3543 1145 3633 gladii
1197 3548 1204 3580 l

112 3626 284 3724 baulme
304 3646 346 3708 ita
366 3646 505 3725 factum,
523 3660 578 3725 ut,
597 3647 716 3708 caeteris
740 3644 884 3707 attonitis
906 3660 938 3706 et
956 3660 1043 3707 metu
1059 3666 1141 3708 cun·

112 3743 254 3827 clantibus,
271 3746 324 3810 ille
340 3746 381 3809 ad
397 3769 473 3809 suos
495 3747 598 3809 otiose
615 3761 647 3809 et
659 3745 870 3832 contemptim
891 3767 959 3822 sese
978 3744 1144 3832 reciperet.

140 3837 255 3909 XXXV.
282 3847 372 3910 Inter
391 3847 460 3910 haec
483 3846 517 3909 C.
541 3847 703 3928 Plautius,
723 3845 776 3909 dic
797 3844 838 3907 ad
861 3847 1018 3933 populum
1042 3845 1150 3927 dicta,

113 3925 248 4041 dfrtunatus·
269 3947 339 4034 lege
364 3946 554 4026 Maiestatis,
580 3946 670 4034 quod
696 3947 791 4010 rebus
818 3946 899 4009 male
922 3949 1018 4035 gestis
1042 3947 1145 4032 impe·

34 4047 44 4057 '
112 4047 172 4103 “Um
183 4047 290 4134 populi
306 4048 431 4112 romani
448 4048 636 4128 minuisset,
651 4047 753 4111 exsilii
767 4069 862 4111 causa
875 4047 981 4111 solum
997 4045 1144 4112 mutavit.

138 4237 262 4302 luunt.
273 4257 355 4303 From.
368 4258 440 4305 stru.
450 4258 499 4315 ΙΙΙ,
511 4272 542 4304 10
552 4268 577 4305 et
587 4271 597 4303 r
606 4272 625 4304 r.
633 4284 668 4293 —
676 4257 729 4304 Liv.
739 4258 804 4321 Epit.
811 4283 847 4293 -
855 4254 961 4319 Appiau.
972 4279 1006 4289 -
1014 4253 1142 4304 Constrnt.

10 4396 14 4415 ,
26 4356 33 4368 '
116 4316 234 4400 upum„
243 4349 305 4403 pm.
315 4339 355 4400 11,
367 4355 420 4405 esp.
436 4347 478 4394 at.
492 4367 526 4377 -
538 4343 614 4389 Auo.
625 4339 655 4388 de
665 4340 732 4387 Viris
744 4337 898 4398 illustribus,
910 4351 964 4399 esp.
978 4349 1019 4394 7¹·
1031 4363 1066 4371 -
1075 4337 1141 4398 Flor,

117 4397 143 4451 Ι1.
154 4422 292 4452 n...n...
