2594 4980
184 632 231 716 2¹18
361 624 426 699 lO.
452 630 790 699 FREINSHEMII
819 633 1060 703 SUPPLEM.

184 759 364 824 auxiliarios
376 758 499 845 equites
509 755 691 820 adduceret.
704 758 866 846 Excepere
873 758 1023 823 Celtiberi
1034 756 1237 824 redeuntem

184 861 372 948 insidiisque
384 882 497 923 eorum
510 859 689 945 conspectis
698 907 706 931 ,
715 858 878 922 sociorum
890 859 1052 945 equitatus
1066 858 1165 947 fugit3
1173 857 1238 921 Rie-

185 964 262 1043 sius,
271 962 428 1048 multique
439 983 514 1024 cum
522 982 562 1022 eo
570 961 718 1039 Romani,
727 959 852 1023 fortiter
860 977 1040 1049 pugnantes
1049 960 1237 1023 occubuere.

184 1066 263 1128 Tam
275 1063 394 1127 crebris
404 1062 564 1125 bellorum
575 1062 812 1125 offensionibus
825 1062 983 1126 sollicitati
993 1062 1158 1126 sociorum
1168 1076 1239 1125 sunt

183 1166 303 1228 animi:
317 1180 349 1227 et
364 1164 464 1227 Ocilis
479 1163 556 1226 urbs
573 1163 723 1251 gentihus
737 1164 798 1226 illis
814 1164 912 1244 clara,
926 1163 981 1226 nbi
997 1186 1129 1227 annona
1142 1180 1176 1227 et
1187 1185 1239 1252 pe·

183 1266 286 1330 cuniae
299 1267 523 1330 Romanorum
538 1263 758 1344 servabantur,
766 1263 808 1328 ad
824 1264 1000 1327 Celtiberos
1013 1263 1140 1327 defecit.
1157 1264 1239 1327 Con·

183 1368 250 1447 sul,
268 1367 361 1429 etiam
380 1365 501 1429 caeteris
517 1363 604 1427 idem
621 1365 720 1428 animi
739 1388 807 1429 esse
821 1365 1016 1453 suspicatus,
1029 1365 1091 1428 sub
1108 1364 1238 1453 pellibus

184 1469 360 1533 hiemavit:
380 1467 424 1529 ibi
446 1464 539 1529 multi
557 1466 696 1529 militum
720 1467 856 1554 penuria
873 1482 928 1529 aut
945 1466 1082 1555 lrigore,
1098 1464 1240 1529 seviebat

183 1571 271 1634 enim
282 1571 363 1633 acris
375 1569 496 1648 hiems,
508 1568 655 1631 exstincti
668 1583 753 1632 sunt.
767 1568 837 1631 Hoc
849 1568 977 1631 initium
989 1567 1052 1631 luit
1062 1566 1240 1631 numantini

183 1670 276 1749 belli,
296 1669 385 1757 quod
405 1691 610 1757 magnacum
628 1668 717 1733 clade
730 1691 767 1732 ac
781 1669 958 1757 ignominia
974 1670 1086 1758 populi
1104 1668 1240 1749 romani,

182 1773 372 1835 vicesimum
387 1770 428 1833 ad
440 1794 562 1834 annum
578 1769 775 1858 productum
790 1787 838 1833 est
851 1795 858 1834 :
872 1788 958 1834 tanta
970 1771 1164 1859 plerumque
1177 1772 1241 1835 vio·

183 1872 296 1952 lentia,
309 1889 423 1935 utnon
437 1888 500 1934 tam
514 1871 554 1935 de
566 1894 622 1951 eo,
633 1888 706 1935 uter
714 1871 854 1960 populus
864 1872 1051 1961 imperaret,
1061 1895 1159 1959 quam
1174 1888 1242 1937 uter

184 1991 284 2053 esset,
298 1991 485 2060 susceptum
500 1972 674 2037 videretur.

227 2077 295 2139 XL.
319 2078 361 2138 At
385 2075 416 2137 in
441 2075 594 2138 ulteriore
614 2076 768 2163 Hispania
786 2076 820 2141 L.
838 2076 1016 2140 Mummius
1034 2092 1155 2165 praetor
1171 2098 1242 2139 cunr

185 2179 319 2257 Caesare,
328 2200 425 2262 quem
435 2177 467 2239 in
479 2176 577 2239 occisi
587 2175 678 2239 ducis
688 2176 799 2264 punici
808 2177 914 2241 locum
925 2178 1243 2257 suffeceranthostes,

184 2279 305 2342 collatis
327 2279 425 2367 signis
446 2278 619 2342 dimicavit.
642 2278 759 2343 Pulsus
782 2302 856 2342 cum
878 2278 967 2343 clade
987 2280 1172 2366 Hispanus,
1190 2279 1245 2343 ubi

184 2382 339 2445 victorem
350 2381 525 2443 exercitum
535 2396 654 2444 temere
665 2381 792 2468 insequi
803 2381 954 2469 neglectis
963 2379 1134 2445 ordinibus
1141 2379 1245 2459 videt,

185 2483 374 2547 cohortatur
392 2505 486 2562 suos,
506 2483 666 2546 convertit
685 2504 818 2570 agmen,
839 2484 1017 2570 occisisque
1037 2482 1078 2546 de
1094 2481 1246 2547 Mummii

186 2584 327 2650 exercitu
342 2606 459 2647 novem
473 2584 631 2663 millibus,
645 2582 784 2671 praedam
796 2599 964 2671 castraque
973 2584 1037 2663 jam
1050 2584 1166 2647 amissa
1181 2604 1246 2647 non

186 2685 284 2749 modo
294 2701 478 2773 recuperat,
487 2708 600 2748 verum
613 2685 708 2748 etiam
719 2686 829 2749 castris
839 2686 981 2749 romanis
993 2685 1126 2774 potitur.
1139 2685 1249 2749 Mum·

187 2789 285 2867 mius,
303 2788 356 2849 cui
371 2787 517 2873 quinque
537 2786 663 2850 circiter
680 2786 777 2849 millia
796 2786 934 2849 militum
952 2802 1157 2874 supererant,
1181 2808 1247 2850 non

186 2912 283 2953 ausus
303 2904 456 2975 preterea
472 2889 599 2975 copiam
615 2886 782 2976 pugnandi
804 2888 924 2967 facere,
948 2887 1026 2950 tutis
1046 2885 1126 2949 locis
1147 2904 1249 2952 castra

186 3013 324 3079 ponens,
337 2990 420 3051 intra
433 2991 553 3052 vallum
566 2989 709 3052 studiose
721 2988 888 3051 exercebat
899 3010 992 3069 suos,
1004 2986 1109 3050 donec
1119 3010 1250 3075 parum·

186 3114 244 3178 per
256 3089 381 3151 animos
395 3089 583 3151 territorum
600 3087 815 3151 confirmaret.
831 3089 915 3151 'l'um
930 3089 964 3151 in
979 3088 1250 3175 praeteruehentes

186 3189 300 3278 praedae
321 3204 445 3275 partem
465 3187 618 3249 barbaros
643 3188 814 3274 eruptione
838 3188 936 3269 facta,
956 3187 1081 3267 disjecit
1101 3188 1249 3271 hostem,

186 3290 391 3378 praedamque
410 3304 442 3353 et
468 3289 574 3376 signa,
594 3311 665 3374 quae
688 3289 852 3369 amiserat,
873 3290 1019 3353 militaria
1037 3294 1248 3378 recuperarit

185 3392 303 3457 Iisdem
315 3390 429 3455 diebus
441 3391 583 3453 colentes
596 3391 640 3452 cis
652 3389 776 3477 Tagum
789 3412 918 3455 amnem
931 3390 1161 3455 Lusitanorum
1175 3393 1252 3457 ciri·

187 3512 277 3575 tates,
287 3496 449 3557 Caueoeno
461 3490 561 3572 duce,
574 3492 705 3554 Cuneus
716 3491 859 3555 invasere
869 3493 973 3556 socios
984 3494 1094 3582 populi
1105 3496 1251 3577 romani,

185 3596 331 3681 urbeque
341 3593 445 3679 ampla
457 3615 494 3655 ac
506 3592 631 3679 potenti
639 3592 859 3683 (Conisturgin
869 3594 1040 3681 vocabant)
1052 3614 1249 3686 expugnata,

187 3698 379 3777 trajecerunt
398 3696 563 3758 Oceanum
584 3718 591 3756 :
611 3693 704 3773 inde,
724 3693 831 3758 divisis
849 3695 970 3782 copiis,
992 3718 1064 3784 pars
1083 3696 1248 3787 adversam

186 3797 406 3861 continentem
420 3795 673 3882 populabantur;
683 3795 735 3858 alii
747 3795 861 3858 urbem
874 3795 987 3860 Ocilen
997 3797 1169 3864 obsidione
1179 3802 1249 3865 cin·

186 3914 307 3962 xerant.
329 3897 377 3961 lbi
398 3919 474 3960 vero
494 3899 529 3961 L.
550 3897 700 3959 Mummii
717 3919 775 3983 par
794 3895 951 3961 industria
970 3914 1003 3961 et
1023 3899 1158 3964 felic-itas
1177 3902 1248 3965 fuir.

187 3999 368 4066 Contractis
388 3999 455 4062 suis
472 4013 505 4061 et
522 3997 686 4061 sociorum
699 3997 822 4060 viribus
841 3994 892 4082 (in
914 3999 1101 4062 universum
1126 4000 1247 4086 equites

186 4103 374 4190 quingenti,
391 4123 465 4163 curn
477 4120 594 4161 novem
606 4097 753 4185 pediturn
764 4100 920 4179 millibus,
935 4100 1056 4187 erant),
1073 4101 1180 4189 primo
1195 4124 1249 4189 po·

186 4204 348 4288 pulatores
359 4222 541 4290 aggressus,
552 4197 740 4286 quindecim
748 4224 862 4265 eorum
874 4201 971 4265 millia
981 4203 1144 4267 interfecit
1154 4228 1162 4267 :
1173 4202 1250 4265 inde

222 4385 238 4449 §
250 4384 374 4432 XXXIX.
389 4381 464 4430 Diod.
480 4379 547 4445 apud
562 4380 630 4430 Fulr.
645 4382 702 4429 Urs.
714 4406 749 4418 ·-
760 4382 870 4447 Appian.
881 4383 982 4447 Hispan.
993 4408 1029 4419 --
1038 4382 1117 4431 Strsh.
1128 4382 1145 4431 1.
1157 4385 1204 4430 111.
