2594 4980
128 716 195 798 144
298 710 732 781 JO.FREINSHEM11
762 710 1008 781 SUPPLEM.

124 831 204 921 quid
219 847 327 894 autem
347 829 453 911 lieret,
467 830 529 918 ipsi
542 831 723 917 consulque
737 830 827 912 juxta
845 831 999 898 sciebant.
1016 833 1079 899 Sed
1093 836 1146 901 intr

122 934 285 1013 conclusi,
299 932 417 1019 quibus
433 933 577 996 locatum
594 954 677 1020 opus
694 931 814 1016 fuerat,
828 956 904 998 cum
921 934 1076 1001 uxoribus
1092 938 1146 1003 etl

122 1035 228 1112 beris,
246 1034 298 1098 alii
315 1032 514 1097 effodiebant
531 1033 737 1127 terram,.alii
755 1055 851 1099 naves
870 1036 982 1126 longas
998 1036 1146 1126 (supenb

121 1138 210 1202 enim
231 1159 271 1200 ex
292 1136 391 1200 veteri
412 1136 505 1223 copia
529 1134 695 1223 materies)
721 1135 947 1201 fabricabant:
972 1135 1097 1219 donec,
1111 1160 1146 1229 ps

122 1238 211 1303 fectis
227 1229 401 1319 omnibus‘,
421 1238 504 1301 circa
527 1238 665 1324 primam
689 1238 796 1301 lucem
814 1253 927 1327 aperto
944 1254 1061 1328 portu,
1079 1238 1146 1306 subit

121 1341 228 1406 classis
255 1341 387 1404 emicuit
408 1339 590 1403 triremium
614 1339 866 1428 quinquaginta,
887 1362 963 1404 cum
989 1342 1146 1409 cereum«

119 1443 315 1531 paeonibus,
342 1442 477 1529 aliisque
505 1441 680 1506 levioribus
710 1441 843 1531 navigiis
869 1441 958 1507 haud
985 1444 1146 1533 paucis‚t

119 1566 252 1608 omnem
279 1565 375 1607 usum
402 1543 477 1607 bebi
505 1557 726 1630 terroremque
749 1544 893 1608 hostium
917 1544 1146 1612 instructissimi

121 1647 268 1728 Constat,
287 1647 313 1710 si
329 1645 436 1709 statim
452 1643 678 1734 adnavigatum
700 1661 783 1710 esset
798 1668 939 1711 romanae
958 1646 1069 1729 classi,
1082 1663 1146 1713 totu

119 1749 151 1810 in
168 1747 312 1811 hostium
326 1761 518 1834 potestatem
532 1747 632 1811 fuisse
645 1749 788 1810 futuram
805 1770 813 1810 ε
831 1747 912 1811 odeo
928 1747 1000 1837 ipso
1014 1750 1089 1814 nori
1102 1770 1146 1839 por

119 1864 172 1913 tus
187 1866 219 1914 et
233 1850 340 1915 classis
354 1850 510 1913 hactenus
524 1849 680 1938 ignoratn
692 1849 848 1913 miraculo
858 1850 989 1913 attoniti
1001 1851 1146 1917 obsessor«

119 1967 234 2014 erant:
250 1951 441 2031 accedebat,
457 1949 548 2037 quod
566 1950 693 2015 nautica
709 1951 805 2016 turbe
823 1951 890 2015 fere
910 1952 1018 2015 omnis
1036 1950 1079 2017 ad
1094 1950 1146 2017 urb

118 2051 344 2140 oppugnandae
373 2053 475 2116 varias
502 2067 607 2139 partes
632 2051 789 2134 abducta,
813 2075 929 2116 vacuas
958 2052 1146 2120 defensoribr

118 2173 214 2214 naves
238 2152 420 2239 reliquerat.
446 2152 632 2216 Maluerunt
655 2153 747 2216 Poeni
772 2154 990 2220 ostentatione
1008 2156 1146 2221 viriumr

117 2252 300 2334 industrias,
313 2255 442 2316 inanem
458 2253 597 2317 letitiam
610 2275 757 2340 pascere,
771 2277 869 2342 quam
886 2255 1029 2320 solidum
1044 2256 1146 2345 aliquot

118 2354 260 2417 fructum
277 2354 361 2417 ferre
379 2355 460 2416 tanti
477 2353 617 2418 laboris:
638 2377 744 2441 neque
766 2355 854 2418 onim
874 2355 915 2419 ad
936 2379 1069 2447 magnas
1089 2380 1146 2425 otu

118 2454 224 2518 siones
241 2477 370 2543 semper
387 2477 484 2544 gnara
502 2455 617 2519 utendi
636 2478 728 2520 mens
746 2456 935 2520 hominibus
956 2457 1054 2524 datur
1070 2484 1080 2525 t
1097 2460 1146 2525 ω’

117 2557 208 2643 tique
224 2557 318 2619 citius
334 2556 478 2621 abstrusa
491 2573 678 2644 penetrare,
693 2579 791 2644 quam
804 2580 876 2645 quoe
891 2559 1080 2648 antepedes
1090 2582 1146 2625 eru

117 2658 238 2743 posita,
260 2659 444 2746 prospicere
466 2675 622 2747 potuere;
649 2658 730 2723 dum
754 2660 822 2724 istis
847 2661 962 2724 acriter
986 2661 1146 2743 intenti,r

118 2760 289 2846 propiora,
309 2777 463 2848 tanquam
484 2761 566 2825 nihil
583 2761 732 2827 habitura
748 2763 875 2851 magni,
895 2763 1038 2850 quodam
1055 2763 1146 2831 fastidi

118 2861 376 2950 negligentiaque
398 2863 544 2952 caligant.

161 2963 248 3026 XVl.
260 2965 369 3027 'lertio
381 2980 456 3052 post
464 2964 516 3029 die
531 2964 641 3028 denuo
653 2965 787 3053 egressis
801 2964 957 3028 instructa
969 2965 1036 3044 jam
1050 2986 1146 3030 romu

116 3065 223 3128 classis
237 3085 272 3129 se
286 3065 421 3147 objecit:
435 3082 615 3154 pugnatum
630 3081 679 3129 est
691 3087 816 3128 summa
833 3067 986 3152 utrinque
998 3066 1146 3131 animortu

115 3189 356 3255 corporumque
372 3167 600 3247 contentione3
617 3188 719 3252 quum
737 3166 771 3228 in
789 3165 853 3229 hoc
870 3166 1046 3230 certamine
1063 3180 1146 3233 tota·

116 3266 168 3329 alii
194 3269 321 3349 salutis,
343 3269 396 3331 alii
418 3267 560 3330 rimorioe
584 3290 674 3355 spem
702 3267 878 3331 consistere
905 3266 994 3331 haud
1018 3266 1146 3333 immed

116 3368 342 3434 existimarent.
358 3369 490 3433 Punicoe
505 3391 601 3433 naves
616 3385 655 3433 ut
670 3368 893 3458 magnitudine
908 3369 1075 3434 hostilium
1091 3390 1146 3458 urg

10 3534 13 3543 ,
115 3469 249 3552 bantur,
267 3474 311 3534 ita
328 3469 466 3533 nauticis
482 3470 604 3534 artibus
620 3487 654 3535 et
670 3471 796 3534 levitate
813 3470 1042 3534 subducebant
1055 3493 1088 3535 se
1101 3490 1146 3559 pa

116 3574 213 3652 culis,
237 3595 344 3659 neque
366 3569 571 3636 mediocriter
592 3571 880 3637 incommodabant
897 3572 1063 3654 hostibus,
1077 3592 1146 3660 qunt

117 3675 212 3737 celeri
228 3673 367 3761 appulsu
386 3695 482 3736 naves
503 3673 588 3737 inter
608 3689 640 3737 et
661 3696 826 3737 remorum
845 3674 1002 3761 palmulas
1017 3673 1146 3738 subintrt

116 3790 204 3853 rent3
217 3790 251 3838 et
266 3773 341 3837 alibi
357 3774 515 3838 terebrata
531 3797 654 3863 puppe,
674 3775 749 3838 alibi
768 3773 997 3864 gubernaculis
1012 3789 1071 3839 aut
1083 3792 1146 3837 rent

115 3874 265 3953 detersis,
289 3890 346 3938 aut
362 3876 425 3940 alio
441 3898 499 3963 per
517 3878 719 3941 occasionem
739 3876 813 3940 dato
835 3874 973 3956 damno,
992 3878 1146 3965 priusquu

114 3975 294 4063 prohiberi,
311 3993 367 4039 aut
387 3979 483 4065 plecti
501 3993 648 4065 possent,
671 3976 783 4040 eadem
804 3977 964 4040 celeritate
984 3976 1146 4065 refugeret

115 4078 212 4140 Hunc
232 4077 273 4141 ad
294 4079 428 4143 modum
447 4101 550 4167 quum
571 4079 734 4144 adseram
754 4100 858 4166 usque
876 4101 1040 4167 vesperam
1058 4080 1146 4142 inoetl

115 4178 248 4242 victoria
277 4198 458 4269 pugnatum
490 4198 592 4263 esset,
618 4181 808 4270 punicarum
831 4181 960 4243 navium
981 4179 1146 4269 gubernet*

153 4378 169 4441 S
189 4382 248 4429 XV.
267 4384 347 4431 Strab.
365 4385 408 4432 lib.
426 4385 584 4450 1v11,pag.
603 4387 661 4434 833.
681 4414 715 4424 -
731 4386 784 4435 Liv.
800 4387 866 4451 Epit.
883 4415 919 4423 -
933 4389 1041 4453 Appiau.
1058 4412 1091 4425 -
1107 4382 1146 4431 Pl*

120 4461 160 4516 ll,
178 4463 217 4510 15.
