2594 4980
11 27 1185 365 u

102 716 170 791 252
276 723 343 792 JO.
372 726 710 797 FREINSHEMII
738 724 990 797 SUPPLEbb

100 843 231 932 segnius
247 845 312 926 bae,
329 868 427 933 quam
443 846 522 928 viri,
538 845 784 935 preliabantur3
804 865 873 909 non
889 842 995 935 lugo,
1011 864 1076 909 non
1092 842 1145 925 eju·

99 945 184 1010 latus
205 946 290 1010 inter
307 947 388 1011 dum
409 969 586 1028 memores,
600 946 658 1011 sed
674 968 743 1010 uno
759 960 851 1013 metu
867 944 1051 1027 servitutis,
1065 966 1143 1033 quun

99 1047 182 1112 adeo
198 1049 371 1112 tristiorem
384 1066 489 1113 morte
501 1048 709 1129 judicabant,
720 1063 759 1111 ut
769 1060 870 1135 ouptte
885 1066 989 1135 seque
999 1060 1035 1111 et
1045 1046 1143 1111 liberos

100 1149 333 1231 interficerent,
346 1152 409 1215 boc
422 1152 492 1216 solo
508 1152 653 1240 placente
668 1150 746 1239 ipsis
759 1170 878 1239 genere
890 1148 1142 1213 manumissionis

100 1252 228 1316 Venere
242 1267 349 1317 tamen
367 1253 401 1315 in
415 1251 614 1317 deditionem
625 1252 750 1340 aliquot
761 1250 879 1332 urbes,
889 1264 925 1315 et
936 1250 1026 1329 inter
1038 1266 1143 1321 mittit

99 1353 234 1442 insignis
251 1354 439 1418 Talabrica:
458 1375 566 1442 neque
587 1352 710 1418 diutius
733 1352 769 1416 in
792 1350 857 1417 fide
879 1372 1048 1433 mansere,
1066 1372 1142 1439 qun

99 1455 265 1542 praesentis
280 1457 438 1519 exercitus
455 1471 559 1519 terror
571 1455 727 1544 exigeret3
743 1452 888 1543 digresso
901 1452 979 1535 illo,
992 1448 1142 1517 iterumad

99 1556 208 1643 priora
223 1557 356 1620 consilia
374 1556 522 1622 revoluti.

143 1657 300 1719 XXXIII.
327 1656 531 1723 tia-defectio
545 1659 677 1723 retraxit
691 1658 850 1738 Brutum3
866 1670 1013 1745 suntque
1027 1654 1068 1721 tle
1079 1655 1142 1719 inte·

99 1781 159 1846 gro
169 1757 315 1838 domitae,
327 1781 399 1845 quae
410 1758 526 1847 jugum
535 1774 758 1841 excusserant,
771 1757 928 1823 civitates.
938 1758 1019 1823 Hreo
1028 1778 1142 1823 suorum

99 1862 228 1923 torturis
241 1860 481 1924 Talabricenses
493 1861 615 1951 coegit,
631 1875 669 1923 ut
682 1860 798 1925 iterum
815 1874 962 1923 oratores
976 1856 1142 1923 humillimis

99 1983 175 2023 cum
191 1961 340 2050 precibus
360 1963 543 2044 mitterent,
557 1961 668 2026 omnia
684 1961 789 2026 facere
805 1974 954 2049 paratos,
972 1982 1046 2049 qun
1060 1959 1143 2049 impe*

98 2077 228 2129 returns
244 2081 337 2127 esset.
360 2064 527 2145 Sciebant,
542 2086 609 2151 prae
627 2063 697 2128 aliis
713 2063 831 2127 iratum
847 2062 1078 2151 infensumque
1095 2058 1142 2127 tbi

99 2166 284 2226 Romanum
301 2187 386 2241 esse,
407 2162 496 2250 quod
516 2164 632 2253 saepius
655 2165 789 2253 petitam
811 2179 1044 2253 acceptumque
1065 2160 1142 2227 Μαι

98 2263 275 2326 ludibrio
257 2266 523 2352 contemptuique
541 2265 733 2330 habuerant.

144 2365 296 2429 XXXIV
325 2367 462 2445 Brutus,
486 2366 629 2454 captivos
651 2366 866 2455 perfugasque
886 2382 920 2431 et
943 2388 1034 2431 arma
1056 2363 1143 2429 omnia

100 2465 240 2541 tradere,
255 2466 373 2530 deind(
390 2490 464 2531 cum
483 2468 640 2531 uxoribus
656 2467 830 2554 liberisque
850 2466 977 2558 oppido
994 2464 1143 2543 excedat,

95 2568 208 2646 jussit:
222 2567 312 2653 quod
324 2568 381 2630 ubi
399 2568 440 2631 ab
456 2568 646 2633 hominibus
663 2583 805 2641 extrema
819 2570 1013 2635 necessitate
1025 2565 1144 2634 subsstis

98 2668 289 2732 obedienter
312 2670 432 2733 facturn
455 2685 520 2749 est,
540 2685 664 2733 armato
688 2670 790 2733 milite
811 2671 1029 2737 circumfusos
1050 2670 1144 2736 acriter

99 2770 274 2858 increpuit,
293 2769 420 2857 quoties
443 2786 623 2835 mutassent
637 2769 754 2851 fidem,
772 2771 814 2835 ad
832 2788 915 2860 quot
929 2772 1016 2838 bella
1035 2794 1070 2838 se
1084 2790 1143 2837 ωε·

97 2874 237 2962 gissent,
253 2895 447 2937 enumerans
464 2896 472 2937 ι
489 2870 605 2937 additis
623 2870 740 2937 deinde
759 2874 915 2939 conviciis
933 2876 1047 2961 multis
1060 2892 1142 2963 quun

96 2974 138 3038 ud
148 2964 280 3039 ultimos
293 2991 398 3038 metus
411 2973 612 3054 adduxisset,
623 2974 775 3054 subjecit,
786 2975 1002 3041 nibilominus
1011 2999 1046 3043 se
1055 2973 1142 3065 potittt

98 3078 130 3141 in
150 3100 223 3158 eos,
245 3101 305 3166 pro
324 3076 425 3138 moris
440 3076 567 3139 romani
584 3075 733 3157 lenitate,
751 3098 852 3164 quam
867 3076 1020 3164 ipsorum
1033 3074 1141 3151 debito,

95 3178 334 3241 consulturum.
358 3177 385 3238 F
377 3199 457 3261 quis
480 3174 614 3257 deinde,
634 3193 666 3241 et
685 3175 801 3265 quod
792 3198 827 3239 ιιι
853 3177 991 3264 publico
1007 3170 1141 3243 frumenti

97 3279 324 3394 pecuniaeque,
340 3291 372 3338 et
391 3297 499 3339 rerum
516 3276 650 3340 abarum
665 3277 770 3341 fuerat
778 3275 987 3365 ,ademptis,
1005 3272 1140 3367 oppidum

97 3380 173 3467 ipsis
187 3377 413 3456 incolendum,
428 3391 543 3463 praeter
554 3400 686 3442 omnem
700 3378 995 3464 exspectationem,
1012 3371 1140 3443 reddidit

97 3483 173 3544 llere
193 3479 319 3589 prius
312 3500 329 3539 ι
351 3479 452 3540 Βιιιιο
472 3494 573 3565 gesta,
600 3502 697 3565 quam
717 3501 794 3543 cum
812 3480 858 3544 M.
878 3478 1040 3545 AEmilio'
1030 3502 1064 3543 m
1079 3474 1143 3539 Vat-

95 3600 177 3640 eaeos
192 3577 408 3663 irrumperet,
424 3577 620 3641 existimavi:
637 3599 712 3641 nam
728 3578 923 3643 interdum
913 3603 949 3645 ιιι
967 3581 1143 3669 scriptorum

96 3678 237 3756 incuria,
265 3693 321 3740 aut
344 3699 471 3765 pugna,
496 3676 722 3743 difficillimum
754 3678 790 3743 fit
814 3681 882 3745 suis
909 3704 1049 3770 quasque
1073 3690 1148 3769 guli

98 3778 298 3867 temporibus
315 3776 459 3842 reddere.

140 3882 275 3945 XXXV.
296 3881 408 3963 Quum
421 3881 501 3945 tanti
515 3902 573 3968 per
588 3880 752 3970 Europam
769 3880 895 3969 ubique
910 3898 1022 3951 motus
1035 3842 1154 3945 essent

96 3985 183 4048 baud
204 3984 323 4047 leviore
345 3984 490 4047 tumultu
513 4004 670 4047 concussa
695 3982 839 4047 Orientis
861 4006 964 4073 regna
985 3982 1156 4047 intremue-

95 4102 196 4149 runt:
214 4107 293 4171 quas
308 4083 351 4145 ob
369 4106 418 4148 res
435 4069 642 4170 frequentes
634 4106 667 4146 ιιι
683 4083 806 4147 Urbem
825 4083 1004 4174 legationes
1019 4078 1156 4149 abit,

95 4202 127 4248 et
150 4211 167 4249 a
191 4184 335 4248 Diodoto
359 4207 398 4248 ex
417 4185 527 4271 Syria,
553 4205 689 4264 venere,
717 4186 775 4271 qui
791 4206 932 4272 regnum
953 4182 1032 4251 illud
1048 4190 1156 4247 ΜΞ

95 4303 315 4373 occupaverat.
342 4287 474 4373 Quippe
495 4284 659 4348 Demetrio
682 4286 852 4364 Nicatore,
873 4302 1028 4376 utsupra
1043 4294 1155 4347 mem&

132 4481 270 4544 §xxxlt
285 4483 364 4530 strab.
376 4481 419 4531 lib.
433 4483 478 4529 lll.
493 4508 527 4518 -
542 4481 649 4546 Appiae.
