<?xml version="1.0" encoding="UTF-8"?>
<!DOCTYPE html PUBLIC "-//W3C//DTD XHTML 1.0 Transitional//EN"
    "http://www.w3.org/TR/xhtml1/DTD/xhtml1-transitional.dtd">
<html xmlns="http://www.w3.org/1999/xhtml" xml:lang="en" lang="en">
 <head>
  <title>
</title>
<meta http-equiv="Content-Type" content="text/html;charset=utf-8" />
  <meta name='ocr-system' content='tesseract 3.04.00' />
  <meta name='ocr-capabilities' content='ocr_page ocr_carea ocr_par ocr_line ocrx_word'/>
</head>
<body>
  <div class='ocr_page' id='page_1' title='image "./titusliviuspata00freigoog_0015.png"; bbox 0 0 2594 4980; ppageno 0'>
   <div class='ocr_carea' id='block_1_1' title="bbox 192 750 1076 839">
    <p class='ocr_par' dir='ltr' id='par_1_1' title="bbox 192 750 1076 839">
     <span class='ocr_line' id='line_1_1' title="bbox 192 750 1076 839; baseline -0.006 -17"><span class='ocrx_word' id='word_1_1' title='bbox 192 759 214 839; x_wconf 69' lang='grc'>4</span> <span class='ocrx_word' id='word_1_2' title='bbox 368 757 435 821; x_wconf 83' lang='lat' dir='ltr'>JO.</span> <span class='ocrx_word' id='word_1_3' title='bbox 464 751 800 820; x_wconf 83' lang='lat' dir='ltr'>FREINSHEMll</span> <span class='ocrx_word' id='word_1_4' title='bbox 831 750 1076 819; x_wconf 89' lang='lat' dir='ltr'>SUPPLEM.</span> 
     </span>
    </p>
   </div>
   <div class='ocr_carea' id='block_1_2' title="bbox 186 869 1254 4093">
    <p class='ocr_par' dir='ltr' id='par_1_2' title="bbox 187 869 1254 2655">
     <span class='ocr_line' id='line_1_2' title="bbox 193 869 1248 957; baseline 0 -21"><span class='ocrx_word' id='word_1_5' title='bbox 193 877 312 954; x_wconf 85' lang='lat' dir='ltr'>majore</span> <span class='ocrx_word' id='word_1_6' title='bbox 328 873 428 950; x_wconf 88' lang='lat' dir='ltr'>bello,</span> <span class='ocrx_word' id='word_1_7' title='bbox 443 869 575 956; x_wconf 80' lang='lat' dir='ltr'>inalpini</span> <span class='ocrx_word' id='word_1_8' title='bbox 591 869 672 932; x_wconf 89' lang='lat' dir='ltr'>Galli</span> <span class='ocrx_word' id='word_1_9' title='bbox 691 884 723 931; x_wconf 91' lang='lat' dir='ltr'>et</span> <span class='ocrx_word' id='word_1_10' title='bbox 742 869 873 957; x_wconf 85' lang='lat' dir='ltr'>Ligures</span> <span class='ocrx_word' id='word_1_11' title='bbox 894 869 1066 956; x_wconf 80' lang='lat' dir='ltr'>provinciae</span> <span class='ocrx_word' id='word_1_12' title='bbox 1083 872 1191 936; x_wconf 82' lang='lat' dir='ltr'>suere:</span> <span class='ocrx_word' id='word_1_13' title='bbox 1210 897 1248 936; x_wconf 87' lang='lat' dir='ltr'>cx</span> 
     </span>
     <span class='ocr_line' id='line_1_3' title="bbox 193 970 1253 1062; baseline -0.002 -23"><span class='ocrx_word' id='word_1_14' title='bbox 193 994 328 1062; x_wconf 90' lang='lat' dir='ltr'>utraque</span> <span class='ocrx_word' id='word_1_15' title='bbox 351 988 447 1061; x_wconf 88' lang='lat' dir='ltr'>gente</span> <span class='ocrx_word' id='word_1_16' title='bbox 468 970 721 1058; x_wconf 79' lang='lat' dir='ltr'>triumplratum3</span> <span class='ocrx_word' id='word_1_17' title='bbox 746 992 850 1056; x_wconf 91' lang='lat' dir='ltr'>quum</span> <span class='ocrx_word' id='word_1_18' title='bbox 872 972 922 1034; x_wconf 91' lang='lat' dir='ltr'>Cl.</span> <span class='ocrx_word' id='word_1_19' title='bbox 941 970 1110 1034; x_wconf 86' lang='lat' dir='ltr'><strong>Marcellus</strong></span> <span class='ocrx_word' id='word_1_20' title='bbox 1128 973 1253 1056; x_wconf 81' lang='lat' dir='ltr'>Gallos,</span> 
     </span>
     <span class='ocr_line' id='line_1_4' title="bbox 191 1071 1253 1163; baseline -0.004 -21"><span class='ocrx_word' id='word_1_21' title='bbox 191 1082 226 1143; x_wconf 88' lang='lat' dir='ltr'>C.</span> <span class='ocrx_word' id='word_1_22' title='bbox 242 1075 402 1163; x_wconf 86' lang='lat' dir='ltr'>Sulpicius</span> <span class='ocrx_word' id='word_1_23' title='bbox 419 1074 551 1160; x_wconf 80' lang='lat' dir='ltr'>Ligures</span> <span class='ocrx_word' id='word_1_24' title='bbox 568 1071 755 1159; x_wconf 84' lang='lat' dir='ltr'>subegisset.</span> <span class='ocrx_word' id='word_1_25' title='bbox 773 1072 1004 1136; x_wconf 88' lang='lat' dir='ltr'>Consularibus</span> <span class='ocrx_word' id='word_1_26' title='bbox 1018 1072 1135 1138; x_wconf 89' lang='lat' dir='ltr'>deinde</span> <span class='ocrx_word' id='word_1_27' title='bbox 1152 1078 1253 1138; x_wconf 89' lang='lat' dir='ltr'>comi·</span> 
     </span>
     <span class='ocr_line' id='line_1_5' title="bbox 192 1172 1253 1263; baseline -0.004 -21"><span class='ocrx_word' id='word_1_28' title='bbox 192 1179 243 1243; x_wconf 90' lang='lat' dir='ltr'>tiis</span> <span class='ocrx_word' id='word_1_29' title='bbox 260 1192 345 1240; x_wconf 86' lang='lat' dir='ltr'>tanta</span> <span class='ocrx_word' id='word_1_30' title='bbox 362 1172 608 1236; x_wconf 90' lang='lat' dir='ltr'>candidatorum</span> <span class='ocrx_word' id='word_1_31' title='bbox 623 1172 756 1237; x_wconf 83' lang='lat' dir='ltr'>ambitio</span> <span class='ocrx_word' id='word_1_32' title='bbox 772 1173 849 1256; x_wconf 86' lang='lat' dir='ltr'>luit,</span> <span class='ocrx_word' id='word_1_33' title='bbox 862 1190 900 1236; x_wconf 92' lang='lat' dir='ltr'>ut</span> <span class='ocrx_word' id='word_1_34' title='bbox 915 1191 1092 1238; x_wconf 87' lang='lat' dir='ltr'>convocato</span> <span class='ocrx_word' id='word_1_35' title='bbox 1108 1176 1142 1238; x_wconf 92' lang='lat' dir='ltr'>in</span> <span class='ocrx_word' id='word_1_36' title='bbox 1159 1179 1253 1263; x_wconf 88' lang='lat' dir='ltr'>Capi-</span> 
     </span>
     <span class='ocr_line' id='line_1_6' title="bbox 191 1273 1252 1363; baseline -0.005 -19"><span class='ocrx_word' id='word_1_37' title='bbox 191 1280 305 1344; x_wconf 90' lang='lat' dir='ltr'>tolium</span> <span class='ocrx_word' id='word_1_38' title='bbox 321 1290 434 1340; x_wconf 90' lang='lat' dir='ltr'>senatu</span> <span class='ocrx_word' id='word_1_39' title='bbox 444 1296 528 1361; x_wconf 91' lang='lat' dir='ltr'>opus</span> <span class='ocrx_word' id='word_1_40' title='bbox 542 1288 635 1336; x_wconf 81' lang='lat' dir='ltr'>esset.</span> <span class='ocrx_word' id='word_1_41' title='bbox 653 1273 701 1336; x_wconf 90' lang='lat' dir='ltr'>Eo</span> <span class='ocrx_word' id='word_1_42' title='bbox 713 1296 746 1336; x_wconf 92' lang='lat' dir='ltr'>se</span> <span class='ocrx_word' id='word_1_43' title='bbox 761 1274 877 1337; x_wconf 87' lang='lat' dir='ltr'>milvus</span> <span class='ocrx_word' id='word_1_44' title='bbox 895 1275 960 1337; x_wconf 89' lang='lat' dir='ltr'>avis</span> <span class='ocrx_word' id='word_1_45' title='bbox 973 1275 1098 1355; x_wconf 87' lang='lat' dir='ltr'>intulit,</span> <span class='ocrx_word' id='word_1_46' title='bbox 1111 1294 1252 1363; x_wconf 90' lang='lat' dir='ltr'>raptam·</span> 
     </span>
     <span class='ocr_line' id='line_1_7' title="bbox 191 1373 1253 1468; baseline -0.003 -25"><span class='ocrx_word' id='word_1_47' title='bbox 191 1378 307 1468; x_wconf 85' lang='lat' dir='ltr'>quode</span> <span class='ocrx_word' id='word_1_48' title='bbox 325 1376 402 1440; x_wconf 90' lang='lat' dir='ltr'>cella</span> <span class='ocrx_word' id='word_1_49' title='bbox 417 1374 504 1437; x_wconf 85' lang='lat' dir='ltr'>lovis</span> <span class='ocrx_word' id='word_1_50' title='bbox 515 1374 685 1437; x_wconf 82' lang='lat' dir='ltr'>mustelam</span> <span class='ocrx_word' id='word_1_51' title='bbox 699 1375 731 1437; x_wconf 87' lang='lat' dir='ltr'>in</span> <span class='ocrx_word' id='word_1_52' title='bbox 745 1373 889 1438; x_wconf 89' lang='lat' dir='ltr'>medium</span> <span class='ocrx_word' id='word_1_53' title='bbox 906 1397 1093 1439; x_wconf 87' lang='lat' dir='ltr'>consessum</span> <span class='ocrx_word' id='word_1_54' title='bbox 1107 1379 1204 1443; x_wconf 87' lang='lat' dir='ltr'>misit.</span> <span class='ocrx_word' id='word_1_55' title='bbox 1216 1378 1253 1441; x_wconf 93' lang='lat' dir='ltr'>ld</span> 
     </span>
     <span class='ocr_line' id='line_1_8' title="bbox 190 1473 1252 1568; baseline -0.001 -26"><span class='ocrx_word' id='word_1_56' title='bbox 190 1479 375 1568; x_wconf 83' lang='lat' dir='ltr'>prodigium</span> <span class='ocrx_word' id='word_1_57' title='bbox 390 1475 490 1539; x_wconf 91' lang='lat' dir='ltr'>solitis</span> <span class='ocrx_word' id='word_1_58' title='bbox 502 1473 678 1554; x_wconf 89' lang='lat' dir='ltr'>sacrificiis,</span> <span class='ocrx_word' id='word_1_59' title='bbox 689 1491 721 1537; x_wconf 92' lang='lat' dir='ltr'>et</span> <span class='ocrx_word' id='word_1_60' title='bbox 734 1475 926 1539; x_wconf 83' lang='lat' dir='ltr'>lustratione</span> <span class='ocrx_word' id='word_1_61' title='bbox 939 1476 1027 1540; x_wconf 86' lang='lat' dir='ltr'>urbis</span> <span class='ocrx_word' id='word_1_62' title='bbox 1043 1496 1252 1564; x_wconf 89' lang='lat' dir='ltr'>procuratum</span> 
     </span>
     <span class='ocr_line' id='line_1_9' title="bbox 189 1577 1253 1664; baseline -0.002 -18"><span class='ocrx_word' id='word_1_63' title='bbox 189 1598 248 1646; x_wconf 88' lang='lat' dir='ltr'>est.</span> <span class='ocrx_word' id='word_1_64' title='bbox 270 1581 367 1643; x_wconf 90' lang='lat' dir='ltr'>Plura</span> <span class='ocrx_word' id='word_1_65' title='bbox 396 1599 472 1641; x_wconf 83' lang='lat' dir='ltr'>mox</span> <span class='ocrx_word' id='word_1_66' title='bbox 497 1598 634 1663; x_wconf 85' lang='lat' dir='ltr'>sequens</span> <span class='ocrx_word' id='word_1_67' title='bbox 657 1598 762 1639; x_wconf 87' lang='lat' dir='ltr'>annus</span> <span class='ocrx_word' id='word_1_68' title='bbox 785 1577 909 1657; x_wconf 81' lang='lat' dir='ltr'>atttdit,</span> <span class='ocrx_word' id='word_1_69' title='bbox 928 1601 1031 1664; x_wconf 90' lang='lat' dir='ltr'>quum</span> <span class='ocrx_word' id='word_1_70' title='bbox 1054 1581 1090 1643; x_wconf 86' lang='lat' dir='ltr'>T.</span> <span class='ocrx_word' id='word_1_71' title='bbox 1115 1581 1253 1644; x_wconf 87' lang='lat' dir='ltr'>Manlius</span> 
     </span>
     <span class='ocr_line' id='line_1_10' title="bbox 188 1677 1253 1764; baseline -0.001 -18"><span class='ocrx_word' id='word_1_72' title='bbox 188 1686 227 1746; x_wconf 88' lang='grc' dir='ltr'>Α.</span> <span class='ocrx_word' id='word_1_73' title='bbox 239 1682 274 1744; x_wconf 88' lang='lat' dir='ltr'>F.</span> <span class='ocrx_word' id='word_1_74' title='bbox 287 1681 324 1742; x_wconf 84' lang='lat' dir='ltr'>T.</span> <span class='ocrx_word' id='word_1_75' title='bbox 337 1680 379 1742; x_wconf 90' lang='grc' dir='ltr'>Ν.</span> <span class='ocrx_word' id='word_1_76' title='bbox 393 1680 592 1764; x_wconf 83' lang='lat' dir='ltr'>Torquatus,</span> <span class='ocrx_word' id='word_1_77' title='bbox 603 1678 663 1741; x_wconf 89' lang='lat' dir='ltr'>Cn.</span> <span class='ocrx_word' id='word_1_78' title='bbox 679 1677 831 1740; x_wconf 86' lang='lat' dir='ltr'>Octavius</span> <span class='ocrx_word' id='word_1_79' title='bbox 848 1678 908 1742; x_wconf 89' lang='lat' dir='ltr'>Cn.</span> <span class='ocrx_word' id='word_1_80' title='bbox 925 1678 960 1743; x_wconf 90' lang='lat' dir='ltr'>F.</span> <span class='ocrx_word' id='word_1_81' title='bbox 975 1679 1035 1742; x_wconf 89' lang='lat' dir='ltr'>Cn.</span> <span class='ocrx_word' id='word_1_82' title='bbox 1048 1681 1088 1744; x_wconf 88' lang='lat' dir='ltr'>N.</span> <span class='ocrx_word' id='word_1_83' title='bbox 1106 1684 1253 1745; x_wconf 88' lang='lat' dir='ltr'>consula-</span> 
     </span>
     <span class='ocr_line' id='line_1_11' title="bbox 187 1778 1251 1864; baseline -0.001 -18"><span class='ocrx_word' id='word_1_84' title='bbox 187 1800 258 1846; x_wconf 86' lang='lat' dir='ltr'>tum</span> <span class='ocrx_word' id='word_1_85' title='bbox 274 1779 473 1842; x_wconf 57' lang='lat' dir='ltr'>‹inirissenu</span> <span class='ocrx_word' id='word_1_86' title='bbox 492 1800 567 1841; x_wconf 87' lang='lat' dir='ltr'>nam</span> <span class='ocrx_word' id='word_1_87' title='bbox 590 1794 624 1840; x_wconf 89' lang='lat' dir='ltr'>et</span> <span class='ocrx_word' id='word_1_88' title='bbox 639 1778 821 1864; x_wconf 87' lang='lat' dir='ltr'>pestilentia</span> <span class='ocrx_word' id='word_1_89' title='bbox 839 1779 884 1842; x_wconf 91' lang='lat' dir='ltr'>sic</span> <span class='ocrx_word' id='word_1_90' title='bbox 907 1779 940 1841; x_wconf 89' lang='lat' dir='ltr'>in</span> <span class='ocrx_word' id='word_1_91' title='bbox 965 1779 1054 1842; x_wconf 90' lang='lat' dir='ltr'>Urbe</span> <span class='ocrx_word' id='word_1_92' title='bbox 1072 1781 1251 1845; x_wconf 90' lang='lat' dir='ltr'>laboratum</span> 
     </span>
     <span class='ocr_line' id='line_1_12' title="bbox 189 1879 1252 1970; baseline -0.001 -22"><span class='ocrx_word' id='word_1_93' title='bbox 189 1899 255 1962; x_wconf 79' lang='lat' dir='ltr'>est,</span> <span class='ocrx_word' id='word_1_94' title='bbox 266 1898 304 1944; x_wconf 93' lang='lat' dir='ltr'>ut</span> <span class='ocrx_word' id='word_1_95' title='bbox 315 1904 353 1945; x_wconf 87' lang='lat' dir='ltr'>ex</span> <span class='ocrx_word' id='word_1_96' title='bbox 364 1879 519 1968; x_wconf 88' lang='lat' dir='ltr'>sibyllinis</span> <span class='ocrx_word' id='word_1_97' title='bbox 536 1879 625 1943; x_wconf 89' lang='lat' dir='ltr'>libris</span> <span class='ocrx_word' id='word_1_98' title='bbox 635 1879 793 1967; x_wconf 92' lang='lat' dir='ltr'>populus,</span> <span class='ocrx_word' id='word_1_99' title='bbox 805 1881 927 1945; x_wconf 92' lang='lat' dir='ltr'>circum</span> <span class='ocrx_word' id='word_1_100' title='bbox 941 1883 1081 1970; x_wconf 87' lang='lat' dir='ltr'>compita</span> <span class='ocrx_word' id='word_1_101' title='bbox 1097 1900 1130 1946; x_wconf 91' lang='lat' dir='ltr'>et</span> <span class='ocrx_word' id='word_1_102' title='bbox 1141 1886 1252 1947; x_wconf 87' lang='lat' dir='ltr'>sacella</span> 
     </span>
     <span class='ocr_line' id='line_1_13' title="bbox 189 1980 1253 2072; baseline 0 -24"><span class='ocrx_word' id='word_1_103' title='bbox 189 1999 359 2072; x_wconf 85' lang='lat' dir='ltr'>operatus,</span> <span class='ocrx_word' id='word_1_104' title='bbox 374 1980 502 2045; x_wconf 90' lang='lat' dir='ltr'>sederit.</span> <span class='ocrx_word' id='word_1_105' title='bbox 519 1981 561 2044; x_wconf 92' lang='lat' dir='ltr'>Et</span> <span class='ocrx_word' id='word_1_106' title='bbox 573 1981 608 2044; x_wconf 91' lang='lat' dir='ltr'>in</span> <span class='ocrx_word' id='word_1_107' title='bbox 624 1980 692 2044; x_wconf 87' lang='lat' dir='ltr'>aede</span> <span class='ocrx_word' id='word_1_108' title='bbox 705 1981 872 2045; x_wconf 87' lang='lat' dir='ltr'>Penatium</span> <span class='ocrx_word' id='word_1_109' title='bbox 887 1999 988 2046; x_wconf 92' lang='lat' dir='ltr'>noctu</span> <span class='ocrx_word' id='word_1_110' title='bbox 1003 2005 1060 2047; x_wconf 88' lang='lat' dir='ltr'>sua</span> <span class='ocrx_word' id='word_1_111' title='bbox 1074 2000 1189 2071; x_wconf 89' lang='lat' dir='ltr'>sponte</span> <span class='ocrx_word' id='word_1_112' title='bbox 1205 1988 1253 2049; x_wconf 88' lang='lat' dir='ltr'>fo·</span> 
     </span>
     <span class='ocr_line' id='line_1_14' title="bbox 189 2083 1254 2174; baseline -0.004 -24"><span class='ocrx_word' id='word_1_113' title='bbox 189 2108 240 2150; x_wconf 88' lang='lat' dir='ltr'>res</span> <span class='ocrx_word' id='word_1_114' title='bbox 247 2100 422 2174; x_wconf 88' lang='lat' dir='ltr'>patuerunt</span> <span class='ocrx_word' id='word_1_115' title='bbox 432 2107 439 2148; x_wconf 90' lang='lat'>:</span> <span class='ocrx_word' id='word_1_116' title='bbox 451 2083 520 2171; x_wconf 92' lang='lat' dir='ltr'>lupi</span> <span class='ocrx_word' id='word_1_117' title='bbox 531 2105 663 2170; x_wconf 89' lang='lat' dir='ltr'>quoque</span> <span class='ocrx_word' id='word_1_118' title='bbox 673 2083 708 2145; x_wconf 87' lang='lat' dir='ltr'>in</span> <span class='ocrx_word' id='word_1_119' title='bbox 719 2083 870 2170; x_wconf 90' lang='lat' dir='ltr'>Esquiliis</span> <span class='ocrx_word' id='word_1_120' title='bbox 882 2100 914 2148; x_wconf 89' lang='lat' dir='ltr'>et</span> <span class='ocrx_word' id='word_1_121' title='bbox 925 2085 1006 2148; x_wconf 89' lang='lat' dir='ltr'>colle</span> <span class='ocrx_word' id='word_1_122' title='bbox 1016 2085 1177 2168; x_wconf 88' lang='lat' dir='ltr'>Quirinali</span> <span class='ocrx_word' id='word_1_123' title='bbox 1191 2110 1254 2150; x_wconf 74' lang='lat' dir='ltr'>mo</span> 
     </span>
     <span class='ocr_line' id='line_1_15' title="bbox 189 2184 1251 2276; baseline -0.001 -24"><span class='ocrx_word' id='word_1_124' title='bbox 189 2188 241 2253; x_wconf 87' lang='lat' dir='ltr'>dia</span> <span class='ocrx_word' id='word_1_125' title='bbox 253 2188 327 2251; x_wconf 90' lang='lat' dir='ltr'>luce</span> <span class='ocrx_word' id='word_1_126' title='bbox 343 2185 522 2272; x_wconf 90' lang='lat' dir='ltr'>conspecti,</span> <span class='ocrx_word' id='word_1_127' title='bbox 537 2184 805 2272; x_wconf 88' lang='lat' dir='ltr'>persequentibus</span> <span class='ocrx_word' id='word_1_128' title='bbox 821 2207 894 2265; x_wconf 89' lang='lat' dir='ltr'>eos,</span> <span class='ocrx_word' id='word_1_129' title='bbox 911 2187 968 2273; x_wconf 94' lang='lat' dir='ltr'>qui</span> <span class='ocrx_word' id='word_1_130' title='bbox 983 2186 1145 2267; x_wconf 88' lang='lat' dir='ltr'>viderant,</span> <span class='ocrx_word' id='word_1_131' title='bbox 1161 2188 1251 2276; x_wconf 84' lang='lat' dir='ltr'>luge-</span> 
     </span>
     <span class='ocr_line' id='line_1_16' title="bbox 188 2285 1250 2375; baseline 0.003 -26"><span class='ocrx_word' id='word_1_132' title='bbox 188 2303 276 2351; x_wconf 90' lang='lat' dir='ltr'>runt.</span> <span class='ocrx_word' id='word_1_133' title='bbox 296 2287 385 2350; x_wconf 92' lang='lat' dir='ltr'>Urbe</span> <span class='ocrx_word' id='word_1_134' title='bbox 408 2286 527 2349; x_wconf 89' lang='lat' dir='ltr'>iterum</span> <span class='ocrx_word' id='word_1_135' title='bbox 548 2285 695 2367; x_wconf 86' lang='lat' dir='ltr'>lustrata,</span> <span class='ocrx_word' id='word_1_136' title='bbox 715 2285 803 2349; x_wconf 92' lang='lat' dir='ltr'>domi</span> <span class='ocrx_word' id='word_1_137' title='bbox 827 2286 970 2374; x_wconf 83' lang='lat' dir='ltr'>lorisque</span> <span class='ocrx_word' id='word_1_138' title='bbox 996 2289 1175 2375; x_wconf 84' lang='lat' dir='ltr'>tranquillae</span> <span class='ocrx_word' id='word_1_139' title='bbox 1200 2313 1250 2351; x_wconf 84' lang='lat' dir='ltr'>res</span> 
     </span>
     <span class='ocr_line' id='line_1_17' title="bbox 188 2386 1251 2477; baseline 0.002 -27"><span class='ocrx_word' id='word_1_140' title='bbox 188 2386 332 2451; x_wconf 85' lang='lat' dir='ltr'>fuerunt.</span> <span class='ocrx_word' id='word_1_141' title='bbox 345 2386 444 2450; x_wconf 92' lang='lat' dir='ltr'>Ludis</span> <span class='ocrx_word' id='word_1_142' title='bbox 456 2387 579 2475; x_wconf 89' lang='lat' dir='ltr'>magnis</span> <span class='ocrx_word' id='word_1_143' title='bbox 590 2386 737 2475; x_wconf 89' lang='lat' dir='ltr'>pugilum</span> <span class='ocrx_word' id='word_1_144' title='bbox 751 2401 783 2449; x_wconf 91' lang='lat' dir='ltr'>et</span> <span class='ocrx_word' id='word_1_145' title='bbox 795 2386 1060 2451; x_wconf 84' lang='lat' dir='ltr'>funambulorum</span> <span class='ocrx_word' id='word_1_146' title='bbox 1073 2391 1251 2477; x_wconf 86' lang='lat' dir='ltr'>spectacula</span> 
     </span>
     <span class='ocr_line' id='line_1_18' title="bbox 189 2486 1252 2576; baseline 0.004 -27"><span class='ocrx_word' id='word_1_147' title='bbox 189 2486 222 2549; x_wconf 90' lang='lat' dir='ltr'>in</span> <span class='ocrx_word' id='word_1_148' title='bbox 236 2508 363 2551; x_wconf 80' lang='lat' dir='ltr'>acerram</span> <span class='ocrx_word' id='word_1_149' title='bbox 376 2489 447 2551; x_wconf 84' lang='lat' dir='ltr'>Sex.</span> <span class='ocrx_word' id='word_1_150' title='bbox 468 2487 572 2551; x_wconf 86' lang='lat' dir='ltr'>Julius</span> <span class='ocrx_word' id='word_1_151' title='bbox 583 2489 697 2576; x_wconf 66' lang='lat' dir='ltr'>Caesar,</span> <span class='ocrx_word' id='word_1_152' title='bbox 708 2488 769 2551; x_wconf 90' lang='lat' dir='ltr'>Cn.</span> <span class='ocrx_word' id='word_1_153' title='bbox 784 2489 955 2552; x_wconf 91' lang='lat' dir='ltr'>Cornelius</span> <span class='ocrx_word' id='word_1_154' title='bbox 968 2490 1132 2553; x_wconf 87' lang='lat' dir='ltr'>Dolabella</span> <span class='ocrx_word' id='word_1_155' title='bbox 1146 2491 1252 2554; x_wconf 83' lang='lat' dir='ltr'>aediles</span> 
     </span>
     <span class='ocr_line' id='line_1_19' title="bbox 189 2589 553 2655; baseline 0.008 -3"><span class='ocrx_word' id='word_1_156' title='bbox 189 2591 316 2655; x_wconf 85' lang='lat' dir='ltr'>curules</span> <span class='ocrx_word' id='word_1_157' title='bbox 337 2589 553 2655; x_wconf 84' lang='lat' dir='ltr'>introduxere.</span> 
     </span>
    </p>

    <p class='ocr_par' dir='ltr' id='par_1_3' title="bbox 186 2691 1253 3891">
     <span class='ocr_line' id='line_1_20' title="bbox 233 2691 1252 2781; baseline 0 -27"><span class='ocrx_word' id='word_1_158' title='bbox 233 2691 289 2756; x_wconf 91' lang='lat' dir='ltr'>Vl.</span> <span class='ocrx_word' id='word_1_159' title='bbox 307 2693 369 2756; x_wconf 91' lang='lat' dir='ltr'>Hic</span> <span class='ocrx_word' id='word_1_160' title='bbox 380 2715 522 2779; x_wconf 90' lang='lat' dir='ltr'>quoque</span> <span class='ocrx_word' id='word_1_161' title='bbox 537 2713 641 2756; x_wconf 90' lang='lat' dir='ltr'>annus</span> <span class='ocrx_word' id='word_1_162' title='bbox 659 2692 899 2757; x_wconf 85' lang='lat' dir='ltr'>memorabilior</span> <span class='ocrx_word' id='word_1_163' title='bbox 911 2692 1139 2781; x_wconf 85' lang='lat' dir='ltr'>legationibus,</span> <span class='ocrx_word' id='word_1_164' title='bbox 1155 2715 1252 2779; x_wconf 90' lang='lat' dir='ltr'>quam</span> 
     </span>
     <span class='ocr_line' id='line_1_21' title="bbox 188 2792 1251 2882; baseline -0.002 -27"><span class='ocrx_word' id='word_1_165' title='bbox 188 2792 285 2856; x_wconf 83' lang='lat' dir='ltr'>rebus</span> <span class='ocrx_word' id='word_1_166' title='bbox 305 2794 390 2857; x_wconf 91' lang='lat' dir='ltr'>bello</span> <span class='ocrx_word' id='word_1_167' title='bbox 413 2794 530 2882; x_wconf 84' lang='lat' dir='ltr'>gestis,</span> <span class='ocrx_word' id='word_1_168' title='bbox 553 2794 625 2857; x_wconf 85' lang='lat' dir='ltr'>fuit.</span> <span class='ocrx_word' id='word_1_169' title='bbox 640 2792 765 2857; x_wconf 87' lang='lat' dir='ltr'>Venere</span> <span class='ocrx_word' id='word_1_170' title='bbox 788 2793 1058 2882; x_wconf 79' lang='lat' dir='ltr'>Gallograecorum</span> <span class='ocrx_word' id='word_1_171' title='bbox 1077 2793 1110 2855; x_wconf 92' lang='lat' dir='ltr'>in</span> <span class='ocrx_word' id='word_1_172' title='bbox 1129 2792 1251 2854; x_wconf 90' lang='lat' dir='ltr'>Urbem</span> 
     </span>
     <span class='ocr_line' id='line_1_22' title="bbox 188 2894 1251 2984; baseline -0.001 -28"><span class='ocrx_word' id='word_1_173' title='bbox 188 2894 296 2983; x_wconf 87' lang='lat' dir='ltr'>legati,</span> <span class='ocrx_word' id='word_1_174' title='bbox 313 2917 428 2984; x_wconf 83' lang='lat' dir='ltr'>magna</span> <span class='ocrx_word' id='word_1_175' title='bbox 446 2917 522 2982; x_wconf 89' lang='lat' dir='ltr'>spe,</span> <span class='ocrx_word' id='word_1_176' title='bbox 540 2894 611 2958; x_wconf 84' lang='lat' dir='ltr'>lore</span> <span class='ocrx_word' id='word_1_177' title='bbox 629 2911 667 2958; x_wconf 89' lang='lat' dir='ltr'>ut</span> <span class='ocrx_word' id='word_1_178' title='bbox 683 2911 851 2982; x_wconf 89' lang='lat' dir='ltr'>suspectus</span> <span class='ocrx_word' id='word_1_179' title='bbox 873 2897 1052 2973; x_wconf 87' lang='lat' dir='ltr'>Eumenes,</span> <span class='ocrx_word' id='word_1_180' title='bbox 1070 2910 1104 2957; x_wconf 91' lang='lat' dir='ltr'>et</span> <span class='ocrx_word' id='word_1_181' title='bbox 1126 2909 1251 2956; x_wconf 89' lang='lat' dir='ltr'>tantum</span> 
     </span>
     <span class='ocr_line' id='line_1_23' title="bbox 188 2993 1251 3084; baseline -0.002 -26"><span class='ocrx_word' id='word_1_182' title='bbox 188 3018 255 3059; x_wconf 85' lang='lat' dir='ltr'>uon</span> <span class='ocrx_word' id='word_1_183' title='bbox 267 3018 327 3083; x_wconf 94' lang='lat' dir='ltr'>pro</span> <span class='ocrx_word' id='word_1_184' title='bbox 336 2996 429 3060; x_wconf 88' lang='lat' dir='ltr'>hoste</span> <span class='ocrx_word' id='word_1_185' title='bbox 438 2997 584 3076; x_wconf 87' lang='lat' dir='ltr'>habitus,</span> <span class='ocrx_word' id='word_1_186' title='bbox 597 2996 770 3084; x_wconf 89' lang='lat' dir='ltr'>gratiorem</span> <span class='ocrx_word' id='word_1_187' title='bbox 781 2995 870 3082; x_wconf 87' lang='lat' dir='ltr'>apud</span> <span class='ocrx_word' id='word_1_188' title='bbox 883 2997 1047 3058; x_wconf 86' lang='lat' dir='ltr'>Romanos</span> <span class='ocrx_word' id='word_1_189' title='bbox 1061 2993 1251 3082; x_wconf 90' lang='lat' dir='ltr'>petitionem</span> 
     </span>
     <span class='ocr_line' id='line_1_24' title="bbox 187 3096 1253 3181; baseline -0.004 -21"><span class='ocrx_word' id='word_1_190' title='bbox 187 3119 278 3160; x_wconf 87' lang='lat' dir='ltr'>suam</span> <span class='ocrx_word' id='word_1_191' title='bbox 296 3098 424 3161; x_wconf 88' lang='lat' dir='ltr'>faceret.</span> <span class='ocrx_word' id='word_1_192' title='bbox 443 3098 567 3160; x_wconf 89' lang='lat' dir='ltr'>Bellum</span> <span class='ocrx_word' id='word_1_193' title='bbox 582 3096 668 3159; x_wconf 91' lang='lat' dir='ltr'>enim</span> <span class='ocrx_word' id='word_1_194' title='bbox 689 3096 852 3160; x_wconf 89' lang='lat' dir='ltr'>habebant</span> <span class='ocrx_word' id='word_1_195' title='bbox 872 3119 946 3160; x_wconf 91' lang='lat' dir='ltr'>cum</span> <span class='ocrx_word' id='word_1_196' title='bbox 960 3097 1122 3175; x_wconf 88' lang='lat' dir='ltr'>Eumene,</span> <span class='ocrx_word' id='word_1_197' title='bbox 1137 3112 1253 3181; x_wconf 74' lang='lat' dir='ltr'>praeter</span> 
     </span>
     <span class='ocr_line' id='line_1_25' title="bbox 186 3194 1249 3284; baseline 0 -26"><span class='ocrx_word' id='word_1_198' title='bbox 186 3197 278 3260; x_wconf 86' lang='lat' dir='ltr'>solita</span> <span class='ocrx_word' id='word_1_199' title='bbox 294 3198 461 3276; x_wconf 90' lang='lat' dir='ltr'>hostibus,</span> <span class='ocrx_word' id='word_1_200' title='bbox 476 3197 629 3284; x_wconf 87' lang='lat' dir='ltr'>peculiari</span> <span class='ocrx_word' id='word_1_201' title='bbox 654 3197 793 3284; x_wconf 87' lang='lat' dir='ltr'>quadam</span> <span class='ocrx_word' id='word_1_202' title='bbox 807 3198 934 3261; x_wconf 81' lang='lat' dir='ltr'>feritate</span> <span class='ocrx_word' id='word_1_203' title='bbox 954 3196 1056 3284; x_wconf 88' lang='lat' dir='ltr'>gentis</span> <span class='ocrx_word' id='word_1_204' title='bbox 1073 3194 1249 3275; x_wconf 83' lang='lat' dir='ltr'>exitiabile,</span> 
     </span>
     <span class='ocr_line' id='line_1_26' title="bbox 187 3295 1251 3386; baseline -0.003 -26"><span class='ocrx_word' id='word_1_205' title='bbox 187 3296 276 3383; x_wconf 90' lang='lat' dir='ltr'>quod</span> <span class='ocrx_word' id='word_1_206' title='bbox 291 3319 329 3360; x_wconf 87' lang='lat' dir='ltr'>ex</span> <span class='ocrx_word' id='word_1_207' title='bbox 343 3298 474 3386; x_wconf 90' lang='lat' dir='ltr'>captivis</span> <span class='ocrx_word' id='word_1_208' title='bbox 490 3314 581 3360; x_wconf 87' lang='lat' dir='ltr'>aetate</span> <span class='ocrx_word' id='word_1_209' title='bbox 598 3313 630 3360; x_wconf 92' lang='lat' dir='ltr'>et</span> <span class='ocrx_word' id='word_1_210' title='bbox 644 3298 747 3361; x_wconf 86' lang='lat' dir='ltr'>forma</span> <span class='ocrx_word' id='word_1_211' title='bbox 763 3298 961 3385; x_wconf 74' lang='lat' dir='ltr'>praecipuum</span> <span class='ocrx_word' id='word_1_212' title='bbox 979 3317 1142 3383; x_wconf 90' lang='lat' dir='ltr'>quemque</span> <span class='ocrx_word' id='word_1_213' title='bbox 1155 3295 1251 3359; x_wconf 87' lang='lat' dir='ltr'>victi-</span> 
     </span>
     <span class='ocr_line' id='line_1_27' title="bbox 186 3398 1251 3476; baseline -0.002 -16"><span class='ocrx_word' id='word_1_214' title='bbox 186 3419 312 3460; x_wconf 89' lang='lat' dir='ltr'>marum</span> <span class='ocrx_word' id='word_1_215' title='bbox 333 3399 367 3460; x_wconf 34' lang='lat' dir='ltr'>ivn</span> <span class='ocrx_word' id='word_1_216' title='bbox 385 3421 507 3461; x_wconf 87' lang='lat' dir='ltr'>morem</span> <span class='ocrx_word' id='word_1_217' title='bbox 529 3415 659 3462; x_wconf 88' lang='lat' dir='ltr'>ornatos</span> <span class='ocrx_word' id='word_1_218' title='bbox 682 3399 743 3463; x_wconf 91' lang='lat' dir='ltr'>diis</span> <span class='ocrx_word' id='word_1_219' title='bbox 764 3400 829 3463; x_wconf 88' lang='lat' dir='ltr'>suis</span> <span class='ocrx_word' id='word_1_220' title='bbox 852 3398 1116 3476; x_wconf 72' lang='lat' dir='ltr'>immolaverant,</span> <span class='ocrx_word' id='word_1_221' title='bbox 1140 3413 1251 3459; x_wconf 88' lang='lat' dir='ltr'>caetera</span> 
     </span>
     <span class='ocr_line' id='line_1_28' title="bbox 186 3497 1250 3586; baseline 0 -27"><span class='ocrx_word' id='word_1_222' title='bbox 186 3497 277 3559; x_wconf 92' lang='lat' dir='ltr'>omni</span> <span class='ocrx_word' id='word_1_223' title='bbox 293 3498 404 3577; x_wconf 87' lang='lat' dir='ltr'>turba,</span> <span class='ocrx_word' id='word_1_224' title='bbox 423 3520 608 3585; x_wconf 90' lang='lat' dir='ltr'>quanquam</span> <span class='ocrx_word' id='word_1_225' title='bbox 625 3500 718 3562; x_wconf 90' lang='lat' dir='ltr'>multi</span> <span class='ocrx_word' id='word_1_226' title='bbox 734 3500 811 3563; x_wconf 93' lang='lat' dir='ltr'>olim</span> <span class='ocrx_word' id='word_1_227' title='bbox 832 3499 900 3562; x_wconf 93' lang='lat' dir='ltr'>noti</span> <span class='ocrx_word' id='word_1_228' title='bbox 918 3499 1078 3586; x_wconf 89' lang='lat' dir='ltr'>amicique</span> <span class='ocrx_word' id='word_1_229' title='bbox 1094 3498 1128 3559; x_wconf 92' lang='lat' dir='ltr'>in</span> <span class='ocrx_word' id='word_1_230' title='bbox 1149 3520 1184 3560; x_wconf 89' lang='lat' dir='ltr'>ea</span> <span class='ocrx_word' id='word_1_231' title='bbox 1202 3520 1250 3559; x_wconf 87' lang='lat' dir='ltr'>es-</span> 
     </span>
     <span class='ocr_line' id='line_1_29' title="bbox 186 3599 1250 3685; baseline 0.001 -25"><span class='ocrx_word' id='word_1_232' title='bbox 186 3613 275 3679; x_wconf 90' lang='lat' dir='ltr'>sent,</span> <span class='ocrx_word' id='word_1_233' title='bbox 292 3599 361 3662; x_wconf 89' lang='lat' dir='ltr'>telis</span> <span class='ocrx_word' id='word_1_234' title='bbox 379 3599 505 3663; x_wconf 90' lang='lat' dir='ltr'>obruta.</span> <span class='ocrx_word' id='word_1_235' title='bbox 523 3602 721 3665; x_wconf 89' lang='lat' dir='ltr'>Concessum</span> <span class='ocrx_word' id='word_1_236' title='bbox 737 3601 788 3664; x_wconf 90' lang='lat' dir='ltr'>his</span> <span class='ocrx_word' id='word_1_237' title='bbox 805 3615 853 3664; x_wconf 90' lang='lat' dir='ltr'>est</span> <span class='ocrx_word' id='word_1_238' title='bbox 866 3601 906 3664; x_wconf 90' lang='lat' dir='ltr'>ab</span> <span class='ocrx_word' id='word_1_239' title='bbox 923 3616 1052 3679; x_wconf 89' lang='lat' dir='ltr'>senatu,</span> <span class='ocrx_word' id='word_1_240' title='bbox 1075 3615 1112 3661; x_wconf 90' lang='lat' dir='ltr'>ut</span> <span class='ocrx_word' id='word_1_241' title='bbox 1125 3599 1250 3685; x_wconf 87' lang='lat' dir='ltr'>legibus</span> 
     </span>
     <span class='ocr_line' id='line_1_30' title="bbox 186 3699 1250 3786; baseline 0 -24"><span class='ocrx_word' id='word_1_242' title='bbox 186 3700 252 3762; x_wconf 90' lang='lat' dir='ltr'>suis</span> <span class='ocrx_word' id='word_1_243' title='bbox 268 3714 459 3764; x_wconf 88' lang='lat' dir='ltr'>uterentur:</span> <span class='ocrx_word' id='word_1_244' title='bbox 475 3701 555 3780; x_wconf 90' lang='lat' dir='ltr'>jussi</span> <span class='ocrx_word' id='word_1_245' title='bbox 571 3718 677 3765; x_wconf 88' lang='lat' dir='ltr'>tamen</span> <span class='ocrx_word' id='word_1_246' title='bbox 694 3717 771 3764; x_wconf 89' lang='lat' dir='ltr'>sunt</span> <span class='ocrx_word' id='word_1_247' title='bbox 785 3700 875 3764; x_wconf 93' lang='lat' dir='ltr'>domi</span> <span class='ocrx_word' id='word_1_248' title='bbox 887 3717 926 3764; x_wconf 82' lang='lat' dir='ltr'>&#39;se</span> <span class='ocrx_word' id='word_1_249' title='bbox 942 3699 1126 3779; x_wconf 89' lang='lat' dir='ltr'>continere,</span> <span class='ocrx_word' id='word_1_250' title='bbox 1143 3721 1250 3786; x_wconf 90' lang='lat' dir='ltr'>neque</span> 
     </span>
     <span class='ocr_line' id='line_1_31' title="bbox 186 3799 696 3891; baseline 0.008 -29"><span class='ocrx_word' id='word_1_251' title='bbox 186 3822 262 3862; x_wconf 90' lang='lat' dir='ltr'>cum</span> <span class='ocrx_word' id='word_1_252' title='bbox 278 3801 374 3864; x_wconf 89' lang='lat' dir='ltr'>armis</span> <span class='ocrx_word' id='word_1_253' title='bbox 391 3799 470 3864; x_wconf 89' lang='lat' dir='ltr'>fines</span> <span class='ocrx_word' id='word_1_254' title='bbox 487 3823 564 3864; x_wconf 91' lang='lat' dir='ltr'>suos</span> <span class='ocrx_word' id='word_1_255' title='bbox 577 3802 696 3891; x_wconf 90' lang='lat' dir='ltr'>egredi.</span> 
     </span>
    </p>

    <p class='ocr_par' dir='ltr' id='par_1_4' title="bbox 186 3898 1250 4093">
     <span class='ocr_line' id='line_1_32' title="bbox 229 3898 1250 3990; baseline 0.003 -32"><span class='ocrx_word' id='word_1_256' title='bbox 229 3898 302 3965; x_wconf 86' lang='lat' dir='ltr'>VII.</span> <span class='ocrx_word' id='word_1_257' title='bbox 319 3901 414 3965; x_wconf 91' lang='lat' dir='ltr'>Haud</span> <span class='ocrx_word' id='word_1_258' title='bbox 429 3925 520 3990; x_wconf 85' lang='lat' dir='ltr'>aeque</span> <span class='ocrx_word' id='word_1_259' title='bbox 535 3902 681 3990; x_wconf 91' lang='lat' dir='ltr'>propitiis</span> <span class='ocrx_word' id='word_1_260' title='bbox 698 3902 848 3983; x_wconf 90' lang='lat' dir='ltr'>auribus,</span> <span class='ocrx_word' id='word_1_261' title='bbox 865 3902 940 3966; x_wconf 89' lang='lat' dir='ltr'>licet</span> <span class='ocrx_word' id='word_1_262' title='bbox 956 3901 1092 3982; x_wconf 85' lang='lat' dir='ltr'>justiore</span> <span class='ocrx_word' id='word_1_263' title='bbox 1113 3901 1145 3963; x_wconf 90' lang='lat' dir='ltr'>in</span> <span class='ocrx_word' id='word_1_264' title='bbox 1165 3900 1250 3963; x_wconf 91' lang='lat' dir='ltr'>desi-</span> 
     </span>
     <span class='ocr_line' id='line_1_33' title="bbox 186 3988 1250 4093; baseline 0 -29"><span class='ocrx_word' id='word_1_265' title='bbox 186 4000 293 4083; x_wconf 90' lang='lat' dir='ltr'>derio,</span> <span class='ocrx_word' id='word_1_266' title='bbox 309 3988 500 4068; x_wconf 72' lang='lat' dir='ltr'>achaeorum</span> <span class='ocrx_word' id='word_1_267' title='bbox 517 4019 565 4067; x_wconf 88' lang='lat' dir='ltr'>est</span> <span class='ocrx_word' id='word_1_268' title='bbox 588 4003 696 4068; x_wconf 86' lang='lat' dir='ltr'>audita</span> <span class='ocrx_word' id='word_1_269' title='bbox 719 4004 845 4093; x_wconf 84' lang='lat' dir='ltr'>legatio.</span> <span class='ocrx_word' id='word_1_270' title='bbox 870 4003 1015 4091; x_wconf 88' lang='lat' dir='ltr'>Populus</span> <span class='ocrx_word' id='word_1_271' title='bbox 1034 4004 1093 4066; x_wconf 87' lang='lat' dir='ltr'>iste</span> <span class='ocrx_word' id='word_1_272' title='bbox 1110 4024 1196 4064; x_wconf 89' lang='lat' dir='ltr'>unus</span> <span class='ocrx_word' id='word_1_273' title='bbox 1214 4025 1250 4065; x_wconf 89' lang='lat' dir='ltr'>ea</span> 
     </span>
    </p>
   </div>
   <div class='ocr_carea' id='block_1_3' title="bbox 185 4245 1249 4395">
    <p class='ocr_par' dir='ltr' id='par_1_5' title="bbox 185 4245 1249 4395">
     <span class='ocr_line' id='line_1_34' title="bbox 219 4245 1246 4313; baseline 0 -20"><span class='ocrx_word' id='word_1_274' title='bbox 219 4247 235 4313; x_wconf 71' lang='lat' dir='ltr'><strong>s</strong></span> <span class='ocrx_word' id='word_1_275' title='bbox 248 4249 280 4294; x_wconf 81' lang='lat' dir='ltr'>V.</span> <span class='ocrx_word' id='word_1_276' title='bbox 289 4247 338 4296; x_wconf 88' lang='lat' dir='ltr'>Tit.</span> <span class='ocrx_word' id='word_1_277' title='bbox 349 4248 429 4296; x_wconf 78' lang='lat' dir='ltr'>Andr.</span> <span class='ocrx_word' id='word_1_278' title='bbox 440 4250 498 4296; x_wconf 81' lang='lat' dir='ltr'>Ter.</span> <span class='ocrx_word' id='word_1_279' title='bbox 508 4274 543 4284; x_wconf 93' lang='lat'>-</span> <span class='ocrx_word' id='word_1_280' title='bbox 554 4247 605 4297; x_wconf 79' lang='lat' dir='ltr'>Iul.</span> <span class='ocrx_word' id='word_1_281' title='bbox 615 4248 705 4312; x_wconf 86' lang='lat' dir='ltr'>Obseq.</span> <span class='ocrx_word' id='word_1_282' title='bbox 720 4274 752 4284; x_wconf 91' lang='lat'>-</span> <span class='ocrx_word' id='word_1_283' title='bbox 768 4249 822 4296; x_wconf 87' lang='lat' dir='ltr'>Col.</span> <span class='ocrx_word' id='word_1_284' title='bbox 833 4247 960 4312; x_wconf 86' lang='lat' dir='ltr'>Triumph.</span> <span class='ocrx_word' id='word_1_285' title='bbox 974 4273 1008 4283; x_wconf 90' lang='lat'>-</span> <span class='ocrx_word' id='word_1_286' title='bbox 1018 4246 1070 4292; x_wconf 86' lang='lat' dir='ltr'>Liv.</span> <span class='ocrx_word' id='word_1_287' title='bbox 1081 4245 1145 4309; x_wconf 88' lang='lat' dir='ltr'>Epit.</span> <span class='ocrx_word' id='word_1_288' title='bbox 1157 4246 1246 4293; x_wconf 80' lang='lat' dir='ltr'>xtvr.</span> 
     </span>
     <span class='ocr_line' id='line_1_35' title="bbox 185 4329 1249 4395; baseline -0.004 -17"><span class='ocrx_word' id='word_1_289' title='bbox 185 4356 219 4366; x_wconf 92' lang='lat'><em>-</em></span> <span class='ocrx_word' id='word_1_290' title='bbox 235 4330 332 4394; x_wconf 83' lang='lat' dir='ltr'>Prolog.</span> <span class='ocrx_word' id='word_1_291' title='bbox 350 4332 453 4395; x_wconf 79' lang='lat' dir='ltr'>Hecyrae</span> <span class='ocrx_word' id='word_1_292' title='bbox 470 4332 567 4379; x_wconf 83' lang='lat' dir='ltr'>Terent</span> <span class='ocrx_word' id='word_1_293' title='bbox 585 4357 620 4367; x_wconf 91' lang='lat'>-</span> <span class='ocrx_word' id='word_1_294' title='bbox 632 4330 649 4395; x_wconf 72' lang='lat' dir='ltr'>S</span> <span class='ocrx_word' id='word_1_295' title='bbox 662 4333 706 4378; x_wconf 81' lang='lat' dir='ltr'>VI.</span> <span class='ocrx_word' id='word_1_296' title='bbox 725 4333 788 4380; x_wconf 87' lang='lat' dir='ltr'>Just.</span> <span class='ocrx_word' id='word_1_297' title='bbox 803 4333 957 4389; x_wconf 75' lang='lat' dir='ltr'>XXXVIII,</span> <span class='ocrx_word' id='word_1_298' title='bbox 970 4331 996 4378; x_wconf 88' lang='lat'>6.</span> <span class='ocrx_word' id='word_1_299' title='bbox 1010 4356 1044 4366; x_wconf 86' lang='lat'>-</span> <span class='ocrx_word' id='word_1_300' title='bbox 1058 4329 1112 4377; x_wconf 89' lang='lat' dir='ltr'>Pol.</span> <span class='ocrx_word' id='word_1_301' title='bbox 1132 4331 1249 4392; x_wconf 54' lang='lat' dir='ltr'>Excerpe</span> 
     </span>
    </p>
   </div>
   <div class='ocr_carea' id='block_1_4' title="bbox 184 4413 1249 4561">
    <p class='ocr_par' dir='ltr' id='par_1_6' title="bbox 184 4413 1249 4561">
     <span class='ocr_line' id='line_1_36' title="bbox 184 4413 1249 4477; baseline -0.004 -15"><span class='ocrx_word' id='word_1_302' title='bbox 184 4415 265 4477; x_wconf 75' lang='lat' dir='ltr'>Legat.</span> <span class='ocrx_word' id='word_1_303' title='bbox 276 4429 307 4474; x_wconf 84' lang='lat'>97</span> <span class='ocrx_word' id='word_1_304' title='bbox 322 4425 346 4462; x_wconf 84' lang='lat' dir='ltr'>et</span> <span class='ocrx_word' id='word_1_305' title='bbox 359 4429 418 4463; x_wconf 81' lang='lat' dir='ltr'>roa.</span> <span class='ocrx_word' id='word_1_306' title='bbox 428 4439 463 4450; x_wconf 85' lang='lat'>—</span> <span class='ocrx_word' id='word_1_307' title='bbox 474 4416 558 4463; x_wconf 84' lang='lat' dir='ltr'>Front.</span> <span class='ocrx_word' id='word_1_308' title='bbox 570 4414 643 4461; x_wconf 87' lang='lat' dir='ltr'>Strat.</span> <span class='ocrx_word' id='word_1_309' title='bbox 654 4416 678 4472; x_wconf 91' lang='lat'>1,</span> <span class='ocrx_word' id='word_1_310' title='bbox 693 4431 722 4472; x_wconf 81' lang='lat' dir='ltr'>a,</span> <span class='ocrx_word' id='word_1_311' title='bbox 736 4415 775 4464; x_wconf 69' lang='grc' dir='ltr'>ιθ.</span> <span class='ocrx_word' id='word_1_312' title='bbox 787 4443 821 4452; x_wconf 91' lang='grc'><strong>-</strong></span> <span class='ocrx_word' id='word_1_313' title='bbox 835 4413 938 4464; x_wconf 81' lang='lat' dir='ltr'>casaub.</span> <span class='ocrx_word' id='word_1_314' title='bbox 948 4415 975 4462; x_wconf 86' lang='lat' dir='ltr'>in</span> <span class='ocrx_word' id='word_1_315' title='bbox 987 4413 1097 4476; x_wconf 81' lang='lat' dir='ltr'>Polyaen.</span> <span class='ocrx_word' id='word_1_316' title='bbox 1108 4429 1133 4475; x_wconf 89' lang='lat' dir='ltr'>p.</span> <span class='ocrx_word' id='word_1_317' title='bbox 1145 4419 1204 4470; x_wconf 61' lang='grc' dir='ltr'>μή.</span> <span class='ocrx_word' id='word_1_318' title='bbox 1216 4439 1249 4447; x_wconf 82' lang='lat'>—</span> 
     </span>
     <span class='ocr_line' id='line_1_37' title="bbox 185 4495 458 4561; baseline 0 -18"><span class='ocrx_word' id='word_1_319' title='bbox 185 4495 288 4545; x_wconf 88' lang='lat' dir='ltr'>Diodor.</span> <span class='ocrx_word' id='word_1_320' title='bbox 302 4497 368 4561; x_wconf 82' lang='lat' dir='ltr'>apud</span> <span class='ocrx_word' id='word_1_321' title='bbox 377 4497 458 4545; x_wconf 81' lang='lat' dir='ltr'>Vales.</span> 
     </span>
    </p>
   </div>
   <div class='ocr_carea' id='block_1_5' title="bbox 0 0 1302 4980">
    <p class='ocr_par' dir='ltr' id='par_1_7' title="bbox 0 0 1302 4980">
     <span class='ocr_line' id='line_1_38' title="bbox 0 0 1302 4980; baseline 0 1"><span class='ocrx_word' id='word_1_322' title='bbox 0 0 1302 4980; x_wconf 95' lang='lat' dir='ltr'> </span> 
     </span>
    </p>
   </div>
  </div>
 </body>
</html>
