<?xml version="1.0" encoding="UTF-8"?>
<!DOCTYPE html PUBLIC "-//W3C//DTD XHTML 1.0 Transitional//EN"
    "http://www.w3.org/TR/xhtml1/DTD/xhtml1-transitional.dtd">
<html xmlns="http://www.w3.org/1999/xhtml" xml:lang="en" lang="en">
 <head>
  <title>
</title>
<meta http-equiv="Content-Type" content="text/html;charset=utf-8" />
  <meta name='ocr-system' content='tesseract 3.04.00' />
  <meta name='ocr-capabilities' content='ocr_page ocr_carea ocr_par ocr_line ocrx_word'/>
</head>
<body>
  <div class='ocr_page' id='page_1' title='image "./titusliviuspata00freigoog_0408.png"; bbox 0 0 2594 4980; ppageno 0'>
   <div class='ocr_carea' id='block_1_1' title="bbox 342 701 1234 804">
    <p class='ocr_par' dir='ltr' id='par_1_1' title="bbox 342 701 1234 804">
     <span class='ocr_line' id='line_1_1' title="bbox 342 701 1234 804; baseline 0.008 -35"><span class='ocrx_word' id='word_1_1' title='bbox 342 703 396 770; x_wconf 90' lang='lat' dir='ltr'><strong>IN</strong></span> <span class='ocrx_word' id='word_1_2' title='bbox 428 702 543 769; x_wconf 87' lang='lat' dir='ltr'><strong>LOC.</strong></span> <span class='ocrx_word' id='word_1_3' title='bbox 570 701 666 770; x_wconf 90' lang='lat' dir='ltr'><strong>LIB.</strong></span> <span class='ocrx_word' id='word_1_4' title='bbox 695 701 808 768; x_wconf 86' lang='lat' dir='ltr'>LXII</span> <span class='ocrx_word' id='word_1_5' title='bbox 838 702 1055 775; x_wconf 81' lang='lat' dir='ltr'><strong>LIVIANI.</strong></span> <span class='ocrx_word' id='word_1_6' title='bbox 1161 709 1234 804; x_wconf 69' lang='lat'><strong>419</strong></span> 
     </span>
    </p>
   </div>
   <div class='ocr_carea' id='block_1_2' title="bbox 157 808 1239 4158">
    <p class='ocr_par' dir='ltr' id='par_1_2' title="bbox 162 808 1233 1597">
     <span class='ocr_line' id='line_1_2' title="bbox 164 808 1233 913; baseline 0.007 -30"><span class='ocrx_word' id='word_1_7' title='bbox 164 820 282 884; x_wconf 82' lang='lat' dir='ltr'><strong>aemulo</strong></span> <span class='ocrx_word' id='word_1_8' title='bbox 298 820 446 902; x_wconf 87' lang='lat' dir='ltr'><strong>sublato,</strong></span> <span class='ocrx_word' id='word_1_9' title='bbox 466 822 554 883; x_wconf 92' lang='lat' dir='ltr'><strong>solus</strong></span> <span class='ocrx_word' id='word_1_10' title='bbox 572 822 721 884; x_wconf 86' lang='lat' dir='ltr'><strong>universa</strong></span> <span class='ocrx_word' id='word_1_11' title='bbox 740 808 830 908; x_wconf 84' lang='lat' dir='ltr'><strong>Syria</strong></span> <span class='ocrx_word' id='word_1_12' title='bbox 853 823 922 886; x_wconf 91' lang='lat' dir='ltr'><strong>sine</strong></span> <span class='ocrx_word' id='word_1_13' title='bbox 942 840 1031 889; x_wconf 83' lang='lat' dir='ltr'><strong>metu</strong></span> <span class='ocrx_word' id='word_1_14' title='bbox 1055 825 1233 913; x_wconf 80' lang='lat' dir='ltr'><strong>potiretur3</strong></span> 
     </span>
     <span class='ocr_line' id='line_1_3' title="bbox 164 921 1232 1014; baseline 0.007 -29"><span class='ocrx_word' id='word_1_15' title='bbox 164 946 266 1010; x_wconf 93' lang='lat' dir='ltr'><strong>quum</strong></span> <span class='ocrx_word' id='word_1_16' title='bbox 285 923 369 985; x_wconf 91' lang='lat' dir='ltr'><strong>inter</strong></span> <span class='ocrx_word' id='word_1_17' title='bbox 384 921 579 987; x_wconf 82' lang='lat' dir='ltr'><strong>blandientis</strong></span> <span class='ocrx_word' id='word_1_18' title='bbox 594 922 734 986; x_wconf 78' lang='lat' dir='ltr'><strong>fortunae</strong></span> <span class='ocrx_word' id='word_1_19' title='bbox 750 923 897 1004; x_wconf 80' lang='lat' dir='ltr'><strong>delicias,</strong></span> <span class='ocrx_word' id='word_1_20' title='bbox 912 924 1009 1014; x_wconf 86' lang='lat' dir='ltr'><strong>longe</strong></span> <span class='ocrx_word' id='word_1_21' title='bbox 1024 927 1232 1014; x_wconf 75' lang='lat' dir='ltr'><strong>praesentius,</strong></span> 
     </span>
     <span class='ocr_line' id='line_1_4' title="bbox 164 1024 1232 1119; baseline 0.004 -32"><span class='ocrx_word' id='word_1_22' title='bbox 164 1025 252 1088; x_wconf 90' lang='lat' dir='ltr'><strong>unde</strong></span> <span class='ocrx_word' id='word_1_23' title='bbox 272 1048 338 1088; x_wconf 90' lang='lat' dir='ltr'><strong>non</strong></span> <span class='ocrx_word' id='word_1_24' title='bbox 366 1024 557 1104; x_wconf 76' lang='lat' dir='ltr'>timebatur,</span> <span class='ocrx_word' id='word_1_25' title='bbox 575 1024 721 1088; x_wconf 89' lang='lat' dir='ltr'><strong>oblatum</strong></span> <span class='ocrx_word' id='word_1_26' title='bbox 744 1025 925 1111; x_wconf 90' lang='lat' dir='ltr'><strong>periculum</strong></span> <span class='ocrx_word' id='word_1_27' title='bbox 946 1042 1003 1091; x_wconf 86' lang='lat' dir='ltr'><strong>est.</strong></span> <span class='ocrx_word' id='word_1_28' title='bbox 1025 1026 1131 1091; x_wconf 80' lang='lat' dir='ltr'>Mater</span> <span class='ocrx_word' id='word_1_29' title='bbox 1147 1029 1232 1119; x_wconf 82' lang='lat' dir='ltr'><strong>regis</strong></span> 
     </span>
     <span class='ocr_line' id='line_1_5' title="bbox 164 1126 1232 1216; baseline 0.003 -24"><span class='ocrx_word' id='word_1_30' title='bbox 164 1129 352 1216; x_wconf 85' lang='lat' dir='ltr'><strong>Cleopatra,</strong></span> <span class='ocrx_word' id='word_1_31' title='bbox 373 1127 491 1191; x_wconf 92' lang='lat' dir='ltr'><strong>mulier</strong></span> <span class='ocrx_word' id='word_1_32' title='bbox 510 1149 624 1190; x_wconf 92' lang='lat' dir='ltr'><strong>omnes</strong></span> <span class='ocrx_word' id='word_1_33' title='bbox 649 1126 785 1188; x_wconf 77' lang='lat' dir='ltr'><strong>allectus</strong></span> <span class='ocrx_word' id='word_1_34' title='bbox 806 1127 975 1214; x_wconf 81' lang='lat' dir='ltr'>cupiditati</span> <span class='ocrx_word' id='word_1_35' title='bbox 1000 1127 1232 1195; x_wconf 88' lang='lat' dir='ltr'><strong>dominationis</strong></span> 
     </span>
     <span class='ocr_line' id='line_1_6' title="bbox 162 1227 1230 1320; baseline 0.003 -26"><span class='ocrx_word' id='word_1_36' title='bbox 162 1232 355 1320; x_wconf 84' lang='lat' dir='ltr'><strong>posthabere</strong></span> <span class='ocrx_word' id='word_1_37' title='bbox 380 1230 495 1310; x_wconf 87' lang='lat' dir='ltr'><strong>solita,</strong></span> <span class='ocrx_word' id='word_1_38' title='bbox 519 1229 576 1293; x_wconf 92' lang='lat' dir='ltr'><strong>ubi</strong></span> <span class='ocrx_word' id='word_1_39' title='bbox 601 1227 736 1292; x_wconf 85' lang='lat' dir='ltr'><strong>victoria</strong></span> <span class='ocrx_word' id='word_1_40' title='bbox 763 1229 938 1292; x_wconf 85' lang='lat' dir='ltr'><strong>excitatum</strong></span> <span class='ocrx_word' id='word_1_41' title='bbox 966 1229 1230 1313; x_wconf 90' lang='lat' dir='ltr'><strong>adolescentem,</strong></span> 
     </span>
     <span class='ocr_line' id='line_1_7' title="bbox 162 1327 1232 1420; baseline 0.007 -30"><span class='ocrx_word' id='word_1_42' title='bbox 162 1350 229 1392; x_wconf 93' lang='lat' dir='ltr'><strong>non</strong></span> <span class='ocrx_word' id='word_1_43' title='bbox 245 1329 308 1408; x_wconf 85' lang='lat' dir='ltr'><strong>jam</strong></span> <span class='ocrx_word' id='word_1_44' title='bbox 325 1329 459 1392; x_wconf 89' lang='lat' dir='ltr'><strong>nomine</strong></span> <span class='ocrx_word' id='word_1_45' title='bbox 473 1344 617 1408; x_wconf 90' lang='lat' dir='ltr'><strong>tantum,</strong></span> <span class='ocrx_word' id='word_1_46' title='bbox 634 1327 692 1393; x_wconf 94' lang='lat' dir='ltr'><strong>sed</strong></span> <span class='ocrx_word' id='word_1_47' title='bbox 708 1329 803 1392; x_wconf 91' lang='lat' dir='ltr'><strong>etiam</strong></span> <span class='ocrx_word' id='word_1_48' title='bbox 818 1330 929 1393; x_wconf 92' lang='lat' dir='ltr'><strong>animo</strong></span> <span class='ocrx_word' id='word_1_49' title='bbox 948 1331 1053 1420; x_wconf 88' lang='lat' dir='ltr'><strong>regio,</strong></span> <span class='ocrx_word' id='word_1_50' title='bbox 1066 1354 1232 1420; x_wconf 72' lang='lat' dir='ltr'><strong>capessere</strong></span> 
     </span>
     <span class='ocr_line' id='line_1_8' title="bbox 162 1429 1233 1519; baseline 0.005 -27"><span class='ocrx_word' id='word_1_51' title='bbox 162 1431 395 1519; x_wconf 86' lang='lat' dir='ltr'><strong>rempublicam</strong></span> <span class='ocrx_word' id='word_1_52' title='bbox 419 1429 527 1512; x_wconf 86' lang='lat' dir='ltr'><strong>videt,</strong></span> <span class='ocrx_word' id='word_1_53' title='bbox 544 1445 741 1494; x_wconf 72' lang='lat' dir='ltr'><strong>venenatum</strong></span> <span class='ocrx_word' id='word_1_54' title='bbox 761 1431 918 1519; x_wconf 91' lang='lat' dir='ltr'><strong>poculum</strong></span> <span class='ocrx_word' id='word_1_55' title='bbox 943 1429 983 1494; x_wconf 91' lang='lat' dir='ltr'><strong>ab</strong></span> <span class='ocrx_word' id='word_1_56' title='bbox 1004 1432 1233 1499; x_wconf 81' lang='lat' dir='ltr'><strong>exercitatione</strong></span> 
     </span>
     <span class='ocr_line' id='line_1_9' title="bbox 162 1533 1176 1597; baseline 0.001 -2"><span class='ocrx_word' id='word_1_57' title='bbox 162 1534 281 1597; x_wconf 89' lang='lat' dir='ltr'><strong>sitienti</strong></span> <span class='ocrx_word' id='word_1_58' title='bbox 296 1533 402 1597; x_wconf 85' lang='lat' dir='ltr'><strong>offert.</strong></span> <span class='ocrx_word' id='word_1_59' title='bbox 1170 1586 1176 1596; x_wconf 90' lang='lat'><strong>.</strong></span> 
     </span>
    </p>

    <p class='ocr_par' dir='ltr' id='par_1_3' title="bbox 159 1635 1239 2841">
     <span class='ocr_line' id='line_1_10' title="bbox 205 1635 1232 1725; baseline 0.003 -26"><span class='ocrx_word' id='word_1_60' title='bbox 205 1635 358 1699; x_wconf 89' lang='lat' dir='ltr'><strong>XXXVI.</strong></span> <span class='ocrx_word' id='word_1_61' title='bbox 382 1635 457 1715; x_wconf 91' lang='lat' dir='ltr'><strong>Ille,</strong></span> <span class='ocrx_word' id='word_1_62' title='bbox 475 1657 673 1724; x_wconf 87' lang='lat' dir='ltr'><strong>quamquam</strong></span> <span class='ocrx_word' id='word_1_63' title='bbox 690 1635 818 1725; x_wconf 89' lang='lat' dir='ltr'><strong>prodita</strong></span> <span class='ocrx_word' id='word_1_64' title='bbox 841 1658 930 1699; x_wconf 90' lang='lat' dir='ltr'><strong>resa</strong></span> <span class='ocrx_word' id='word_1_65' title='bbox 955 1636 1087 1700; x_wconf 92' lang='lat' dir='ltr'><strong>conscio</strong></span> <span class='ocrx_word' id='word_1_66' title='bbox 1108 1638 1232 1720; x_wconf 87' lang='lat' dir='ltr'><strong>fuerat,</strong></span> 
     </span>
     <span class='ocr_line' id='line_1_11' title="bbox 162 1736 1233 1825; baseline 0.002 -25"><span class='ocrx_word' id='word_1_67' title='bbox 162 1738 376 1825; x_wconf 83' lang='lat' dir='ltr'><strong>ignorantiam</strong></span> <span class='ocrx_word' id='word_1_68' title='bbox 401 1738 575 1819; x_wconf 84' lang='lat' dir='ltr'><strong>simulans,</strong></span> <span class='ocrx_word' id='word_1_69' title='bbox 600 1738 692 1825; x_wconf 90' lang='lat' dir='ltr'><strong>quasi</strong></span> <span class='ocrx_word' id='word_1_70' title='bbox 717 1736 853 1801; x_wconf 89' lang='lat' dir='ltr'><strong>honoris</strong></span> <span class='ocrx_word' id='word_1_71' title='bbox 877 1759 972 1801; x_wconf 87' lang='lat' dir='ltr'><strong>causa</strong></span> <span class='ocrx_word' id='word_1_72' title='bbox 986 1785 994 1817; x_wconf 93' lang='lat'>‚</span> <span class='ocrx_word' id='word_1_73' title='bbox 1010 1736 1122 1800; x_wconf 89' lang='lat' dir='ltr'><strong>bibere</strong></span> <span class='ocrx_word' id='word_1_74' title='bbox 1144 1737 1233 1802; x_wconf 85' lang='lat' dir='ltr'><strong>illam</strong></span> 
     </span>
     <span class='ocr_line' id='line_1_12' title="bbox 160 1837 1232 1929; baseline 0.003 -29"><span class='ocrx_word' id='word_1_75' title='bbox 160 1837 302 1927; x_wconf 89' lang='lat' dir='ltr'><strong>priorem</strong></span> <span class='ocrx_word' id='word_1_76' title='bbox 319 1838 424 1919; x_wconf 85' lang='lat' dir='ltr'><strong>jubet.</strong></span> <span class='ocrx_word' id='word_1_77' title='bbox 445 1839 627 1902; x_wconf 87' lang='lat' dir='ltr'><strong>Recusante</strong></span> <span class='ocrx_word' id='word_1_78' title='bbox 647 1838 803 1914; x_wconf 91' lang='lat' dir='ltr'><strong>muliere,</strong></span> <span class='ocrx_word' id='word_1_79' title='bbox 827 1861 931 1925; x_wconf 91' lang='lat' dir='ltr'><strong>quum</strong></span> <span class='ocrx_word' id='word_1_80' title='bbox 954 1838 1019 1902; x_wconf 91' lang='lat' dir='ltr'><strong>hoc</strong></span> <span class='ocrx_word' id='word_1_81' title='bbox 1039 1838 1148 1926; x_wconf 88' lang='lat' dir='ltr'><strong>ipsum</strong></span> <span class='ocrx_word' id='word_1_82' title='bbox 1171 1861 1232 1929; x_wconf 89' lang='lat' dir='ltr'><strong>pro</strong></span> 
     </span>
     <span class='ocr_line' id='line_1_13' title="bbox 162 1938 1239 2030; baseline 0.001 -30"><span class='ocrx_word' id='word_1_83' title='bbox 162 1938 331 2001; x_wconf 82' lang='lat' dir='ltr'><strong>manifesto</strong></span> <span class='ocrx_word' id='word_1_84' title='bbox 348 1938 476 2002; x_wconf 88' lang='lat' dir='ltr'><strong>sceleris</strong></span> <span class='ocrx_word' id='word_1_85' title='bbox 487 1955 686 2027; x_wconf 80' lang='lat' dir='ltr'><strong>argumento</strong></span> <span class='ocrx_word' id='word_1_86' title='bbox 703 1939 897 2026; x_wconf 85' lang='lat' dir='ltr'><strong>accepisset,</strong></span> <span class='ocrx_word' id='word_1_87' title='bbox 910 1939 1015 2003; x_wconf 87' lang='lat' dir='ltr'><strong>acrius</strong></span> <span class='ocrx_word' id='word_1_88' title='bbox 1029 1939 1145 2004; x_wconf 87' lang='lat' dir='ltr'><strong>instat:</strong></span> <span class='ocrx_word' id='word_1_89' title='bbox 1159 1961 1239 2030; x_wconf 63' lang='lat' dir='ltr'><strong>pen.</strong></span> 
     </span>
     <span class='ocr_line' id='line_1_14' title="bbox 162 2038 1232 2128; baseline 0.004 -26"><span class='ocrx_word' id='word_1_90' title='bbox 162 2057 298 2128; x_wconf 84' lang='lat' dir='ltr'><strong>negante</strong></span> <span class='ocrx_word' id='word_1_91' title='bbox 325 2040 395 2119; x_wconf 89' lang='lat' dir='ltr'><strong>illa,</strong></span> <span class='ocrx_word' id='word_1_92' title='bbox 416 2054 582 2127; x_wconf 89' lang='lat' dir='ltr'><strong>postremo</strong></span> <span class='ocrx_word' id='word_1_93' title='bbox 605 2038 760 2128; x_wconf 91' lang='lat' dir='ltr'><strong>producit</strong></span> <span class='ocrx_word' id='word_1_94' title='bbox 782 2038 945 2121; x_wconf 88' lang='lat' dir='ltr'><strong>indicem,</strong></span> <span class='ocrx_word' id='word_1_95' title='bbox 970 2056 1024 2124; x_wconf 91' lang='lat' dir='ltr'><strong>et,</strong></span> <span class='ocrx_word' id='word_1_96' title='bbox 1047 2071 1061 2096; x_wconf 76' lang='grc' dir='ltr'>ι</span> <span class='ocrx_word' id='word_1_97' title='bbox 1075 2039 1137 2105; x_wconf 85' lang='lat' dir='ltr'><strong>Hic</strong></span> <span class='ocrx_word' id='word_1_98' title='bbox 1161 2063 1232 2125; x_wconf 90' lang='lat' dir='ltr'><strong>me,</strong></span> 
     </span>
     <span class='ocr_line' id='line_1_15' title="bbox 161 2141 1232 2230; baseline 0.005 -26"><span class='ocrx_word' id='word_1_99' title='bbox 161 2142 312 2230; x_wconf 80' lang='lat' dir='ltr'><strong>«inquit,</strong></span> <span class='ocrx_word' id='word_1_100' title='bbox 329 2142 470 2205; x_wconf 90' lang='lat' dir='ltr'><strong>oblatam</strong></span> <span class='ocrx_word' id='word_1_101' title='bbox 493 2164 511 2204; x_wconf 92' lang='lat' dir='ltr'><strong>a</strong></span> <span class='ocrx_word' id='word_1_102' title='bbox 531 2156 562 2204; x_wconf 93' lang='lat' dir='ltr'><strong>te</strong></span> <span class='ocrx_word' id='word_1_103' title='bbox 579 2141 748 2230; x_wconf 91' lang='lat' dir='ltr'><strong>potionem</strong></span> <span class='ocrx_word' id='word_1_104' title='bbox 769 2141 915 2230; x_wconf 89' lang='lat' dir='ltr'><strong>accipere</strong></span> <span class='ocrx_word' id='word_1_105' title='bbox 934 2158 1040 2207; x_wconf 83' lang='lat' dir='ltr'><strong>vetat:</strong></span> <span class='ocrx_word' id='word_1_106' title='bbox 1061 2142 1144 2208; x_wconf 89' lang='lat' dir='ltr'><strong>nihil</strong></span> <span class='ocrx_word' id='word_1_107' title='bbox 1162 2166 1232 2209; x_wconf 83' lang='lat' dir='ltr'><strong>mn·</strong></span> 
     </span>
     <span class='ocr_line' id='line_1_16' title="bbox 160 2243 1233 2340; baseline 0.009 -35"><span class='ocrx_word' id='word_1_108' title='bbox 160 2275 173 2299; x_wconf 68' lang='lat' dir='ltr'><strong>a</strong></span> <span class='ocrx_word' id='word_1_109' title='bbox 187 2244 266 2319; x_wconf 84' lang='lat' dir='ltr'><strong>lim,</strong></span> <span class='ocrx_word' id='word_1_110' title='bbox 291 2265 388 2330; x_wconf 91' lang='lat' dir='ltr'><strong>quam</strong></span> <span class='ocrx_word' id='word_1_111' title='bbox 416 2243 625 2307; x_wconf 89' lang='lat' dir='ltr'><strong>innocentem</strong></span> <span class='ocrx_word' id='word_1_112' title='bbox 655 2259 687 2307; x_wconf 94' lang='lat' dir='ltr'><strong>te</strong></span> <span class='ocrx_word' id='word_1_113' title='bbox 713 2244 872 2332; x_wconf 89' lang='lat' dir='ltr'><strong>reperiri:</strong></span> <span class='ocrx_word' id='word_1_114' title='bbox 904 2253 1012 2334; x_wconf 84' lang='lat' dir='ltr'><strong>neque</strong></span> <span class='ocrx_word' id='word_1_115' title='bbox 1041 2249 1233 2340; x_wconf 86' lang='lat' dir='ltr'><strong>ambagibus</strong></span> 
     </span>
     <span class='ocr_line' id='line_1_17' title="bbox 162 2344 1233 2440; baseline 0.007 -31"><span class='ocrx_word' id='word_1_116' title='bbox 162 2377 174 2401; x_wconf 70' lang='lat' dir='ltr'><strong>«c</strong></span> <span class='ocrx_word' id='word_1_117' title='bbox 186 2368 286 2434; x_wconf 92' lang='lat' dir='ltr'><strong>opus:</strong></span> <span class='ocrx_word' id='word_1_118' title='bbox 308 2347 402 2409; x_wconf 88' lang='lat' dir='ltr'><strong>unica</strong></span> <span class='ocrx_word' id='word_1_119' title='bbox 427 2344 605 2434; x_wconf 90' lang='lat' dir='ltr'><strong>eademque</strong></span> <span class='ocrx_word' id='word_1_120' title='bbox 621 2346 804 2434; x_wconf 78' lang='lat' dir='ltr'><strong>aequissima</strong></span> <span class='ocrx_word' id='word_1_121' title='bbox 829 2345 975 2411; x_wconf 84' lang='lat' dir='ltr'><strong>defensio</strong></span> <span class='ocrx_word' id='word_1_122' title='bbox 994 2365 1061 2431; x_wconf 86' lang='lat' dir='ltr'><strong>est,</strong></span> <span class='ocrx_word' id='word_1_123' title='bbox 1079 2350 1123 2431; x_wconf 88' lang='lat' dir='ltr'><strong>si,</strong></span> <span class='ocrx_word' id='word_1_124' title='bbox 1140 2349 1233 2440; x_wconf 90' lang='lat' dir='ltr'><strong>quod</strong></span> 
     </span>
     <span class='ocr_line' id='line_1_18' title="bbox 159 2448 1231 2540; baseline 0.007 -29"><span class='ocrx_word' id='word_1_125' title='bbox 159 2448 354 2530; x_wconf 88' lang='lat' dir='ltr'><strong>«obtulisti,</strong></span> <span class='ocrx_word' id='word_1_126' title='bbox 377 2448 480 2513; x_wconf 88' lang='lat' dir='ltr'><strong>bibas.</strong></span> <span class='ocrx_word' id='word_1_127' title='bbox 510 2448 610 2531; x_wconf 90' lang='lat' dir='ltr'><strong>Quod</strong></span> <span class='ocrx_word' id='word_1_128' title='bbox 637 2471 699 2537; x_wconf 90' lang='lat' dir='ltr'><strong>ego</strong></span> <span class='ocrx_word' id='word_1_129' title='bbox 724 2448 803 2511; x_wconf 90' lang='lat' dir='ltr'><strong>citra</strong></span> <span class='ocrx_word' id='word_1_130' title='bbox 828 2448 1011 2536; x_wconf 90' lang='lat' dir='ltr'><strong>periculum</strong></span> <span class='ocrx_word' id='word_1_131' title='bbox 1039 2467 1231 2540; x_wconf 87' lang='lat' dir='ltr'><strong>sumpturus</strong></span> 
     </span>
     <span class='ocr_line' id='line_1_19' title="bbox 160 2549 1233 2642; baseline 0.004 -29"><span class='ocrx_word' id='word_1_132' title='bbox 160 2573 290 2633; x_wconf 76' lang='lat' dir='ltr'><strong>«eram,</strong></span> <span class='ocrx_word' id='word_1_133' title='bbox 305 2552 399 2615; x_wconf 89' lang='lat' dir='ltr'><strong>etiam</strong></span> <span class='ocrx_word' id='word_1_134' title='bbox 416 2550 475 2614; x_wconf 91' lang='lat' dir='ltr'><strong>tibi</strong></span> <span class='ocrx_word' id='word_1_135' title='bbox 492 2573 559 2613; x_wconf 93' lang='lat' dir='ltr'><strong>non</strong></span> <span class='ocrx_word' id='word_1_136' title='bbox 575 2549 700 2614; x_wconf 89' lang='lat' dir='ltr'><strong>oberit:</strong></span> <span class='ocrx_word' id='word_1_137' title='bbox 716 2550 765 2612; x_wconf 91' lang='lat' dir='ltr'><strong>sin</strong></span> <span class='ocrx_word' id='word_1_138' title='bbox 781 2572 858 2612; x_wconf 87' lang='lat' dir='ltr'><strong>vero</strong></span> <span class='ocrx_word' id='word_1_139' title='bbox 872 2572 939 2613; x_wconf 92' lang='lat' dir='ltr'><strong>non</strong></span> <span class='ocrx_word' id='word_1_140' title='bbox 954 2550 1162 2617; x_wconf 76' lang='lat' dir='ltr'><strong>innocentius</strong></span> <span class='ocrx_word' id='word_1_141' title='bbox 1176 2575 1233 2642; x_wconf 91' lang='lat' dir='ltr'><strong>po-</strong></span> 
     </span>
     <span class='ocr_line' id='line_1_20' title="bbox 159 2651 1228 2740; baseline 0.004 -26"><span class='ocrx_word' id='word_1_142' title='bbox 159 2685 171 2705; x_wconf 73' lang='lat'>«</span> <span class='ocrx_word' id='word_1_143' title='bbox 184 2653 278 2733; x_wconf 91' lang='lat' dir='ltr'><strong>culo,</strong></span> <span class='ocrx_word' id='word_1_144' title='bbox 295 2675 393 2740; x_wconf 92' lang='lat' dir='ltr'><strong>quam</strong></span> <span class='ocrx_word' id='word_1_145' title='bbox 412 2674 490 2716; x_wconf 90' lang='lat' dir='ltr'><strong>arcu</strong></span> <span class='ocrx_word' id='word_1_146' title='bbox 510 2651 627 2733; x_wconf 80' lang='lat' dir='ltr'><strong>uteris3</strong></span> <span class='ocrx_word' id='word_1_147' title='bbox 642 2672 790 2714; x_wconf 88' lang='lat' dir='ltr'><strong>recusare</strong></span> <span class='ocrx_word' id='word_1_148' title='bbox 806 2673 872 2713; x_wconf 92' lang='lat' dir='ltr'><strong>non</strong></span> <span class='ocrx_word' id='word_1_149' title='bbox 887 2666 1000 2738; x_wconf 85' lang='lat' dir='ltr'><strong>potes,</strong></span> <span class='ocrx_word' id='word_1_150' title='bbox 1018 2675 1086 2740; x_wconf 92' lang='lat' dir='ltr'><strong>quo</strong></span> <span class='ocrx_word' id='word_1_151' title='bbox 1101 2654 1228 2735; x_wconf 89' lang='lat' dir='ltr'><strong>minus,</strong></span> 
     </span>
     <span class='ocr_line' id='line_1_21' title="bbox 160 2751 843 2841; baseline -0.004 -25"><span class='ocrx_word' id='word_1_152' title='bbox 160 2787 170 2807; x_wconf 79' lang='lat'><strong>-‹</strong></span> <span class='ocrx_word' id='word_1_153' title='bbox 184 2752 274 2841; x_wconf 89' lang='lat' dir='ltr'><strong>quod</strong></span> <span class='ocrx_word' id='word_1_154' title='bbox 288 2752 354 2816; x_wconf 91' lang='lat' dir='ltr'><strong>filio</strong></span> <span class='ocrx_word' id='word_1_155' title='bbox 366 2752 542 2831; x_wconf 86' lang='lat' dir='ltr'><strong>miscuisti,</strong></span> <span class='ocrx_word' id='word_1_156' title='bbox 563 2765 664 2814; x_wconf 91' lang='lat' dir='ltr'><strong>mater</strong></span> <span class='ocrx_word' id='word_1_157' title='bbox 678 2751 817 2814; x_wconf 84' lang='lat' dir='ltr'><strong>haurias.</strong></span> <span class='ocrx_word' id='word_1_158' title='bbox 831 2781 843 2805; x_wconf 70' lang='lat' dir='ltr'><strong>a</strong></span> 
     </span>
    </p>

    <p class='ocr_par' dir='ltr' id='par_1_4' title="bbox 158 2851 1233 3856">
     <span class='ocr_line' id='line_1_22' title="bbox 203 2851 1233 2942; baseline 0 -26"><span class='ocrx_word' id='word_1_159' title='bbox 203 2854 374 2917; x_wconf 82' lang='lat' dir='ltr'><strong>XXXVII.</strong></span> <span class='ocrx_word' id='word_1_160' title='bbox 399 2854 446 2916; x_wconf 89' lang='lat' dir='ltr'><strong>lta</strong></span> <span class='ocrx_word' id='word_1_161' title='bbox 465 2854 586 2916; x_wconf 86' lang='lat' dir='ltr'><strong>factum</strong></span> <span class='ocrx_word' id='word_1_162' title='bbox 606 2851 756 2914; x_wconf 81' lang='lat' dir='ltr'><strong>vindictae</strong></span> <span class='ocrx_word' id='word_1_163' title='bbox 780 2851 1035 2915; x_wconf 86' lang='lat' dir='ltr'><strong>instrumentum</strong></span> <span class='ocrx_word' id='word_1_164' title='bbox 1057 2869 1124 2934; x_wconf 88' lang='lat' dir='ltr'><strong>est,</strong></span> <span class='ocrx_word' id='word_1_165' title='bbox 1141 2854 1233 2942; x_wconf 84' lang='lat' dir='ltr'><strong>quod</strong></span> 
     </span>
     <span class='ocr_line' id='line_1_23' title="bbox 159 2951 1233 3042; baseline 0.004 -26"><span class='ocrx_word' id='word_1_166' title='bbox 159 2956 309 3037; x_wconf 74' lang='lat' dir='ltr'><strong>lacinoris</strong></span> <span class='ocrx_word' id='word_1_167' title='bbox 333 2977 403 3018; x_wconf 89' lang='lat' dir='ltr'><strong>esse</strong></span> <span class='ocrx_word' id='word_1_168' title='bbox 419 2953 592 3035; x_wconf 83' lang='lat' dir='ltr'><strong>debuerat3</strong></span> <span class='ocrx_word' id='word_1_169' title='bbox 613 2953 836 3040; x_wconf 85' lang='lat' dir='ltr'><strong>exstinctaque</strong></span> <span class='ocrx_word' id='word_1_170' title='bbox 861 2953 990 3042; x_wconf 88' lang='lat' dir='ltr'><strong>regina,</strong></span> <span class='ocrx_word' id='word_1_171' title='bbox 1012 2951 1233 3020; x_wconf 76' lang='lat' dir='ltr'><strong>Philometon&#39;s</strong></span> 
     </span>
     <span class='ocr_line' id='line_1_24' title="bbox 158 3052 1232 3147; baseline 0.002 -28"><span class='ocrx_word' id='word_1_172' title='bbox 158 3079 318 3147; x_wconf 83' lang='lat' dir='ltr'><strong>agnomen</strong></span> <span class='ocrx_word' id='word_1_173' title='bbox 346 3054 428 3132; x_wconf 84' lang='lat' dir='ltr'><strong>filio,</strong></span> <span class='ocrx_word' id='word_1_174' title='bbox 448 3053 536 3144; x_wconf 88' lang='lat' dir='ltr'><strong>apud</strong></span> <span class='ocrx_word' id='word_1_175' title='bbox 560 3053 685 3119; x_wconf 91' lang='lat' dir='ltr'><strong>dicacis.</strong></span> <span class='ocrx_word' id='word_1_176' title='bbox 699 3054 822 3144; x_wconf 87' lang='lat' dir='ltr'><strong>ingenii</strong></span> <span class='ocrx_word' id='word_1_177' title='bbox 844 3055 1004 3142; x_wconf 87' lang='lat' dir='ltr'><strong>populum</strong></span> <span class='ocrx_word' id='word_1_178' title='bbox 1029 3052 1135 3120; x_wconf 79' lang='lat' dir='ltr'><strong>dedit.</strong></span> <span class='ocrx_word' id='word_1_179' title='bbox 1153 3056 1232 3123; x_wconf 82' lang='lat' dir='ltr'><strong>Post</strong></span> 
     </span>
     <span class='ocr_line' id='line_1_25' title="bbox 159 3153 1232 3250; baseline 0.007 -31"><span class='ocrx_word' id='word_1_180' title='bbox 159 3157 227 3221; x_wconf 85' lang='lat' dir='ltr'><strong>haec</strong></span> <span class='ocrx_word' id='word_1_181' title='bbox 242 3181 301 3246; x_wconf 89' lang='lat' dir='ltr'><strong>per</strong></span> <span class='ocrx_word' id='word_1_182' title='bbox 316 3157 439 3245; x_wconf 92' lang='lat' dir='ltr'><strong>aliquot</strong></span> <span class='ocrx_word' id='word_1_183' title='bbox 455 3176 557 3220; x_wconf 89' lang='lat' dir='ltr'><strong>annos</strong></span> <span class='ocrx_word' id='word_1_184' title='bbox 574 3155 683 3243; x_wconf 87' lang='lat' dir='ltr'><strong>quieta</strong></span> <span class='ocrx_word' id='word_1_185' title='bbox 700 3155 790 3244; x_wconf 85' lang='lat' dir='ltr'><strong>Syria</strong></span> <span class='ocrx_word' id='word_1_186' title='bbox 805 3155 886 3218; x_wconf 84' lang='lat' dir='ltr'><strong>fuit:</strong></span> <span class='ocrx_word' id='word_1_187' title='bbox 903 3153 1008 3220; x_wconf 91' lang='lat' dir='ltr'><strong>donec</strong></span> <span class='ocrx_word' id='word_1_188' title='bbox 1025 3174 1128 3222; x_wconf 89' lang='lat' dir='ltr'><strong>matre</strong></span> <span class='ocrx_word' id='word_1_189' title='bbox 1145 3161 1232 3250; x_wconf 80' lang='lat' dir='ltr'><strong>regis</strong></span> 
     </span>
     <span class='ocr_line' id='line_1_26' title="bbox 158 3257 1231 3351; baseline 0.005 -29"><span class='ocrx_word' id='word_1_190' title='bbox 158 3274 190 3322; x_wconf 93' lang='lat' dir='ltr'><strong>et</strong></span> <span class='ocrx_word' id='word_1_191' title='bbox 215 3275 332 3346; x_wconf 90' lang='lat' dir='ltr'><strong>patruo</strong></span> <span class='ocrx_word' id='word_1_192' title='bbox 353 3261 482 3351; x_wconf 89' lang='lat' dir='ltr'><strong>genitus</strong></span> <span class='ocrx_word' id='word_1_193' title='bbox 506 3258 688 3322; x_wconf 81' lang='lat' dir='ltr'><strong>Antiochus</strong></span> <span class='ocrx_word' id='word_1_194' title='bbox 710 3257 802 3321; x_wconf 86' lang='lat' dir='ltr'><strong>solita</strong></span> <span class='ocrx_word' id='word_1_195' title='bbox 828 3257 872 3321; x_wconf 95' lang='lat' dir='ltr'><strong>illi</strong></span> <span class='ocrx_word' id='word_1_196' title='bbox 901 3257 1231 3345; x_wconf 65' lang='lat' dir='ltr'><strong>familioe,certaminr</strong></span> 
     </span>
     <span class='ocr_line' id='line_1_27' title="bbox 158 3357 1232 3451; baseline 0.005 -29"><span class='ocrx_word' id='word_1_197' title='bbox 158 3360 362 3426; x_wconf 87' lang='lat' dir='ltr'><strong>instauraret.</strong></span> <span class='ocrx_word' id='word_1_198' title='bbox 383 3361 502 3426; x_wconf 92' lang='lat' dir='ltr'><strong>Iisdem</strong></span> <span class='ocrx_word' id='word_1_199' title='bbox 513 3360 723 3451; x_wconf 76' lang='lat' dir='ltr'><strong>¹temporibus</strong></span> <span class='ocrx_word' id='word_1_200' title='bbox 739 3357 962 3440; x_wconf 85' lang='lat' dir='ltr'><strong>Mithridates,</strong></span> <span class='ocrx_word' id='word_1_201' title='bbox 979 3359 1035 3447; x_wconf 89' lang='lat' dir='ltr'><strong>qui</strong></span> <span class='ocrx_word' id='word_1_202' title='bbox 1050 3357 1161 3451; x_wconf 82' lang='lat' dir='ltr'><strong>Magni</strong></span> <span class='ocrx_word' id='word_1_203' title='bbox 1177 3384 1232 3428; x_wconf 86' lang='lat' dir='ltr'><strong>co-</strong></span> 
     </span>
     <span class='ocr_line' id='line_1_28' title="bbox 158 3460 1230 3552; baseline 0.007 -30"><span class='ocrx_word' id='word_1_204' title='bbox 158 3483 299 3548; x_wconf 86' lang='lat' dir='ltr'><strong>gnomen</strong></span> <span class='ocrx_word' id='word_1_205' title='bbox 313 3464 472 3528; x_wconf 86' lang='lat' dir='ltr'><strong>factorum</strong></span> <span class='ocrx_word' id='word_1_206' title='bbox 484 3479 515 3528; x_wconf 88' lang='lat' dir='ltr'><strong>et</strong></span> <span class='ocrx_word' id='word_1_207' title='bbox 526 3462 652 3552; x_wconf 91' lang='lat' dir='ltr'><strong>imperii</strong></span> <span class='ocrx_word' id='word_1_208' title='bbox 663 3460 877 3551; x_wconf 90' lang='lat' dir='ltr'><strong>amplitudine</strong></span> <span class='ocrx_word' id='word_1_209' title='bbox 887 3461 1021 3543; x_wconf 87' lang='lat' dir='ltr'><strong>meruit,</strong></span> <span class='ocrx_word' id='word_1_210' title='bbox 1032 3477 1105 3549; x_wconf 85' lang='lat' dir='ltr'><strong>post</strong></span> <span class='ocrx_word' id='word_1_211' title='bbox 1116 3485 1230 3530; x_wconf 87' lang='lat' dir='ltr'><strong>necem</strong></span> 
     </span>
     <span class='ocr_line' id='line_1_29' title="bbox 158 3560 1229 3650; baseline 0.007 -28"><span class='ocrx_word' id='word_1_212' title='bbox 158 3563 256 3648; x_wconf 87' lang='lat' dir='ltr'><strong>patris</strong></span> <span class='ocrx_word' id='word_1_213' title='bbox 279 3562 419 3650; x_wconf 82' lang='lat' dir='ltr'><strong>perfidos</strong></span> <span class='ocrx_word' id='word_1_214' title='bbox 443 3581 567 3630; x_wconf 89' lang='lat' dir='ltr'><strong>tutores</strong></span> <span class='ocrx_word' id='word_1_215' title='bbox 587 3580 719 3645; x_wconf 85' lang='lat' dir='ltr'><strong>nactus,</strong></span> <span class='ocrx_word' id='word_1_216' title='bbox 737 3584 920 3650; x_wconf 90' lang='lat' dir='ltr'><strong>eorumque</strong></span> <span class='ocrx_word' id='word_1_217' title='bbox 940 3560 1080 3626; x_wconf 81' lang='lat' dir='ltr'><strong>vitandis</strong></span> <span class='ocrx_word' id='word_1_218' title='bbox 1102 3563 1229 3629; x_wconf 88' lang='lat' dir='ltr'><strong>insidiis</strong></span> 
     </span>
     <span class='ocr_line' id='line_1_30' title="bbox 158 3661 1231 3754; baseline 0.006 -30"><span class='ocrx_word' id='word_1_219' title='bbox 158 3661 364 3750; x_wconf 90' lang='lat' dir='ltr'><strong>prudentiam</strong></span> <span class='ocrx_word' id='word_1_220' title='bbox 393 3688 430 3729; x_wconf 91' lang='lat' dir='ltr'><strong>ac</strong></span> <span class='ocrx_word' id='word_1_221' title='bbox 454 3667 607 3731; x_wconf 88' lang='lat' dir='ltr'><strong>virtutem</strong></span> <span class='ocrx_word' id='word_1_222' title='bbox 635 3681 766 3730; x_wconf 89' lang='lat' dir='ltr'><strong>coactus</strong></span> <span class='ocrx_word' id='word_1_223' title='bbox 792 3663 982 3743; x_wconf 90' lang='lat' dir='ltr'><strong>intendere,</strong></span> <span class='ocrx_word' id='word_1_224' title='bbox 1005 3663 1107 3743; x_wconf 88' lang='lat' dir='ltr'><strong>major</strong></span> <span class='ocrx_word' id='word_1_225' title='bbox 1133 3680 1231 3754; x_wconf 79' lang='lat' dir='ltr'><strong>atque</strong></span> 
     </span>
     <span class='ocr_line' id='line_1_31' title="bbox 158 3763 1228 3856; baseline 0.004 -29"><span class='ocrx_word' id='word_1_226' title='bbox 158 3766 274 3828; x_wconf 90' lang='lat' dir='ltr'><strong>melior</strong></span> <span class='ocrx_word' id='word_1_227' title='bbox 291 3767 407 3847; x_wconf 82' lang='lat' dir='ltr'><strong>evasit,</strong></span> <span class='ocrx_word' id='word_1_228' title='bbox 423 3791 521 3856; x_wconf 90' lang='lat' dir='ltr'><strong>quam</strong></span> <span class='ocrx_word' id='word_1_229' title='bbox 534 3770 590 3834; x_wconf 88' lang='lat' dir='ltr'><strong>sia</strong></span> <span class='ocrx_word' id='word_1_230' title='bbox 607 3763 919 3833; x_wconf 85' lang='lat' dir='ltr'><strong>benevolentissimis</strong></span> <span class='ocrx_word' id='word_1_231' title='bbox 936 3764 1050 3828; x_wconf 85' lang='lat' dir='ltr'><strong>fuisset</strong></span> <span class='ocrx_word' id='word_1_232' title='bbox 1061 3763 1228 3831; x_wconf 83' lang='lat' dir='ltr'><strong>educatus.</strong></span> 
     </span>
    </p>

    <p class='ocr_par' dir='ltr' id='par_1_5' title="bbox 157 3863 1230 4158">
     <span class='ocr_line' id='line_1_32' title="bbox 202 3863 1229 3957; baseline 0.003 -29"><span class='ocrx_word' id='word_1_233' title='bbox 202 3865 390 3930; x_wconf 87' lang='lat' dir='ltr'><strong>XXXVlll.</strong></span> <span class='ocrx_word' id='word_1_234' title='bbox 415 3869 622 3957; x_wconf 85' lang='lat' dir='ltr'><strong>Quamquam</strong></span> <span class='ocrx_word' id='word_1_235' title='bbox 641 3868 729 3931; x_wconf 91' lang='lat' dir='ltr'><strong>enim</strong></span> <span class='ocrx_word' id='word_1_236' title='bbox 749 3866 896 3929; x_wconf 76' lang='lat' dir='ltr'><strong>honeste</strong></span> <span class='ocrx_word' id='word_1_237' title='bbox 910 3863 1074 3931; x_wconf 74' lang='lat' dir='ltr'><strong>blanditias</strong></span> <span class='ocrx_word' id='word_1_238' title='bbox 1097 3883 1130 3931; x_wconf 92' lang='lat' dir='ltr'><strong>et</strong></span> <span class='ocrx_word' id='word_1_239' title='bbox 1144 3882 1229 3931; x_wconf 86' lang='lat' dir='ltr'><strong>tem·</strong></span> 
     </span>
     <span class='ocr_line' id='line_1_33' title="bbox 158 3967 1230 4058; baseline 0.004 -27"><span class='ocrx_word' id='word_1_240' title='bbox 158 3970 280 4056; x_wconf 87' lang='lat' dir='ltr'><strong>pestiva</strong></span> <span class='ocrx_word' id='word_1_241' title='bbox 297 3968 501 4032; x_wconf 90' lang='lat' dir='ltr'><strong>hortamenta</strong></span> <span class='ocrx_word' id='word_1_242' title='bbox 518 3970 696 4058; x_wconf 89' lang='lat' dir='ltr'><strong>plurimum</strong></span> <span class='ocrx_word' id='word_1_243' title='bbox 713 3967 801 4055; x_wconf 93' lang='lat' dir='ltr'><strong>apud</strong></span> <span class='ocrx_word' id='word_1_244' title='bbox 815 3967 962 4056; x_wconf 85' lang='lat' dir='ltr'><strong>egregios</strong></span> <span class='ocrx_word' id='word_1_245' title='bbox 976 3969 1100 4049; x_wconf 81' lang='lat' dir='ltr'><strong>valent,</strong></span> <span class='ocrx_word' id='word_1_246' title='bbox 1113 3985 1230 4056; x_wconf 87' lang='lat' dir='ltr'><strong>poten·</strong></span> 
     </span>
     <span class='ocr_line' id='line_1_34' title="bbox 157 4066 1228 4158; baseline 0.002 -25"><span class='ocrx_word' id='word_1_247' title='bbox 157 4072 256 4135; x_wconf 92' lang='lat' dir='ltr'><strong>tiores</strong></span> <span class='ocrx_word' id='word_1_248' title='bbox 276 4087 383 4134; x_wconf 88' lang='lat' dir='ltr'><strong>tamen</strong></span> <span class='ocrx_word' id='word_1_249' title='bbox 401 4071 523 4134; x_wconf 88' lang='lat' dir='ltr'><strong>stimuli</strong></span> <span class='ocrx_word' id='word_1_250' title='bbox 539 4094 557 4134; x_wconf 88' lang='lat' dir='ltr'><strong>a</strong></span> <span class='ocrx_word' id='word_1_251' title='bbox 573 4069 724 4158; x_wconf 84' lang='lat' dir='ltr'><strong>periculis</strong></span> <span class='ocrx_word' id='word_1_252' title='bbox 743 4084 775 4131; x_wconf 92' lang='lat' dir='ltr'><strong>et</strong></span> <span class='ocrx_word' id='word_1_253' title='bbox 796 4083 887 4132; x_wconf 90' lang='lat' dir='ltr'><strong>metu</strong></span> <span class='ocrx_word' id='word_1_254' title='bbox 908 4066 1116 4132; x_wconf 88' lang='lat' dir='ltr'><strong>adhibentur.</strong></span> <span class='ocrx_word' id='word_1_255' title='bbox 1143 4068 1228 4135; x_wconf 88' lang='lat' dir='ltr'><strong>Pue-</strong></span> 
     </span>
    </p>
   </div>
   <div class='ocr_carea' id='block_1_3' title="bbox 158 4288 1230 4515">
    <p class='ocr_par' dir='ltr' id='par_1_6' title="bbox 158 4288 1230 4515">
     <span class='ocr_line' id='line_1_35' title="bbox 189 4288 1230 4356; baseline 0 -18"><span class='ocrx_word' id='word_1_256' title='bbox 189 4289 205 4354; x_wconf 84' lang='lat'><em>§</em></span> <span class='ocrx_word' id='word_1_257' title='bbox 222 4291 333 4340; x_wconf 78' lang='lat' dir='ltr'><strong>XXXV.</strong></span> <span class='ocrx_word' id='word_1_258' title='bbox 349 4291 473 4356; x_wconf 75' lang='lat' dir='ltr'><strong>Porphyr.</strong></span> <span class='ocrx_word' id='word_1_259' title='bbox 490 4288 556 4355; x_wconf 80' lang='lat' dir='ltr'><strong>apud</strong></span> <span class='ocrx_word' id='word_1_260' title='bbox 570 4288 660 4338; x_wconf 82' lang='lat' dir='ltr'><strong>Enseb.</strong></span> <span class='ocrx_word' id='word_1_261' title='bbox 672 4290 752 4337; x_wconf 69' lang='lat' dir='ltr'><strong>Grec.</strong></span> <span class='ocrx_word' id='word_1_262' title='bbox 762 4315 795 4325; x_wconf 91' lang='lat'>-</span> <span class='ocrx_word' id='word_1_263' title='bbox 805 4288 894 4352; x_wconf 78' lang='lat' dir='ltr'><strong>Scalig.</strong></span> <span class='ocrx_word' id='word_1_264' title='bbox 907 4303 963 4353; x_wconf 75' lang='lat' dir='ltr'><strong>pag.</strong></span> <span class='ocrx_word' id='word_1_265' title='bbox 974 4301 1035 4347; x_wconf 65' lang='grc' dir='ltr'><strong>ιη.</strong></span> <span class='ocrx_word' id='word_1_266' title='bbox 1046 4313 1082 4325; x_wconf 92' lang='lat'><em>-</em></span> <span class='ocrx_word' id='word_1_267' title='bbox 1090 4288 1184 4339; x_wconf 71' lang='lat' dir='ltr'><strong>tuto.</strong></span> <span class='ocrx_word' id='word_1_268' title='bbox 1194 4317 1230 4328; x_wconf 96' lang='lat'>-</span> 
     </span>
     <span class='ocr_line' id='line_1_36' title="bbox 158 4371 1228 4440; baseline -0.001 -20"><span class='ocrx_word' id='word_1_269' title='bbox 158 4373 305 4437; x_wconf 75' lang='lat' dir='ltr'><strong>§XXXVL</strong></span> <span class='ocrx_word' id='word_1_270' title='bbox 322 4376 431 4440; x_wconf 78' lang='lat' dir='ltr'><strong>Appiam</strong></span> <span class='ocrx_word' id='word_1_271' title='bbox 453 4372 546 4440; x_wconf 76' lang='lat' dir='ltr'><strong>Syriae.</strong></span> <span class='ocrx_word' id='word_1_272' title='bbox 567 4401 603 4411; x_wconf 94' lang='lat'>-</span> <span class='ocrx_word' id='word_1_273' title='bbox 619 4371 635 4438; x_wconf 76' lang='lat' dir='ltr'>S</span> <span class='ocrx_word' id='word_1_274' title='bbox 652 4373 789 4421; x_wconf 78' lang='lat' dir='ltr'><strong>xxxvn.</strong></span> <span class='ocrx_word' id='word_1_275' title='bbox 804 4371 926 4436; x_wconf 73' lang='lat' dir='ltr'><strong>Poqihyr.</strong></span> <span class='ocrx_word' id='word_1_276' title='bbox 944 4394 980 4406; x_wconf 94' lang='lat'>-</span> <span class='ocrx_word' id='word_1_277' title='bbox 994 4371 1095 4420; x_wconf 73' lang='lat' dir='ltr'><strong>Pruna.</strong></span> <span class='ocrx_word' id='word_1_278' title='bbox 1113 4396 1150 4409; x_wconf 88' lang='lat'>-</span> <span class='ocrx_word' id='word_1_279' title='bbox 1163 4373 1228 4422; x_wconf 76' lang='lat' dir='ltr'><strong>Just.</strong></span> 
     </span>
     <span class='ocr_line' id='line_1_37' title="bbox 159 4458 338 4515; baseline 0.034 -13"><span class='ocrx_word' id='word_1_280' title='bbox 159 4458 297 4515; x_wconf 77' lang='lat' dir='ltr'>xxxvss.</span> <span class='ocrx_word' id='word_1_281' title='bbox 313 4475 338 4508; x_wconf 79' lang='lat' dir='ltr'><strong>a.</strong></span> 
     </span>
    </p>
   </div>
   <div class='ocr_carea' id='block_1_4' title="bbox 990 4512 1054 4648">
    <p class='ocr_par' dir='ltr' id='par_1_7' title="bbox 990 4512 1054 4648">
     <span class='ocr_line' id='line_1_38' title="bbox 990 4512 1054 4648; baseline -0.016 -28"><span class='ocrx_word' id='word_1_282' title='bbox 990 4512 1054 4648; x_wconf 51' lang='lat' dir='ltr'><strong>s.</strong></span> 
     </span>
    </p>
   </div>
   <div class='ocr_carea' id='block_1_5' title="bbox 0 0 1302 4980">
    <p class='ocr_par' dir='ltr' id='par_1_8' title="bbox 0 0 1302 4980">
     <span class='ocr_line' id='line_1_39' title="bbox 0 0 1302 4980; baseline 0 1"><span class='ocrx_word' id='word_1_283' title='bbox 0 0 1302 4980; x_wconf 95' lang='lat' dir='ltr'><strong> </strong></span> 
     </span>
    </p>
   </div>
  </div>
 </body>
</html>
