2594 4980
125 728 175 826 96
296 730 363 798 JO.
391 728 745 799 FREINSHEMII.
763 729 1011 799 SUPPLEM.

127 851 250 917 exitum
268 850 314 914 rei
334 850 427 914 anxia
445 850 554 936 quiete
571 848 815 937 opperientibus
840 871 848 913 :
867 847 990 913 adhoc
1007 850 1179 937 exernplutu

126 969 158 1018 et
179 953 356 1018 consistens
373 952 407 1014 in
428 953 501 1015 foro
521 949 611 1040 plebs
629 950 762 1015 tacebat.
781 949 826 1013 Ut
843 971 921 1014 vero
941 949 1107 1040 cognitum
1120 962 1179 1015 cst,

125 1078 167 1119 ne
185 1054 354 1144 legationis
377 1053 510 1142 quidem
529 1053 731 1141 impetratam
757 1066 950 1141 potestatem
969 1074 1058 1133 esse,
1078 1051 1179 1117 deun<

122 1155 247 1244 ingenti
273 1155 395 1235 ejulatu
417 1153 507 1218 curia
528 1153 718 1240 personuit3
744 1176 812 1242 quo
834 1155 970 1218 excitata
990 1153 1100 1243 plebs,
1118 1173 1179 1219 nor

124 1257 208 1321 ultra
226 1256 414 1321 dilationem
433 1256 556 1334 ferens,
575 1254 693 1343 irrupit
711 1272 744 1319 et
765 1255 852 1344 ipsa,
875 1254 1067 1343 impetuque
1085 1270 1117 1319 et
1133 1254 1179 1321 fu·

122 1381 214 1440 rore,
229 1357 332 1445 qualis
351 1354 578 1421 bacchantium
596 1355 769 1420 mulierum
786 1377 855 1420 esse
872 1356 970 1438 solet,
987 1371 1105 1421 cuncta
1117 1376 1179 1445 per

124 1460 264 1524 miscuit.

166 1561 306 1624 XXXII.
324 1560 398 1623 Non
417 1556 504 1620 enirn
517 1556 584 1635 jam
599 1558 666 1621 ullo
681 1557 845 1647 dignitatis
860 1574 917 1622 aut
933 1557 1123 1621 meritorum
1134 1577 1179 1620 na

120 1680 232 1752 spectu
248 1661 391 1748 reliquo,
406 1657 537 1746 quidam
554 1658 750 1724 invadebant
765 1677 911 1725 auctores
927 1659 1111 1741 sententie,
1122 1676 1179 1747 qut

121 1763 250 1829 obsides
263 1776 355 1826 erant
367 1760 449 1843 dati3
462 1760 649 1849 primosque
664 1761 788 1826 hostilis
802 1760 870 1826 doli
879 1762 1073 1827 architectos
1083 1761 1179 1827 incre

120 1880 233 1952 pantes
260 1860 502 1942 excruciabant,
525 1860 773 1949 lacerabantque
795 1886 803 1929 :
827 1864 880 1928 alii
904 1863 975 1952 pari
999 1862 1179 1928 crudelitatt

119 1965 278 2029 vexabant
296 1984 368 2043 eos,
386 1962 443 2050 qui
454 1984 542 2025 arma
556 1962 712 2028 tradenda
730 1981 946 2030 censuerant:
964 1987 1024 2029 nec
1035 1963 1179 2039 deerant

121 2067 178 2153 qui
194 2067 317 2156 legatos
332 2063 527 2153 lapidarent,
543 2078 581 2127 ut
594 2066 706 2130 ferales
722 2067 871 2148 nuntios,
887 2081 1115 2154 raptarentque
1127 2082 1179 2154 pel

119 2168 236 2232 urbem
249 2189 386 2255 corpora
401 2189 409 2230 :
426 2167 601 2253 statimque
620 2168 757 2232 fruentis
770 2168 858 2258 vulgi
877 2169 1017 2256 impetus
1034 2169 1069 2231 in
1084 2164 1179 2233 ltalic'

119 2270 246 2360 generis
263 2267 412 2332 homines
428 2267 578 2331 incubuit
590 2266 699 2354 (crant
713 2285 822 2332 autern
833 2268 940 2333 adhuc
953 2269 1018 2350 ibi,
1032 2285 1071 2333 ut
1082 2268 1117 2332 in
1126 2288 1179 2332 su·

119 2373 188 2435 bito
205 2369 448 2457 improvisoque
462 2369 564 2450 malo,
581 2367 726 2457 plures);
740 2369 774 2432 in
793 2391 875 2458 quos
890 2369 976 2433 varia
986 2369 1179 2435 immanitate

118 2473 282 2537 saevientes
292 2519 300 2552 ,
308 2492 442 2559 pernam
462 2492 493 2532 se
506 2469 548 2532 ab
566 2469 614 2533 bit
630 2469 790 2552 obsidum,
807 2484 838 2534 et
851 2493 1028 2550 armorum,
1042 2480 1074 2535 el
1089 2470 1179 2537 totu

116 2596 258 2638 remonte
265 2570 402 2660 fraudis
419 2584 565 2659 repetere,
584 2570 782 2636 dictitabant.
1129 2640 1132 2645 ,

162 2674 318 2740 XXXIII.
341 2673 389 2736 Ita
410 2687 574 2736 commota
589 2672 692 2754 urbe,
706 2673 802 2760 plena
819 2673 929 2736 omnia
944 2673 1050 2737 luctus
1066 2668 1179 2749 simul,

118 2793 152 2841 ct
165 2778 235 2857 irae,
248 2791 280 2839 et
291 2773 432 2856 timoris,
447 2790 480 2838 ct
491 2773 654 2837 minarum
667 2791 759 2838 erant
773 2797 781 2839 τ
795 2775 982 2863 strepebant
994 2775 1053 2838 vire
1064 2774 1179 2839 οΙιηιο-

117 2878 208 2941 ribus
217 2876 378 2941 carissima
388 2897 526 2963 quaeque
536 2876 724 2940 nominibus
738 2877 891 2941 cientium
903 2901 912 2942 t
922 2878 956 2941 in
965 2877 1100 2965 templa,
1110 2892 1179 2943 nu·

114 3002 214 3068 quam
235 2979 338 3067 asyla,
357 2977 624 3066 confugiebatur3
642 2976 764 3041 ibidem
783 2979 928 3043 convicia
949 2978 1179 3068 ingerebantur

117 3080 326 3160 numinibus,
343 3079 454 3166 qubus
469 3101 507 3141 nc
521 3078 632 3140 adsui
644 3077 770 3167 qur'clem
785 3077 993 3166 defensionem
1009 3078 1086 3144 ullae
1102 3081 1179 3144 vr'res

113 3196 237 3248 essent:
255 3181 365 3260 multi,
380 3202 483 3267 quum
499 3180 533 3242 in
552 3181 797 3271 armamentaria
815 3204 849 3245 se
865 3182 1066 3264 intulissent,
1082 3203 1179 3248 vacua

115 3284 279 3363 videntes,
297 3281 460 3368 ploratum
481 3278 637 3361 edebant3
659 3280 730 3361 alii,
751 3281 791 3345 ad
810 3284 932 3346 navalia
953 3281 1179 3364 decurrentes,

114 3385 292 3451 absentiam
307 3380 438 3443 navium
450 3380 680 3468 querebantur,
689 3405 768 3470 quas
778 3383 966 3447 hominibus
976 3383 1107 3472 perfidis
1116 3400 1179 3449 tra·

116 3488 296 3552 didisseut:
316 3498 427 3562 erant,
447 3482 505 3568 qui
521 3482 653 3546 nomina
670 3484 933 3572 elephantorum,
950 3500 1105 3571 tanquam
1123 3482 1179 3549 ad·

114 3590 180 3653 huc
189 3583 394 3674 praesentium
405 3630 414 3663 ,
426 3583 636 3648 inclamarent
647 3607 654 3649 ε
665 3585 750 3649 inter
759 3586 827 3651 hoec
844 3585 980 3665 majores
993 3607 1072 3650 suos
1081 3608 1179 3675 seque

115 3693 201 3778 ipsos
215 3683 472 3763 exsecrabantur,
485 3682 574 3771 quod
590 3687 796 3774 elephantos,
810 3708 923 3768 naves,
939 3685 1079 3768 tributa,
1093 3706 1179 3751 arma

116 3790 296 3868 dedissent,
314 3807 396 3872 quos
408 3807 559 3849 unacum
573 3787 674 3875 patria
688 3802 807 3850 armata
818 3788 927 3874 potius
939 3803 1082 3852 extrema
1096 3810 1179 3877 que·

116 3914 180 3980 que
197 3888 263 3977 pati
285 3885 452 3950 decuisset.
472 3885 718 3952 Inllammabant
732 3889 909 3952 amentium
925 3889 987 3953 iras
1006 3905 1179 3971 matronas,

115 4012 253 4080 quarum
268 3986 361 4050 liberi
379 3986 487 4051 traditi
503 3990 656 4053 Romanis
675 3989 803 4053 obsides
821 3989 966 4073 fuerant,
986 3992 1179 4080 tragicarum

114 4095 296 4180 Erinnyurn
311 4089 412 4151 instar
428 4089 572 4154 crinibus
588 4092 688 4178 passis
705 4090 818 4155 urbem
834 4113 909 4155 curn
925 4091 1051 4155 ululatu
1067 4116 1179 4181 perra·

114 4211 242 4285 gentes,
255 4208 291 4254 ut
307 4191 340 4252 in
358 4211 521 4278 quemque
537 4192 754 4273 incurrerant,
770 4191 878 4274 liberos
893 4194 935 4256 ab
948 4193 1103 4282 anqolexre
1116 4218 1179 4259 ma·

114 4313 196 4361 trum
218 4305 341 4382 raptos,
364 4307 540 4382 spretosque
566 4297 745 4358 nu'serarum
760 4318 886 4383 preces,
910 4295 1179 4384 exprobrabant:

149 4484 165 4548 5
176 4485 286 4533 XXXII.
296 4484 384 4529 Zonar.
397 4509 430 4516 —
441 4482 547 4545 Appinn.
