2594 4980
310 698 365 767 nt
392 699 506 767 too.
532 700 624 768 ΗΒ.
653 700 741 769 uix
771 701 985 772 uiuant.
1106 700 1177 799 319

119 821 174 881 bus
195 823 333 882 macrim
350 818 589 907 causisscctum
612 843 672 883 esse
689 834 835 907 putaret,
858 834 894 885 nt
917 831 948 884 et
976 820 1100 886 mmdiu
1125 847 1176 887 re-

119 922 234 984 sisteret
247 923 440 1016 Namatio,
457 933 489 985 et
497 936 654 1010 postremo
676 924 765 984 ct'cta
779 923 1020 1005 ‘succumbenti’
1041 945 1176 1013 respon·

120 1043 191 1084 snm
209 1022 249 1085 ab
269 1024 324 1086 illo
348 1025 477 1103 ferunt,
500 1024 700 1087 concordiam
720 1023 833 1101 saluti,
861 1023 1050 1087 discordiam
1070 1028 1176 1090 >exaio

107 1120 214 1210 fiu'sse
232 1149 243 1187 .·
257 1148 361 1212 eoque
384 1124 471 1188 dicto
487 1147 682 1215 magnopere
706 1139 739 1187 et
765 1125 923 1213 Scipionis
952 1141 984 1188 et
999 1125 1177 1213 legatorum

119 1224 217 1288 luisse
233 1242 414 1289 commotos
431 1227 575 1307 animos,
596 1226 684 1290 velut
708 1223 749 1288 ad
771 1247 867 1290 omen
889 1224 1071 1291 domesticae
1095 1228 1178 1290 cula·

120 1325 238 1388 mitatis
247 1327 449 1390 horrentium
460 1350 469 1406 ;
482 1326 557 1413 quia
573 1342 641 1389 tum
656 1349 767 1390 recens
777 1326 900 1415 ingenti
909 1325 1066 1391 seditione
1075 1329 1179 1392 Roma

120 1426 325 1492 laboraverat.
342 1429 420 1491 Eam
434 1427 624 1491 seditionem
638 1426 719 1492 adeo
734 1442 896 1503 aversatus
908 1426 1076 1491 Africanus
1092 1444 1178 1511 erat,

122 1541 175 1606 ut,
194 1543 324 1615 accepto
340 1529 502 1592 tiberianas
520 1528 607 1592 necis
624 1529 761 1608 nuntio,
785 1527 866 1590 nihil
884 1528 1110 1615 motus,quod
1124 1551 1178 1594 so·

119 1627 201 1691 roris
211 1650 275 1691 suae
287 1620 403 1710 hlium,
415 1628 630 1716 eumdemque
641 1628 750 1692 uxoris
757 1629 887 1691 fratrem
898 1627 1046 1692 amiserat
1054 1677 1063 1710 ,
1072 1630 1176 1695 Graeci

120 1742 223 1812 poetae
237 1752 345 1809 versu,
368 1730 499 1809 cuilibet
514 1731 587 1793 talia
603 1730 745 1795 moventi
763 1729 900 1792 similem
916 1722 1037 1792 exitum
1056 1730 1179 1819 impre-

121 1845 255 1893 caretur.
1030 1901 1033 1906 ,

163 1930 251 1994 Vlll.
267 1932 394 1996 Interea
413 1933 636 1997 consularibus
655 1933 811 2014 comitiis,
832 1954 935 2019 quum
950 1932 1010 2020 Ap.
1028 1932 1180 2001 Claudius

120 2030 182 2092 hoc
193 2024 301 2095 rerunt
313 2048 397 2097 statu
408 2057 522 2123 parurn
532 2033 655 2097 validus
665 2048 759 2114 esset,
768 2034 805 2097 P.
817 2032 985 2120 Popillius,
996 2034 1031 2097 C.
1042 2034 1077 2097 F.
1089 2036 1126 2099 P.
1136 2036 1178 2103 N.

119 2131 356 2219 laenasconsul
371 2135 473 2200 factus
488 2151 559 2199 est:
577 2134 670 2200 danis
687 2136 716 2199 ei
735 2136 857 2223 collega
872 2134 909 2197 P.
925 2134 1074 2221 Rupilius
1090 2136 1126 2203 P.
1142 2140 1178 2203 F.
1252 2189 1254 2193 ,

121 2232 155 2296 Ρ.
171 2233 212 2296 Ν.
227 2237 349 2324 magnis
363 2237 503 2301 Africani
522 2236 636 2300 studiis
652 2234 841 2323 productus.
860 2234 918 2298 His
935 2233 1047 2297 datum
1067 2237 1108 2301 ab
1126 2260 1178 2303 se·

23 2387 29 2397 .
119 2348 198 2395 natu
221 2337 386 2424 negotium
403 2354 468 2418 est,
482 2338 515 2400 in
535 2336 700 2401 seditionis
717 2335 902 2425 gracchanae
916 2336 1066 2409 satellites
1090 2360 1180 2411 more

119 2432 276 2510 majorum
289 2437 571 2501 animadvertendi.
582 2439 620 2521 ln
637 2459 673 2500 ea
688 2436 873 2526 cognitione
885 2435 1040 2517 acerbior,
1055 2461 1114 2524 pro
1130 2439 1180 2503 ia·

119 2534 213 2597 miliae
232 2559 296 2602 suae
310 2540 526 2620 vehementia,
542 2526 639 2601 luisse
654 2537 690 2601 P.
707 2538 863 2624 Popillius
882 2536 994 2618 fertur,
1019 2539 1094 2624 qui,
1111 2542 1178 2606 col·

119 2634 187 2725 lega
204 2637 243 2701 ad
263 2640 497 2727 expeditionem
517 2640 649 2703 siculam
665 2660 699 2701 se
715 2655 866 2725 parante,
880 2636 997 2701 deinde
1012 2640 1175 2726 profecto,

120 2741 330 2822 quaestionem
345 2743 445 2804 ferme
465 2739 552 2803 solus
571 2739 722 2802 exercuit.
738 2740 826 2827 Ergo
846 2738 1040 2825 quibusdam
1056 2743 1177 2805 amico·

119 2861 192 2902 rum
215 2842 351 2906 Gracchi
370 2839 520 2904 inauditis
536 2839 776 2925 indefensisque
796 2838 943 2900 exsilium
963 2862 1030 2902 esse
1053 2840 1178 2918 jussum

121 2942 269 3023 tradunt,
291 2945 369 3006 alios
384 2967 402 3005 a
420 2940 566 3005 carnifice
592 2954 730 3002 necatos.
755 2940 843 3000 lnter
857 2960 939 3029 quos
952 2940 989 3002 C.
1001 2939 1087 3004 Villii
1103 2964 1180 3031 sup·

120 3042 250 3127 plicinm
271 3044 389 3133 insigni
404 3041 544 3106 foeditate
560 3040 645 3103 fuit:
666 3062 764 3126 quern
786 3039 821 3102 in
842 3061 896 3102 vas
914 3039 1097 3127 quoddam,
1111 3067 1178 3108 ser·

121 3146 270 3229 pentibus
285 3163 382 3233 atque
394 3143 510 3232 viperis
526 3141 702 3228 repletum,
719 3137 937 3219 conjecerunt.

164 3246 221 3307 lX.
238 3246 301 3309 Sed
321 3269 386 3309 non
408 3244 515 3308 minus
531 3241 685 3305 miraculo
699 3240 905 3316 hominibus,
920 3262 1017 3326 quam
1032 3239 1180 3330 indigna·

122 3345 220 3425 tioni,
241 3347 277 3409 C.
294 3347 389 3409 Blosii
409 3344 582 3434 pertinacia
597 3342 680 3423 fuit,
697 3342 753 3429 qui
769 3339 809 3404 ad
823 3341 956 3406 Laelium
975 3340 1062 3428 (narn
1080 3359 1112 3405 et
1125 3343 1178 3408 hic

122 3447 307 3509 consulibus
330 3448 362 3510 in
382 3446 516 3511 consilio
540 3443 659 3531 aderat)
678 3444 883 3532 deprecatum
902 3467 1004 3531 quum
1020 3445 1177 3529 venisset,

122 3549 326 3634 amicitiaeque
349 3550 478 3611 afferret
501 3547 758 3626 excusationem,
772 3568 833 3633 per
848 3568 945 3632 quam
964 3546 1046 3609 nihil
1062 3568 1178 3634 negare

123 3648 243 3710 Tiberio
251 3652 422 3735 potuisset:
439 3648 594 3736 quaerenti
604 3648 699 3711 Loelio
709 3697 718 3729 ,
730 3679 742 3702 «ι
756 3646 843 3730 Quid
859 3647 885 3709 si
898 3646 1093 3734 Capitolium
1107 3649 1177 3730 jus·

122 3779 134 3803 «
153 3751 245 3813 sisset
260 3750 450 3831 incendere,
466 3750 622 3839 paruisses
635 3749 648 3812 i'
660 3746 843 3837 respondit,
857 3748 915 3809 hoc
928 3748 1052 3834 quidem
1075 3746 1179 3813 Grac·

122 3881 134 3904 «
153 3852 243 3916 chaun
261 3854 484 3940 imperaturum
506 3874 569 3914 non
586 3848 723 3936 fiante».
743 3848 877 3935 Urgenti
894 3862 1021 3930 autem,
1041 3848 1176 3913 dicenti-

122 3976 204 4038 que,
221 3969 281 4016 «at
300 3953 326 4016 si
351 3952 560 4040 imperasset?
576 3952 735 4016 Fecissem
747 3980 777 4030 ι,
794 3947 902 4035 inquit

165 4053 295 4118 X.·Sed
315 4054 366 4118 ille
390 4053 522 4140 quidem
550 4052 591 4116 ad
612 4052 721 4114 hostes
743 4049 818 4139 fuga
842 4050 983 4137 elapsus,
1000 4066 1032 4113 et
1056 4049 1176 4112 crimen

62 4300 65 4307 ·
156 4274 171 4337 5
184 4278 241 4322 Vll.
255 4276 376 4325 Plutarch.
387 4277 412 4321 in
424 4274 548 4333 Graccho,
560 4292 613 4339 cap.
625 4277 665 4322 ³0.
675 4302 707 4310 -
720 4276 820 4322 Homer.
833 4274 923 4338 Odyss.
936 4274 959 4329 1,
971 4280 1012 4330 lt·
1030 4298 1063 4307 -
1078 4271 1180 4336 svm.

122 4359 153 4405 U.
165 4359 192 4406 C.
208 4361 274 4415 620;
287 4362 318 4405 A.
329 4360 356 4405 C.
370 4358 428 4405 1³2.
441 4384 476 4392 -
494 4358 585 4405 ciete
600 4357 656 4405 tel.
673 4374 694 4404 c.
712 4374 740 4405 11
753 4368 778 4404 et
791 4374 832 4405 ao.
848 4355 944 4402 -Vah
958 4356 1025 4401 Max.
1039 4356 1081 4407 tv,
1103 4372 1126 4415 7,
1142 4387 1176 4396 .-

122 4440 243 4488 Plutareh.
254 4443 279 4488 in
289 4442 344 4489 Tib.
356 4451 380 4489 ct
389 4442 417 4489 C.
429 4440 548 4488 Graccho.
