2594 4980
128 710 199 794 438
300 703 743 776 10.FRE1NSHEM11
772 702 1016 773 SUPPLEM.

127 832 212 896 rium
230 829 342 908 maris,
353 828 409 890 ubi
425 827 594 890 succinum
609 823 790 912 colligitur,
803 822 1022 888 accolentibus
1033 844 1041 886 :
1053 840 1086 886 et
1096 822 1203 889 Pom·

127 932 247 1022 ponius
268 931 368 1008 Mela,
395 929 487 1008 cujus
511 951 579 992 aevo
597 926 821 993 Codanoniam
846 925 1007 1005 insulam,
1028 927 1203 1015 maguitu-

127 1031 204 1096 dine
222 1047 254 1094 et
267 1029 473 1094 loecunditate
487 1030 556 1092 aliis
570 1030 656 1093 circa
670 1028 833 1118 potiorem
849 1026 1052 1091 obtinebant.
1064 1027 1201 1095 Horum

127 1131 247 1197 deinde
261 1155 381 1196 nomen
396 1133 456 1195 toti
470 1132 649 1195 Germaniae
666 1128 974 1195 commonefactum
991 1143 1116 1211 manet,
1128 1132 1200 1196 Bo-

126 1235 261 1299 realium
282 1236 365 1299 forte
384 1256 561 1322 regnorum
580 1232 714 1314 incolis,
732 1232 886 1320 proxime
902 1230 963 1296 sibl
979 1231 1117 1295 civitatis
1131 1252 1200 1296 uo·

125 1356 222 1415 men,
239 1350 275 1398 ut
292 1336 392 1414 solet,
410 1337 498 1423 genti
517 1336 674 1399 universe
692 1332 947 1423 imponentibus.

169 1437 275 1501 XXII.
297 1437 345 1499 Ex
357 1437 393 1499 iis
411 1437 511 1525 igitur
523 1436 617 1500 terris
631 1434 935 1525 quomodocunque
946 1435 979 1497 in
991 1454 1095 1497 unum
1113 1454 1200 1497 con·

123 1552 232 1602 tractae
248 1539 364 1625 copiae,
378 1561 479 1653 quum
495 1539 528 1600 in
548 1538 710 1626 Hercynia
724 1537 804 1602 silva
816 1536 908 1600 sedes
921 1534 1018 1624 figere
1031 1556 1199 1599 conaren

124 1654 179 1702 tur
186 1641 332 1722 ,aB0iis,
345 1641 401 1728 qui
416 1662 453 1703 ea
468 1643 537 1704 loca
548 1639 735 1704 incolebant
750 1637 858 1726 (unde
865 1636 1071 1702 Bomlsemum
1080 1636 1198 1723 appel·

122 1740 224 1805 latum
233 1764 342 1828 quast
332 1739 643 1829 lloiornmpatrta)
651 1740 767 1829 pubal,
779 1738 823 1803 ad
832 1741 952 1803 Istrum
966 1733 1198 1801 etSoordisoos

124 1839 232 1905 Gallos
248 1841 510 1906 descenderunt:
525 1842 602 1906 inde
616 1840 657 1905 ad
672 1842 836 1907 Teuristas
847 1840 1102 1926 Taurisoosque,
1118 1858 1197 1924 quae

123 1955 156 2004 et
174 1942 249 2029 ipsae
267 1942 387 2030 gallicae
405 1944 540 2031 originis
561 1943 725 2024 nationes,
742 1943 881 2007 vicinam
900 1939 1052 2005 Danubio
1071 1937 1196 2026 lllyrici

122 2056 246 2127 partem
264 2058 396 2121 tenent3
414 2043 611 2130 trajectoque
626 2040 779 2125 flumine,
795 2040 917 2130 praedas
931 2063 970 2104 ex
985 2063 1063 2130 agro
1077 2038 1196 2104 norico

124 2143 271 2231 agebant.
294 2144 394 2226 Quod
410 2144 466 2206 ubi
483 2147 543 2208 Cn.
554 2130 701 2232 Papirius
717 2145 822 2209 Carbo
837 2143 954 2208 consul
968 2141 1109 2231 accepit,
1127 2143 1196 2207 Ite

122 2242 172 2306 liae
188 2233 323 2324 timens,
340 2268 358 2309 a
372 2268 436 2331 qua
452 2245 540 2309 haud
558 2247 674 2335 procul
685 2246 835 2326 aberant,
852 2246 966 2333 Alpes,
981 2243 1038 2309 ubi
1052 2243 1195 2309 maxim

122 2343 269 2424 trajectui
281 2363 483 2432 opportunas
494 2364 669 2434 cognorat,
680 2369 756 2411 cum
769 2349 912 2411 exercitu
923 2344 1060 2409 insedit:
1070 2343 1195 2409 ἀοίιιάε

120 2460 293 2532 postquam
307 2448 378 2509 illos
394 2449 452 2511 alia
464 2449 574 2513 omnia
589 2449 732 2540 cogitare
745 2448 850 2530 videt,
864 2450 951 2513 ultro
967 2445 1116 2536 procedit
1132 2447 1195 2511 ol)-

121 2544 204 2607 viam
227 2547 489 2628 minitabundus,
509 2549 596 2637 quod
609 2553 726 2615 amicos
741 2563 772 2613 et
793 2549 923 2638 hospites
938 2547 1054 2638 populi
1066 2557 1199 2612 romane·

122 2645 252 2709 Noricos
263 2649 518 2736 popularentur:
533 2651 713 2738 quamlibet
723 2652 777 2733 jus
791 2652 941 2740 hospitii,
956 2651 1053 2740 quale
1065 2651 1194 2738 populo

97 2770 257 2812 romano
282 2774 357 2815 curn
380 2753 531 2840 gentibus
556 2753 752 2841 quibusdam
771 2770 856 2836 erat,
877 2754 974 2819 umis
996 2774 1052 2816 eos
1073 2750 1193 2817 delen·

122 2847 221 2913 dendi
240 2855 463 2917 necessitatem
481 2878 548 2918 non
565 2854 763 2943 imponebat.

164 2951 288 3016 XXlll.
312 2955 382 3033 llli,
402 2955 484 3019 lanta
509 2955 712 3019 adventantis
729 2954 893 3019 exercitus
910 2953 1037 3017 romani
1060 2950 1193 3033 audita,

122 3049 225 3115 missis
243 3054 352 3141 legatis
373 3079 573 3134 excnsare,‹=
586 3055 700 3142 quod
692 3056 809 3144 ignari,
834 3053 1012 3142 quidquam
1030 3053 1092 3117 illis
1110 3076 1193 3142 gen·

120 3181 133 3205 ·‹
145 3152 232 3216 tibus
254 3177 329 3216 cum
348 3156 471 3241 populo
492 3177 630 3218 romano
649 3177 736 3235 esse,
755 3155 883 3219 molesti
899 3154 1021 3219 Norico
1039 3154 1190 3219 fuissem.

120 3253 317 3339 «ignoscere
332 3256 500 3316 consulem
517 3253 692 3335 debere,
668 3278 695 3319 st
711 3255 878 3337 homines,
895 3256 936 3321 ab
956 3256 1074 3321 ultimo
1086 3256 1192 3343 Aqui·

120 3380 132 3403 «
146 3350 221 3412 lone
235 3353 389 3437 profecti,
406 3377 473 3437 qno
486 3357 558 3431 jure
574 3356 722 3443 regiones
733 3354 775 3420 ad
782 3358 972 3422 Danubium
992 3374 1115 3438 essent,
1131 3380 1192 3445 pa·

120 3472 217 3512 «rum
241 3451 384 3514 calleant.
410 3455 516 3516 Unam
542 3476 575 3518 se
601 3472 747 3538 naturoe,
771 3459 1013 3546 comprobatam
1037 3459 1189 3525 omnium

120 3550 290 3636 «gentium
314 3574 476 3617 consensu
493 3556 596 3644 legem
617 3557 715 3638 scire,
732 3576 770 3623 ut
788 3561 1011 3648 potentiorum
1030 3561 1096 3625 siut
1114 3582 1190 3625 om·

120 3677 132 3702 a
145 3649 198 3711 nia
209 3674 218 3729 3
231 3673 338 3739 neque
352 3678 449 3718 suum
470 3657 542 3742 quis
560 3679 628 3722 mse
637 3674 748 3746 putet,
769 3660 860 3749 quod
875 3664 998 3727 nesciat
1013 3662 1111 3726 armis
1127 3661 1187 3727 de·

120 3751 284 3816 ¹‹lendere
309 3757 424 3844 Neque
447 3760 537 3822 aliter
561 3760 744 3825 existimare
766 3762 926 3849 populum
949 3784 1123 3827 romanum
1144 3762 1188 3827 ad

119 3883 132 3909 a
144 3870 266 3918 tantam
280 3862 463 3943 pervenisse
480 3859 745 3949 amplitudinem,
761 3886 860 3951 quam
873 3863 965 3952 quod
978 3865 1034 3946 iis,
1051 3864 1189 3952 quibus·

117 3977 217 4019 «curn
236 3960 403 4048 negotium
420 3963 606 4046 habuisset,
622 3965 722 4039 ‘armis
740 3965 855 4033 fuisset
873 3967 1086 4054 praestandor.
1103 3965 1187 4031 Inde

150 4177 252 4242 sm.
276 4184 393 4232 Posiden.
415 4186 481 4248 apud
497 4187 578 4236 strab.
596 4187 640 4236 lib.
654 4188 719 4248 vn,
733 4204 789 4256 pag.
801 4190 861 4252 293.
882 4216 918 4227 -
938 4189 1062 4240 Plutarch.
1079 4191 1107 4239 iu
1121 4191 1185 4239 Har.

116 4276 169 4325 up.
188 4273 227 4319 ιι.
245 4293 281 4303 -
300 4272 362 4316 Fest.
382 4296 417 4305 -
434 4269 556 4334 Cyproeus
574 4271 604 4320 de
623 4271 692 4335 Orig.
708 4273 799 4321 Saxum
818 4300 854 4310 --
870 4272 936 4323 Flor.
956 4275 1010 4333 111,
1024 4274 1048 4322 3.
1067 4300 1103 4311 -
1120 4272 1185 4325 etin.

117 4345 257 4406 xxxva,
270 4367 294 4400 a.
307 4379 342 4390 -
356 4356 443 4418 Pomp.
458 4355 539 4412 Mela,
552 4357 604 4415 111,
618 4356 643 4406 6.
654 4382 690 4393 -
703 4354 720 4421 8
731 4358 815 4406 mr.
827 4356 943 4407 Fotidem
957 4358 1059 4408 -Tau
1070 4358 1184 4408 Gema.

118 4442 171 4489 ρψ.
185 4431 225 4477 28.
243 4460 276 4468 -
290 4436 339 4484 Jnl.
354 4437 446 4500 Obseq.
460 4464 494 4473 —-
506 4439 612 4504 Appiae·
622 4454 662 4504 ap.
674 4439 743 4487 Fulv.
754 4439 836 4489 Ursin.
