2594 4980
170 731 239 802 356
336 733 402 797 Ji).
432 728 769 797 FREINSHEMH
800 729 1046 798 SUPPLEM.

167 856 299 918 auribus
311 868 440 913 senatus
450 850 589 936 accepit,
602 847 693 935 quod
702 848 798 912 urbes
810 849 977 926 Sardiniae,
989 873 1092 941 quum
1105 852 1140 914 in
1151 876 1237 941 prae-

167 975 237 1020 tura
255 971 286 1019 et
301 953 454 1035 insalubri
470 952 576 1013 hicme
591 950 715 1014 tunicas
729 949 769 1013 ad
784 952 959 1015 exereitum
974 953 1058 1015 mitti
1075 953 1110 1016 L.
1125 955 1231 1019 Aure·

167 1060 228 1122 lius
243 1057 403 1135 jussisset,
424 1053 677 1116 detrectaverant
699 1052 891 1139 imperium,
910 1068 942 1116 et
957 1056 1087 1138 Rome,
1104 1078 1164 1143 per
1180 1057 1231 1120 le·

165 1177 274 1248 gatos,
298 1157 431 1245 gratiam
457 1153 605 1216 mittendi
629 1153 864 1218 obtinuerant:
888 1153 1005 1219 deinde
1025 1158 1062 1220 C.
1078 1158 1230 1222 Graccho

165 1281 324 1353 (questore
353 1263 574 1324 circumeunte
600 1276 825 1348 regenteque,
849 1260 993 1324 alacriter
1019 1278 1051 1325 et
1075 1279 1230 1350 prompte

166 1365 390 1454 praebuerant3
411 1360 499 1423 unde
521 1360 622 1446 pluris
637 1359 725 1447 apud
744 1359 860 1424 Sardos
878 1363 1098 1426 auctoritatem
1115 1363 1229 1428 adole·

166 1465 325 1543 scentuli,
349 1485 446 1548 qnam
476 1462 647 1547 imperium
667 1462 826 1542 consulis,
848 1485 945 1549 quam
968 1486 1088 1529 nomen
1111 1466 1228 1554 populi

162 1565 288 1627 romani
303 1564 420 1643 fuisse,
439 1562 668 1625 obtrectatores
683 1563 752 1642 ejus
769 1563 958 1628 fremebant.

205 1666 325 1729 XXVI.
344 1664 395 1727 Ab
409 1662 524 1725 eodem
539 1662 656 1725 deinde
669 1663 794 1744 animo,
811 1686 913 1750 quum
931 1683 1100 1756 prorogata
1115 1668 1150 1732 L.
1161 1672 1228 1734 Au·

162 1769 240 1831 relio
254 1766 418 1855 provincia
436 1765 563 1844 fuisset,
579 1763 739 1852 legatique
755 1764 838 1852 regis
855 1764 997 1852 Micipsae
1010 1763 1148 1831 Romam
1166 1793 1227 1832 ve·

162 1872 298 1948 nissent,
315 1868 518 1945 nuntiantes,
531 1886 632 1953 regem
645 1865 680 1930 C.
695 1862 833 1929 Gracchi
843 1866 968 1929 honoris
977 1867 1227 1956 eausafrwnen·

160 1987 226 2034 tum
240 1974 272 2033 ia
292 1969 474 2032 Sardiniam
497 1970 678 2054 imperatori
689 1968 817 2046 misisse,
836 1990 951 2056 magna
965 1969 1098 2034 Petrum
1112 1990 1225 2037 coorta

160 2072 401 2162 indignatione,
426 2069 541 2156 legatio
565 2069 681 2147 rejecta
703 2085 759 2132 est.
780 2070 908 2151 Quibus
927 2071 1043 2152 rebus,
1068 2073 1152 2137 sieut
1178 2075 1225 2139 ira

120 2205 123 2215 ¹
161 2190 306 2251 senatus,
325 2173 368 2233 ita
384 2170 495 2256 populi
516 2171 605 2232 favor
624 2169 657 2231 in
678 2168 860 2232 Gracchum
880 2171 914 2232 in
931 2171 999 2235 dies
1018 2173 1223 2261 augebatur:

158 2276 210 2336 cui
228 2290 265 2335 ut
281 2296 314 2334 se
328 2272 504 2358 praeberet,
523 2270 763 2357 quamprimum
775 2270 809 2332 in
826 2270 948 2335 Urbem
962 2274 1079 2337 reverti
1093 2274 1223 2342 deside·

160 2376 260 2438 rabat.
278 2374 399 2435 Contra
412 2370 628 2432 moliebantur
637 2370 772 2432 civitatis
784 2371 960 2458 principes,
972 2390 1109 2456 meum,
1121 2400 1222 2464 quam

160 2491 291 2564 possent
305 2473 483 2537 diutissime
498 2471 529 2532 in
547 2470 685 2533 externis
696 2471 881 2534 nationibus
897 2472 1098 2557 detinerent3
1114 2475 1222 2543 donec

160 2576 349 2665 providere,
367 2597 438 2660 quae
457 2574 488 2633 in
507 2594 603 2634 usum
617 2585 729 2651 erant,
753 2587 808 2634 aut
828 2589 970 2636 avertere
992 2573 1090 2639 abeo
1106 2579 1221 2665 populi

159 2702 322 2756 amorem,
342 2673 599 2753 senescentibus,
616 2688 654 2735 ut
670 2671 724 2753 fit,
745 2696 803 2760 per
817 2673 995 2739 absentiam
1009 2677 1140 2760 studiis,
1158 2702 1222 2767 po·

160 2782 307 2844 tuissent.

203 2881 340 2944 xxvii.
359 2880 461 2967 Igitur
476 2878 511 2939 C.
524 2877 634 2941 Cassio
645 2879 811 2966 Longino,
827 2879 864 2942 C.
877 2879 985 2942 Sextio
998 2880 1130 2946 Calvino
1144 2906 1222 2948 con-

158 2985 299 3061 sulibus,
320 3004 421 3066 quum
438 2977 479 3039 de
496 2978 668 3064 provinciis
686 2978 839 3041 ornandis
858 2996 1023 3067 ageretur,
1042 2981 1086 3045 M.
1102 2983 1220 3048 Fulvio

158 3087 192 3147 in
207 3085 322 3161 Gallia,
337 3084 372 3143 L.
384 3080 512 3142 Aurelio
530 3079 562 3139 in
582 3077 727 3141 Sardinia
743 3098 953 3169 prorogatum
970 3083 1143 3169 imperium
1154 3103 1219 3168 est,

156 3185 244 3249 haud
262 3185 386 3259 minus,
406 3197 443 3241 ut
459 3195 713 3266 proqueestorem
729 3180 911 3245 Gracchum
929 3185 1101 3267 retineret,
1118 3210 1217 3274 quam

157 3287 231 3372 quia
251 3285 372 3347 bellum
389 3281 524 3367 graviter
543 3279 828 3347 administraverat.
848 3285 929 3348 Nam
950 3301 982 3348 et
1004 3287 1048 3350 M.
1067 3289 1218 3354 Fulvium

156 3386 266 3447 abesse
290 3381 492 3469 potissimum
515 3380 610 3441 simili
629 3379 669 3442 de
692 3404 786 3445 causa
807 3385 989 3450 voluerunt.
1012 3389 1053 3449 Et
1071 3387 1124 3451 hie
1144 3393 1219 3477 qui·

157 3485 230 3546 dem
252 3483 347 3545 rebus
368 3479 516 3567 gerendis
534 3479 697 3567 gaudens,
716 3502 922 3572 prorogatam
939 3487 999 3549 sibi
1015 3490 1215 3575 provinciam

155 3587 295 3670 aequiore
305 3584 413 3645 animo
425 3581 506 3643 tulit.
521 3581 632 3662 Caius,
645 3583 806 3648 intellecto
816 3587 947 3650 Petrum
961 3590 1111 3670 consilio,
1124 3608 1215 3657 tanto

156 3688 263 3749 minus
278 3685 387 3748 utilem
404 3683 464 3744 sibi
480 3705 603 3745 moram
617 3682 650 3745 in
665 3684 808 3749 Sardinia
822 3703 926 3768 ratus,
942 3705 1062 3775 quanto
1077 3690 1215 3782 diligen·

156 3788 218 3849 tius
231 3787 397 3873 optimates
413 3806 481 3845 eam
497 3783 730 3869 procurabant,
746 3787 916 3850 confestim
931 3812 970 3852 ex
983 3792 1147 3876 provincia
1162 3796 1217 3860 ab·

155 3888 329 3975 navigavit3
345 3902 376 3947 ct
393 3909 494 3970 quum
514 3885 630 3946 famam
649 3889 871 3973 praevenisset,
888 3913 955 3952 non
974 3892 1073 3955 modo
1089 3900 1215 3985 magnis

154 3991 359 4052 inimicorum
376 3986 533 4071 querelis,
556 3985 612 4048 sed
632 3987 727 4050 etiam
745 4012 810 4051 non
833 3982 903 4053 sine
917 3992 1019 4078 plebis
1038 3994 1138 4082 ipsius
1156 3999 1215 4062 ad·

154 4092 322 4154 miratione
337 4111 373 4149 ac
388 4087 606 4168 sermonibus,
625 4087 733 4150 subito
748 4091 857 4152 Rontae
877 4109 1070 4179 conspectus
1087 4112 1144 4160 est.

198 4192 348 4256 XXVIII.
373 4191 532 4249 Caeterum
556 4210 658 4273 quum
678 4188 787 4254 adesse
806 4191 915 4270 jussus
935 4193 1021 4279 apud
1041 4216 1214 4281 censores,

186 4397 201 4457 5
214 4395 294 4439 XXV.
307 4395 376 4438 dact.
391 4390 421 4436 de
434 4389 486 4434 Vir.
500 4389 533 4435 ill.
546 4405 599 4454 cap.
612 4390 654 4436 65.
666 4417 701 4426 -
714 4392 836 4441 Plutarch.
853 4393 877 4440 in
890 4395 918 4442 C.
928 4395 1054 4451 Graccho,
1063 4413 1117 4462 cap.
1131 4415 1170 4449 rr.
1179 4427 1215 4438 -·

150 4477 282 4538 §KKVlL
298 4477 327 4522 ll.
338 4476 365 4521 (ἶ.
377 4474 442 4530 baffi
459 4474 523 4520 Μ’..
538 4482 638 4528 ια4.-
653 4473 772 4522 Plutarch.
787 4477 811 4523 in
826 4478 990 4537 C.Graccho‚
1006 4496 1058 4545 cap.
1075 4482 1098 4527 3.
