2594 4980
267 733 323 803 IN
352 731 465 800 LOC.
490 729 584 796 LlB.
611 726 777 797 LXXVI
804 728 1024 799 LIVIANI.
1108 728 1177 824 737

153 852 311 920 XXXIII.
329 851 413 915 Nam
428 847 530 923 otiis,
553 846 707 936 aquibus
725 846 880 913 reductus
896 850 929 912 in
946 871 1085 939 regnum
1104 849 1177 915 fue·

109 946 292 1042 rat,'multa
309 969 378 1019 erat
394 950 575 1040 pollicitum
593 965 626 1013 et
642 950 761 1038 passim
774 950 815 1013 sb
834 950 1053 1016 incolentibus
1068 952 1179 1017 Asiam

110 1061 238 1127 romani
250 1055 393 1123 nominis
407 1051 599 1117 hominibus
609 1073 760 1141 magnam
771 1054 837 1116 vim
852 1052 1065 1118 ntimmorum
1077 1055 1179 1119 Ioene·

110 1180 182 1229 rato
205 1159 392 1227 abstulerat.
414 1156 519 1246 Igitur
541 1155 575 1217 in
599 1153 758 1218 ditionem
779 1154 975 1221 Mithridatis
999 1158 1180 1248 irruptione

110 1265 211 1348 saeta,
229 1283 334 1350 usque
358 1257 400 1323 ad
422 1257 594 1322 Amastrim
615 1255 732 1321 urbem
752 1257 994 1345 praedabundus
1013 1261 1179 1349 processit.

110 1363 315 1432 Mithridates
340 1361 446 1440 enim,
470 1380 656 1446 quanquam
674 1373 799 1446 paratas
818 1358 958 1424 habebat
974 1361 1099 1448 copias,
1123 1384 1180 1425 oc·

112 1467 200 1532 curri
215 1478 383 1543 vetuerat,
407 1483 474 1548 quo
497 1459 645 1547 pluribus
663 1461 761 1547 paulo
785 1478 911 1549 postet
930 1463 1181 1549 speciosioribus

112 1569 216 1635 causis
229 1566 352 1631 bellum
371 1578 525 1628 sumeret.
541 1561 605 1624 Ubi
621 1583 768 1625 reversus
784 1563 819 1624 in
836 1563 1021 1652 Bithyniam
1034 1561 1184 1628 Nicome-

112 1670 169 1735 des
185 1685 252 1751 est,
269 1664 456 1755 Pelopidam
474 1665 615 1753 legatum
633 1662 839 1729 Mithridates
853 1664 895 1728 ad
913 1688 1067 1731 romanos
1082 1665 1181 1730 duces

112 1773 211 1837 misit.
229 1771 279 1847 Is,
298 1781 554 1834 commemorato
572 1768 683 1829 veteris
700 1768 856 1830 societatis
865 1767 958 1856 jure,
980 1768 1099 1856 quoda
1114 1791 1182 1831 mm

101 1873 228 1962 foribus
244 1886 425 1962 acceptum,
443 1883 624 1933 constanter
630 1863 874 1956 utquefideliter
881 1868 987 1933 multis
998 1892 1097 1957 neque
1110 1869 1182 1934 levi·

113 1975 169 2040 bras
183 1969 299 2063 officiis
314 1970 517 2037 Mithridates
530 1969 691 2050 colneium
710 1969 831 2034 «Nunc
847 1986 975 2052 autem,
988 1972 1048 2052 ait,
1065 1971 1181 2052 injuria

112 2110 125 2134 «
135 2100 196 2167 pro
213 2076 318 2167 gratia.
329 2073 485 2139 redditur.

157 2177 310 2243 XXXIV.
328 2206 341 2231 «
352 2174 515 2263 Adempta
528 2174 596 2263 regi
611 2173 752 2262 Phrygia
767 2190 833 2255 est,
848 2172 999 2262 adempta
1012 2175 1183 2265 Cappado-

112 2281 204 2359 «cia‚
226 2300 365 2366 quarum
386 2277 472 2340 hanc
493 2275 621 2364 proavis
642 2276 709 2338 suis
731 2274 873 2340 debitam
897 2292 990 2365 pater
1011 2278 1185 2369 Evergetes

112 2410 126 2437 ι
135 2382 275 2469 recepit,
288 2379 376 2444 illam
390 2400 498 2465 operte
514 2376 600 2441 bello
614 2377 788 2441 Aristonici
806 2393 927 2441 navatae
943 2378 1114 2466 praemium
1130 2402 1199 2451 ac·¹

113 2482 222 2571 «cepit
237 2504 245 2546 ε
263 2481 290 2545 si
305 2496 413 2544 tamen
437 2478 608 2567 premium
626 2500 742 2543 vocare
762 2501 957 2566 possumus,
975 2501 1095 2569 magno
1113 2482 1185 2545 auri
1241 2540 1244 2545 .

112 2582 282 2673 «pondere
295 2582 336 2647 ab
355 2583 550 2669 imperatore
565 2595 674 2643 vestro
694 2594 858 2666 emptam,
875 2596 908 2644 et
925 2580 1005 2644 olim
1019 2581 1183 2647 aSeleuco

113 2685 293 2751 «Callinico
307 2685 341 2746 in
353 2682 464 2747 dotem
479 2679 586 2744 datsm
600 2700 723 2766 proavo
735 2680 829 2769 regis.
849 2679 913 2745 Sed
931 2680 985 2745 illa
1003 2703 1096 2765 sane,
1108 2684 1184 2771 quia

113 2788 233 2874 «paulo
243 2782 473 2874 longinquiora
483 2795 577 2862 sunt,
591 2780 738 2860 silentio,
752 2797 800 2862 et,
818 2783 846 2845 si
858 2782 975 2864 vultis,
991 2783 1090 2848 etiam
1099 2784 1183 2850 obli·

112 2886 233 2951 «tione
250 2884 453 2974 sepeliamus.
474 2881 538 2946 Ista
551 2903 629 2946 vero
643 2883 785 2947 recentia
805 2885 861 2971 qui
882 2886 1081 2973 possumus?
1093 2888 1184 2974 quod

113 2985 351 3052 «Nicomedem
368 3007 405 3048 os
426 2984 525 3048 Ponti
543 2983 777 3066 intercludere,
794 3008 889 3076 agros
906 2987 1068 3075 usquead
1085 2992 1185 3055 Ama·

114 3121 127 3145 ,ι
137 3089 219 3154 strin
232 3087 382 3176 populari
395 3086 517 3167 sinitis,
531 3083 740 3174 praedamq'ue
758 3104 921 3170 avertere,
939 3089 1032 3169 cujus
1045 3092 1184 3156 oestima·

114 3191 262 3255 «tionem
281 3187 414 3252 novistis
431 3187 491 3275 ipsi
506 3187 642 3267 rectius,
659 3209 758 3275 quam
775 3204 813 3252 ut
826 3212 843 3252 a
857 3212 1025 3277 quoquam
1042 3191 1184 3257 debeatis

114 3292 278 3357 «edoceri.
835 3349 841 3356 .

159 3392 296 3458 XXXV.
316 3422 329 3447 a
340 3393 384 3456 Et
403 3393 463 3454 ista
484 3390 618 3477 quidem
636 3392 700 3456 hoc
714 3392 815 3472 modo
828 3411 917 3482 gesta
934 3413 1028 3477 sunt,
1047 3419 1114 3460 non
1133 3398 1184 3460 in·

115 3492 262 3574 «valido,
285 3515 346 3557 nec
368 3494 526 3580 imparato
544 3491 585 3556 ad
605 3493 849 3581 prohibendum
872 3518 967 3587 rege,
992 3497 1049 3563 sed
1067 3516 1106 3563 ut
1126 3523 1185 3563 vos

114 3596 225 3685 «ipsos
242 3607 439 3682 spectatores
456 3615 586 3676 eorum,
610 3617 682 3683 quoe
703 3593 835 3679 fierent,
858 3614 1022 3688 testesque
1039 3600 1183 3666 haberet.

116 3727 129 3751 a
140 3697 222 3779 Quae
234 3697 390 3783 quianon
402 3695 534 3776 auditu,
550 3718 657 3784 neque
673 3697 822 3781 incertis,
840 3717 896 3765 sut
908 3703 1065 3791 suspectis
1078 3720 1187 3768 aucto·

116 3829 129 3853 «ι
139 3797 250 3876 ribus,
268 3795 326 3861 sed
339 3820 449 3861 coram
465 3799 537 3862 visu
548 3800 732 3886 accepistis3
749 3823 828 3890 ergo
841 3803 941 3892 igitur
953 3804 1077 3870 amicus
1088 3822 1187 3894 atque

115 3899 245 3963 «socius
265 3920 338 3978 rex,
354 3899 424 3963 htec
439 3901 528 3964 enim
549 3903 683 3967 nomina
700 3901 859 3969 foederum
875 3905 994 3971 tabulis
1012 3909 1185 3973 continen-

117 4014 209 4079 stur,
226 3998 325 4063 hoca
343 3999 436 4064 vobis
456 4002 552 4067 sociis
573 4004 749 4092 amicisque
765 4007 832 4070 suis
853 4008 951 4094 petit,
975 4025 1012 4073 ut
1031 4009 1184 4075 adversus

115 4097 326 4163 «Nicomedis
344 4099 478 4180 injurias
492 4104 611 4168 auxilio
628 4105 715 4188 sitis,
731 4123 787 4170 aut
803 4108 995 4188 injuriarum
1010 4115 1185 4178 coerceatis

117 4217 317 4265 «auctorem.
329 4232 342 4258 ι
359 4201 410 4266 Ad
432 4202 500 4266 haec
519 4205 650 4291 Bithyni
668 4207 764 4292 (nam
782 4225 815 4272 et
832 4209 873 4273 ab
890 4210 1069 4277 Nicomede
1091 4213 1185 4304 legati
1243 4270 1250 4299 ,

152 4387 170 4452 §
188 4389 313 4436 XXXIII.
331 4390 422 4438 lustin.
442 4391 598 4449 XXXVIII,
619 4393 643 4441 5.
663 4421 697 4430 -
716 4395 820 4444 Diodor.
840 4423 875 4433 —
893 4395 1001 4461 Appian.
1022 4399 1135 4448 Mithrid.
1155 4427 1189 4436 -

117 4468 267 4533 §xxm
281 4473 373 4521 lustin.
384 4474 538 4533 XXXVIII,
550 4475 574 4523 5.
590 4503 624 4512 -
639 4477 746 4542 Appian.

238 4568 302 4636 IX.

950 4601 993 4669 21³]
