2594 4980
246 691 305 760 IN
335 691 449 758 LOC.
477 691 575 758 LIB.
604 692 705 759 LIII
735 692 964 762 LIVIANI.
1075 695 1145 765 213

108 811 227 874 XXX.
244 811 342 891 «Est,
364 809 454 897 quod
474 813 614 875 fortunat
630 812 745 901 gratias
760 835 907 900 agamus,
927 815 1060 898 milites,
1083 841 1144 881 no·

93 935 168 976 ram
190 929 226 976 et
249 912 444 1000 insperatam
463 913 571 1001 gloriae
589 913 754 977 materiam
771 913 945 993 objicienti.
962 917 1052 1004 Saepe
1066 941 1147 1004 que·

93 1018 181 1081 relas
196 1016 325 1100 audiri,
341 1018 459 1099 immo,
480 1018 583 1081 fateor
594 1019 699 1100 enim,
716 1018 802 1081 inter
815 1037 988 1105 querentes
1004 1021 1045 1087 de
1060 1041 1148 1088 sorte
1252 1097 1254 1101 ‚

95 1136 214 1184 nostra
225 1118 273 1182 fui
284 1141 293 1200 ;
305 1118 453 1185 dumtalii
463 1119 589 1183 romani
602 1119 761 1183 exercitus
769 1119 894 1199 justum
904 1121 1049 1204 hostem,
1063 1140 1095 1187 et
1110 1148 1149 1188 ex

96 1240 138 1283 eo
150 1221 363 1308 praemiorum
377 1222 513 1285 uberem
531 1220 732 1285 occasionem
741 1220 902 1303 habeant,
919 1222 1010 1286 bunc
1023 1223 1056 1286 in
1073 1248 1150 1314 agro
1246 1302 1249 1307 ἢ

99 1338 230 1406 pacato,
257 1343 381 1410 paucos
409 1322 578 1386 rebellium
608 1320 845 1404 Macedonum,
870 1338 926 1387 aut
952 1325 1151 1391 latrunculos
1248 1358 1252 1363 ·

104 1421 244 1487 Thracas
262 1439 528 1512 persequentem,
545 1445 612 1486 non
637 1421 736 1486 modo
754 1413 898 1510 copiam,
919 1422 975 1487 sed
998 1447 1040 1515 ne
1060 1449 1150 1513 spem

93 1523 239 1609 1quidem
255 1526 376 1589 babere
392 1523 520 1603 majoris
537 1523 672 1603 alicujus
688 1524 745 1587 rei.
763 1524 805 1587 At
820 1546 910 1587 nunc
928 1525 1038 1589 subito
1051 1548 1085 1589 se
1102 1527 1153 1589 ol-

93 1623 167 1688 ·Iert
182 1626 226 1689 ita
244 1641 469 1715 comparatum
483 1647 616 1714 agmen,
640 1639 678 1686 ut
694 1623 870 1689 multitudo
889 1624 1062 1689 hominurn
1081 1632 1153 1714 spe·¹
1250 1677 1253 1684 .

93 1725 191 1791 ·ciem
209 1750 398 1815 nomenque
416 1726 515 1815 praelii
538 1727 580 1790 sit
601 1727 741 1805 Iactura,
762 1747 865 1814 genus
887 1747 1053 1789 armorum
1070 1727 1155 1790 mili·

98 1839 254 1915 ·tumque,
266 1827 308 1892 ad
318 1828 388 1893 baec
397 1827 543 1892 conditio
554 1827 662 1910 ducis,
672 1843 791 1891 certam
803 1828 897 1891 nobis
910 1843 943 1891 et
952 1829 1156 1892 incruentam

102 1928 300 2013 «polliceatur
314 1929 492 1995 victoriam.
515 1988 517 1991 .

139 2027 250 2093 XXXI.
269 2029 386 2111 «Quid
405 2031 492 2094 enim
506 2022 627 2095 'contra
647 2032 860 2120 legionarium
884 2032 1037 2113 militem,
1056 2033 1156 2096 lorica

110 2125 286 2217 ¹clypeoque
305 2146 447 2212 tectum,
466 2132 531 2220 pilo
551 2154 588 2196 ao
606 2131 711 2220 gladio
733 2133 930 2214 terribilem,
955 2148 1004 2198 tot
1023 2133 1158 2221 insuper

114 2227 277 2315 «stipendiis
298 2234 494 2314 exercitum,
521 2257 689 2297 servorum
708 2236 925 2322 agrestiumve
947 2235 1159 2300 tumultuaria
1192 2220 1194 2225 '

115 2347 226 2396 ‘manus
243 2334 363 2420 possit,
382 2335 480 2398 nullis
498 2335 692 2398 militaribus
712 2336 809 2400 armis
824 2337 1033 2427 legibusque,
1052 2357 1161 2422 neque

117 2448 241 2497 ‘musam
265 2457 373 2521 neque
395 2458 485 2524 spem
510 2435 660 2500 idoneam
685 2436 726 2501 ad
744 2438 866 2501 bellum
890 2436 1055 2502 asserens?
1073 2433 1162 2517 Quid

118 2536 223 2597 “tutem
237 2558 293 2600 rex
309 2536 368 2600 ille
379 2538 540 2619 scenicus,
557 2560 657 2625 quem
674 2538 773 2626 paulo
790 2554 865 2602 ante
882 2555 994 2602 natum
1015 2558 1085 2601 esse
1101 2559 1156 2598 ne·

119 2630 292 2701 «sciebamus
301 2637 316 2700 P
326 2638 410 2703 Sane
425 2661 529 2726 nuper
542 2640 639 2703 etiam
649 2639 695 2703 sic
709 2640 862 2703 insanivit
877 2638 1087 2718 Macedonia;
1104 2637 1161 2702 sed

121 2741 192 2796 ‘lum
212 2740 329 2819 majore
355 2739 486 2829 ingenio
511 2756 732 2827 apparatuque
761 2739 916 2802 instructa
943 2754 1011 2801 erat
1035 2737 1162 2819 fabula,

121 2835 213 2900 multi
226 2855 374 2927 potentes
393 2840 426 2903 in
441 2840 608 2928 provincia
620 2839 700 2920 virI,
721 2840 871 2902 nonnulli
889 2860 1023 2927 quoque
1036 2838 1162 2900 externi

122 2947 227 3020 'Iegem
243 2939 409 3005 audaciam
431 2939 579 3004 Andrisci
603 2941 684 3003 clam
705 2940 877 3025 palamque
896 2938 1020 3027 magnis
1039 2937 1164 3000 auxiliis

124 3028 299 3105 ‘fulciebant
316 3045 359 3106 At
374 3042 427 3105 bic
442 3057 560 3127 praeter
576 3039 724 3102 miseram
738 3061 918 3127 egenorum
932 3037 1079 3118 turbam,
1092 3060 1165 3124 quae
1228 3028 1236 3037 ⁵

125 3149 193 3199 ‘non
205 3155 264 3204 tam
280 3143 383 3229 ipsius
397 3141 579 3228 promissis,
597 3162 695 3226 quam
709 3139 806 3202 taedio
823 3139 913 3219 vitae,
928 3137 968 3202 ad
984 3136 1165 3224 periculum

127 3248 286 3324 ⁸Properat,
306 3263 367 3305 nec
385 3263 496 3330 spem,
512 3263 573 3304 nec
592 3263 661 3304 rem
678 3262 816 3327 usquam
837 3240 936 3302 ullam
956 3238 1082 3301 babet:
1106 3260 1166 3302 nec

128 3336 203 3416 “quia
217 3343 380 3408 victoriam
400 3359 524 3432 sperat,
544 3340 600 3405 sed
621 3343 697 3429 quia
714 3342 807 3405 aliter
828 3340 932 3404 facere
956 3362 1023 3403 non
1039 3355 1167 3427 potest,

132 3431 178 3497 'st
193 3460 285 3508 ostra
314 3461 425 3508 nostra
451 3443 621 3523 successit,
647 3443 789 3506 animam
816 3440 975 3530 supplicio
1003 3437 1169 3521 debitam,

131 3535 223 3606 “Itius
236 3545 510 3635 suisdesperatis,
528 3545 693 3608 lubentius
709 3543 805 3606 armis
823 3542 941 3606 nostris
955 3541 1125 3603 daturus.»

163 3635 280 3713 Itxll.
299 3648 414 3731 Quum
428 3645 562 3725 deiude,
583 3643 663 3733 quid
685 3643 753 3707 lieri
772 3643 882 3722 vellet,
901 3640 1112 3720 ostendisset,
1136 3654 1170 3702 et

135 3728 196 3804 Ister
211 3750 354 3814 tribunos
370 3766 403 3813 et
425 3749 592 3835 praefectos
612 3747 683 3809 loca
704 3745 887 3831 militesque
909 3758 993 3806 esset
1012 3740 1169 3830 partitus,

135 3832 286 3932 1ἆῐῐὶοιιιιίῑ,
313 3864 351 3915 ut
372 3853 460 3938 signo
479 3847 558 3912 dato
584 3846 756 3910 secundum
778 3868 836 3926 aa,
867 3867 941 3933 quoe
954 3844 1173 3932 praecepisset,

137 3954 318 4032 stuperem:
338 3950 549 4038 addiditque,
571 3973 601 4012 se
622 3949 761 4013 celen'ter
778 3950 977 4038 diy'ecturum
999 3945 1113 4024 hostes,
1136 3953 1174 4006 ut

135 4045 256 4142 &telles
265 4052 397 4140 rempha
411 4052 530 4115 soleret
548 4049 648 4133 Quod
666 4073 768 4138 quum
784 4050 904 4115 factum
918 4062 1020 4126 esset,
1037 4043 1170 4106 victoria

139 4131 338 4238 llln⁸1¹t'parta,
355 4176 419 4241 qua
434 4175 507 4217 cum
525 4152 668 4215 exercitu
683 4150 977 4238 Pseudophilippus
992 4165 1091 4208 caesus
1106 4157 1172 4222 cst,
