2594 4980
262 688 464 792 m'noo.
491 722 590 791 nra.
617 725 765 793 cxxv
798 724 1026 797 nrvmur.
1106 751 1168 822 721

108 864 280 908 censuram
298 843 435 932 adeptus
452 859 509 908 est.
526 843 589 909 Sed
610 860 648 907 ut
664 843 718 907 illa
736 861 826 909 certo
840 844 992 910 affirmari
1012 870 1079 912 non
1098 873 1175 939 pos·
1215 860 1219 869 '

35 966 39 979 ’
107 962 202 1028 sunt,
224 947 267 1010 ita
290 945 354 1010 hoc
374 946 508 1012 minime
533 946 804 1027 controvertitur,
828 947 864 1011 L.
886 947 1017 1012 Caesaris
1042 949 1175 1017 fratrem

108 1046 216 1129 hunc,
230 1047 271 1111 de
286 1070 354 1135 quo
366 1046 473 1111 dicere
492 1047 665 1136 coepimus,
683 1047 720 1111 C.
737 1048 893 1112 Caesarem
909 1049 1019 1114 fuisse.

152 1149 253 1213 XLII.
272 1149 376 1238 Igitur
389 1149 484 1213 Caius
502 1149 555 1212 ille
574 1149 693 1231 Caesar,
712 1147 905 1213 claritudine
919 1152 1045 1239 generis
1064 1169 1096 1216 et
1111 1150 1176 1219 frass

109 1266 196 1313 trum
218 1251 313 1336 (nam
325 1267 430 1344 matre
446 1250 581 1338 Popillia
595 1265 691 1313 natus
707 1266 792 1332 erat,
809 1273 882 1337 quae
903 1268 997 1316 antea
1016 1254 1057 1336 Q.
1080 1256 1178 1320 Luta-

108 1352 190 1415 tium
204 1352 357 1415 Catulum
369 1367 552 1440 pepererat,
568 1351 721 1415 cimbrica
735 1351 869 1416 victoria
880 1354 1075 1442 celebrem),
1095 1382 1177 1446 prae·

109 1469 196 1517 terea
213 1453 335 1544 ingenii
357 1453 510 1517 felicitate
527 1455 647 1535 elatus,
664 1453 705 1518 ad
720 1477 867 1519 summos
886 1455 1029 1523 honores
1052 1462 1177 1550 magnis

108 1553 224 1618 animis
237 1554 455 1619 contendebat
467 1578 474 1619 :
488 1577 564 1618 nam
576 1555 661 1620 inter
670 1557 794 1645 primos
805 1557 857 1621 sui
867 1560 1022 1648 temporis
1034 1577 1178 1627 oratores

109 1657 360 1738 numerabatur,
381 1673 414 1720 et
430 1656 540 1720 nativo
555 1657 700 1744 quodam
724 1659 913 1722 facetiarum
933 1658 1044 1748 lepore
1065 1685 1179 1728 omnes

109 1758 292 1845 superabat.
309 1759 341 1822 Is
355 1774 430 1822 ante
446 1757 616 1822 biennium
635 1760 706 1823 Sex.
721 1759 824 1841 Iulio,
840 1761 877 1824 L.
894 1760 1047 1851 Philippo
1061 1787 1181 1829 consu·

107 1859 211 1942 libus,
234 1861 268 1923 in
288 1860 393 1924 curuli
418 1858 568 1924 aedilitate
586 1858 786 1946 quotidianis
807 1861 875 1924 fere
899 1865 1114 1929 concionibus
1138 1866 1180 1930 de

108 1961 273 2049 republica
294 1978 443 2025 accurate
468 1961 603 2042 habitis,
627 1983 776 2050 magnam
796 1977 828 2025 et
851 1963 985 2050 gratiam
1008 1967 1129 2055 vulgo,
1147 1984 1181 2031 et

108 2064 333 2127 auctoritatem
361 2064 561 2152 quaesiverat.
590 2064 648 2127 His
667 2063 720 2126 ille
745 2064 866 2146 fretus,
895 2086 999 2153 quum
1028 2067 1179 2134 aedilitius

109 2181 212 2248 esset,
237 2167 356 2230 omissa
380 2182 539 2254 praetura,
561 2166 768 2229 consulatum
794 2166 918 2230 ambire
942 2186 1094 2256 coeperat.
1115 2171 1180 2237 Sed

109 2267 233 2331 tribuni
259 2268 362 2356 plebis
383 2269 420 2332 P.
439 2267 620 2355 Sulpicius,
639 2289 828 2355 quanquam
847 2267 1012 2334 familiaris
1028 2273 1179 2355 Caesaris,

108 2384 140 2432 et
156 2370 192 2433 P.
209 2370 388 2451 Antistius,
405 2368 691 2435 extraordinariam
707 2369 900 2457 petitionem
919 2372 1114 2436 refutabant.

65 2530 68 2534 .
153 2473 270 2537 XLIII.
287 2471 407 2537 Iisdem
424 2473 460 2536 C.
480 2472 603 2536 Marius
620 2494 654 2535 sc
670 2486 897 2560 aggregaverat
913 2494 921 2535 :
938 2494 1013 2534 nam
1029 2495 1068 2536 ex
1084 2474 1180 2539 disci·

109 2576 195 2662 plina
216 2576 348 2640 illorum
367 2591 571 2665 temporum,
589 2572 817 2636 contentiones
833 2572 867 2634 in
885 2573 1051 2661 republica
1067 2570 1098 2637 vi
1115 2574 1180 2638 fer·

108 2698 162 2738 me
190 2692 222 2739 et
247 2678 344 2740 armis
367 2674 614 2740 dirimebantur.
641 2671 768 2735 Idcirco
796 2670 906 2734 divisis
930 2673 1018 2761 vulgi
1042 2674 1179 2758 studiis,

110 2798 233 2865 magnae
253 2798 293 2839 ex
317 2776 378 2839 hac
404 2796 500 2839 causa
524 2772 701 2838 seditiones
728 2773 933 2857 exstiterupt.
960 2775 1040 2839 «Jus
1065 2778 1179 2864 populi

109 2882 236 2944 «Caesar
265 2877 455 2956 extollebat,
484 2892 516 2940 et
543 2898 604 2963 pro
628 2897 668 2938 eo
695 2889 844 2938 senatum
868 2872 1048 2957 judicasse,
1074 2900 1179 2964 quum

108 2987 170 3048 .T.
196 2985 370 3067 Quintium
396 2982 638 3062 Flamininum,
669 2981 716 3044 M.
740 2979 891 3062 Fulvius,
915 2997 948 3044 et
975 2980 1031 3046 Μ’.
1058 2982 1178 3048 Curius

110 3085 255 3149 «tribuni
269 3084 371 3172 plebis
387 3083 534 3147 similiter
545 3082 770 3165 consulatum,
785 3083 979 3146 transcensis
995 3083 1109 3148 mediis
1121 3086 1180 3150 ho-

108 3187 289 3268 «noribns,
317 3202 427 3274 petere
454 3207 521 3248 non
543 3199 743 3272 paterentur.
771 3183 887 3275 Neque
909 3184 1097 3272 poenituisse
1121 3203 1178 3251 aut
1264 3190 1266 3195 ’

109 3323 122 3346 a
129 3289 242 3368 judicii
257 3289 307 3353 sui
322 3290 449 3369 Patres,
467 3302 524 3350 aut
535 3284 766 3375 suffragiorum
781 3285 960 3372 populum,
978 3308 1082 3373 quum
1096 3311 1178 3374 pau·

109 3392 178 3455 «cis
202 3392 294 3455 annis
320 3389 605 3479 opulentissimum
627 3386 826 3451 Macedoniae
851 3407 981 3476 regem,
1007 3386 1124 3465 fortis,
1150 3389 1177 3453 si

110 3493 207 3579 aquis
228 3513 396 3578 unquam,
420 3507 453 3554 et
471 3489 546 3554 felix
570 3490 765 3578 imperator,
788 3488 929 3552 maximo
951 3491 1078 3553 romani
1095 3489 1178 3581 juris

110 3593 334 3657 «incremento
352 3607 544 3680 superasset.
558 3591 674 3678 Neque
685 3606 793 3654 tamen
809 3604 866 3653 aut
882 3605 973 3654 aetate
986 3613 1099 3681 parem
1115 3593 1177 3657 sibi

111 3693 326 3774 “Quintium
345 3708 402 3756 aut
419 3715 513 3758 causa
531 3692 629 3756 fuisse
648 3714 709 3756 :se
729 3689 877 3757 aedilitate
902 3693 1054 3756 functum
1080 3694 1178 3777 olim,

111 3796 225 3858 «illum
244 3817 283 3858 ex
301 3811 463 3883 quaestura
480 3795 598 3883 petisse
617 3792 834 3858 consulatum.

155 3896 269 3962 XLIV.
288 3897 401 3980 «Quin
420 3911 452 3960 et
470 3896 663 3977 nonnullos,
684 3894 874 3983 priusquam
892 3893 1114 3982 magistratum
1128 3896 1182 3959 ul·

112 3996 202 4059 «lum
218 3997 365 4060 curulem
386 3997 573 4085 gessissent,
590 3996 741 4060 consules
760 3994 870 4059 factos.
886 3995 935 4058 Ita
947 3995 985 4059 P.
1000 3995 1180 4084 Sulpicium

110 4129 122 4153 «ι
137 4097 293 4182 Galbam,
313 4120 417 4186 quum
433 4099 466 4161 in
484 4098 575 4162 Italia
593 4097 755 4161 Hannibal
770 4113 872 4180 esset,
888 4097 932 4160 ita
953 4097 1000 4161 M.
1015 4097 1180 4164 Valerium

110 4202 295 4280 «Corvum,
316 4222 421 4287 quum
437 4199 556 4288 gallicis
572 4199 768 4264 tumultibus
784 4198 935 4263 arderent
948 4200 1073 4283 omnia,
1090 4223 1181 4267 sum·

146 4398 162 4463 S
175 4402 242 4449 XLI.
254 4401 388 4460 Prinna,
401 4416 425 4463 9.
439 4429 474 4438 -
488 4402 541 4451 Cic.
555 4403 586 4451 de
597 4403 666 4451 Orat.
683 4404 734 4462 111,
747 4403 771 4452 3.
786 4428 820 4439 -
833 4400 850 4466 S
863 4402 942 4451 XLII.
954 4401 1007 4450 Cic.
1019 4402 1050 4451 de
1061 4405 1130 4453 Orat.
1144 4408 1185 4461 11.

114 4499 158 4543 ¹¹3
169 4487 243 4532 Tnsc.
253 4486 387 4548 ΟΜΝ,
403 4501 447 4549 19,
457 4497 481 4534 et
493 4486 518 4534 In
527 4487 618 4545 Bruto,
628 4503 650 4535 c.
664 4487 707 4547 89.
719 4513 754 4523 ·-
764 4482 870 4556 Diodor.
882 4482 968 4546 Eclog.
981 4482 1025 4531 lib.
1036 4485 1171 4533 mvn.

237 4585 301 4652 nt.
944 4575 991 4663 46
