2594 4980
315 755 369 820 IN
399 755 509 822 LOC.
537 757 631 823 LIB.
658 759 726 824 LX
754 758 967 827 LlVlANl.
1098 763 1168 863 349

107 876 177 954 bat,
194 873 361 936 Tiberium
380 873 511 937 fratrem
527 898 585 962 per
609 877 751 963 quietem
768 899 837 940 esse
861 880 966 942 visum
987 881 1055 947 haec
1071 889 1169 953 verba

107 976 213 1039 dicere
234 998 242 1037 :
259 1006 271 1028 «ι
287 975 374 1037 Nihil
392 976 475 1064 agis,
493 978 568 1057 Cai3
589 978 828 1064 quantumlibet
842 996 1065 1066 cunctantem,
1079 986 1168 1054 idem

108 1100 263 1140 «mecum
278 1077 381 1139 exitus
397 1092 513 1142 manet.
529 1109 541 1132 w
562 1079 632 1141 Hoc
648 1102 734 1142 anno
752 1081 908 1144 seculares
925 1083 1019 1148 ludos
1036 1105 1168 1173 quartos

107 1180 283 1243 celebratos
301 1201 369 1241 esse
386 1178 517 1265 quidam
537 1180 713 1243 voluerunt
732 1204 739 1243 :
760 1204 854 1262 nam,
872 1184 962 1268 quod
977 1187 1117 1270 mireris,
1132 1190 1167 1253 in

108 1304 142 1343 re
166 1298 231 1342 tam
256 1279 390 1361 illustri,
416 1296 448 1342 et
473 1302 544 1366 quas
565 1297 643 1344 nota
659 1298 842 1371 temporum
865 1284 1000 1373 insignis
1021 1311 1089 1352 esse
1109 1288 1168 1355 de-

108 1383 239 1460 buerat,
255 1382 397 1443 multum
418 1381 627 1468 opinionibus
644 1381 828 1447 dissidetur.
850 1385 965 1473 Neque
984 1390 1103 1452 certior
1120 1407 1170 1456 est

107 1483 147 1546 de
164 1505 299 1545 censura
321 1483 460 1568 suspicio
481 1505 488 1545 :
507 1505 693 1570 quanquam
709 1484 774 1547 hoc
795 1484 927 1571 quidem
943 1510 1030 1552 anno
1054 1492 1095 1571 Q.
1111 1493 1169 1554 Fa·

60 1640 63 1647 ,
109 1586 179 1648 bius
196 1585 356 1647 Maximus
374 1584 588 1665 Seruilianus,
606 1587 640 1648 L.
659 1586 805 1649 Caecilius
825 1587 974 1653 Metellus
990 1612 1100 1678 gerere
1115 1610 1171 1681 po·

109 1704 241 1750 tuerunt
260 1709 267 1748 :
287 1708 369 1773 quos
383 1686 459 1772 quia
475 1707 625 1749 censores
640 1687 740 1750 fuisse
756 1702 881 1750 certum
899 1705 964 1769 est,
983 1712 1090 1778 neque
1103 1715 1170 1757 ma·

107 1789 257 1877 gistratus
271 1788 399 1849 illorum
420 1802 549 1873 tempus
565 1787 653 1851 aliud
670 1788 846 1874 reperitur,
863 1789 927 1852 hoc
943 1812 1031 1853 anno
1046 1807 1169 1857 creatos

106 1907 220 1978 putare
240 1889 362 1976 possis3
379 1905 427 1973 et,
449 1889 603 1974 quoniam
625 1911 772 1952 censores
794 1890 874 1953 alios
902 1912 1040 1977 sequens
1063 1915 1168 1957 annus

108 1992 238 2069 habuit,
256 1991 298 2054 ob
316 1990 430 2052 vitium
453 1989 585 2076 aliquod
602 1991 765 2061 abdicasse
787 2014 794 2054 :
814 2007 905 2054 tanto
921 1994 1168 2079 proclivioribus

108 2091 148 2156 ad
170 2093 357 2180 religionem
381 2091 516 2170 animis,
545 2107 668 2178 quanto
694 2092 786 2178 plura
810 2108 842 2154 et
866 2092 1000 2158 foediora
1024 2097 1171 2160 nuntiata

110 2210 178 2256 tum
196 2192 342 2280 prodigia
358 2193 501 2255 fuerunt.

152 2294 223 2358 Vll.
245 2295 292 2356 Ex
308 2293 429 2380 quibus
448 2310 540 2356 terrae
560 2310 686 2374 motus,
706 2310 738 2356 et
753 2294 907 2374 fulmina,
924 2318 1111 2383 quanquam
1132 2298 1170 2361 il·

108 2399 139 2460 l0
154 2397 272 2483 templa
287 2395 410 2481 aliquot
425 2395 458 2456 in
470 2394 629 2483 Capitolio
644 2409 860 2475 tremuerant,
878 2395 927 2458 his
939 2398 1050 2461 Romae
1065 2414 1097 2462 et
1113 2399 1171 2462 cir-

108 2520 144 2559 ca
163 2517 311 2583 percussa
332 2494 526 2581 disjectaque
545 2497 664 2582 passim
685 2497 786 2558 multa
809 2512 918 2576 erant3
948 2513 1074 2579 tamen,
1094 2500 1170 2587 quia

108 2597 310 2683 frequentior
325 2595 445 2659 horum
462 2595 585 2659 auditio
610 2612 676 2675 est,
695 2595 783 2658 haud
800 2597 843 2659 ita
867 2601 1044 2662 commovit
1062 2600 1169 2665 bomi-

108 2722 192 2762 nes:
214 2700 354 2761 atrocius
375 2698 499 2775 visum,
516 2697 605 2783 quod
626 2697 709 2760 cirea
730 2697 903 2760 solstitium
920 2700 1083 2779 aestivum,
1104 2725 1172 2767 non

109 2801 214 2862 solum
233 2800 332 2863 AEtna
354 2820 448 2861 mons
467 2797 654 2885 ingentibus
672 2796 808 2860 flammis
831 2798 979 2880 colluxit,
1001 2800 1170 2866 sedetiam

108 2925 194 2964 marc
211 2900 252 2964 ad
269 2900 388 2963 insulas
409 2900 625 2986 Liparaeorum
648 2900 693 2961 sic
714 2898 883 2978 efferbuit,
904 2915 959 2979 ut,
975 2902 1170 2987 quibusdam

108 3003 262 3065 ambustis
281 3000 436 3078 navibus,
455 2999 533 3062 socii
551 2999 679 3062 navales
696 3000 967 3064 exanimarentur.

152 3104 238 3166 Vlll.
263 3103 373 3165 lllultis
396 3117 507 3188 postea
531 3098 665 3180 diebus,
682 3101 960 3165 intermicantibus
978 3124 1060 3189 saepe
1081 3102 1171 3168 llam-

109 3206 184 3282 mis‚
198 3206 310 3267 limum
330 3203 454 3267 ebulliit
471 3225 558 3265 mare
575 3226 582 3265 :
598 3205 654 3289 qui
667 3217 831 3290 postremo
843 3203 983 3290 speciem
999 3205 1169 3270 molarium

109 3305 251 3390 lapidum
265 3321 436 3368 concretus
459 3304 609 3390 praetulit.
627 3306 702 3367 Haec
718 3326 820 3392 quum
837 3327 876 3367 ex
892 3305 996 3368 Sicilia
1012 3306 1051 3369 T.
1063 3309 1171 3390 Quin·

110 3406 174 3466 tius
190 3407 390 3468 flamininus
410 3422 528 3492 praetor
544 3404 584 3467 ad
601 3421 749 3468 senatum
764 3405 1015 3492 perscripsisset,
1030 3411 1171 3490 consulti

111 3505 308 3591 haruspices,
320 3508 479 3569 seditiones
483 3506 645 3593 portendi,
657 3505 817 3570 dixerunt.
830 3506 873 3569 lis
884 3506 1065 3572 avertendis
1077 3510 1173 3598 legati

111 3606 211 3685 missi,
228 3606 283 3691 qui
300 3623 332 3669 et
346 3608 481 3693 Liparae,
499 3623 532 3670 et
547 3606 580 3670 in
595 3630 690 3694 parva
704 3608 825 3695 insula,
839 3629 937 3693 quam
951 3609 1080 3672 Hieram
1094 3612 1130 3673 V
1125 3611 1173 3674 ul·

110 3710 184 3768 cani
194 3721 325 3785 vocant,
339 3706 400 3769 diis
414 3708 565 3771 manibus
577 3724 676 3794 atque
692 3708 824 3772 marinis
838 3729 926 3771 sacra
938 3710 1090 3775 facerent.
1104 3713 1172 3776 Nec

111 3808 183 3871 ideo
201 3806 310 3868 mitior
323 3807 444 3869 circum
465 3830 517 3870 eas
531 3808 650 3870 insulas
667 3824 806 3896 grassata
821 3829 895 3870 mox
910 3810 1094 3895 pestilentia
1107 3829 1171 3893 est,

111 3923 298 3985 contracto,
315 3923 352 3969 ut
368 3904 527 3988 creditur,
544 3909 661 3970 morbo
677 3931 737 3994 per
752 3924 922 3995 corruptos
938 3910 1047 3974 afflatu
1063 3914 1173 3976 morti·

110 4010 179 4073 fero
191 4010 311 4096 pisces,
327 4007 404 4093 quia
419 4031 568 4096 magnam
582 4030 696 4070 eorum
707 4008 773 4070 vim
786 4031 1044 4096 quaquaversum
1055 4012 1170 4077 ardens

143 4259 216 4322 SVI.
228 4259 279 4307 Cic.
292 4257 323 4305 de
340 4256 424 4304 Diria.
439 4258 462 4313 1,
479 4256 521 4302 26.
543 4281 578 4290 -
590 4255 644 4304 Vel.
658 4257 725 4304 Max.
736 4259 759 4313 1,
774 4273 804 4316 73
820 4260 872 4316 vt,
889 4275 915 4316 r,
931 4260 960 4318 5,
974 4270 999 4307 et
1012 4262 1132 4322 v111‚,5,
1150 4280 1171 4315 1.

109 4369 143 4378 -
152 4342 273 4389 Plutarch.
284 4368 317 4377 -
327 4342 454 4390 Censorin.
465 4339 496 4387 de
508 4341 554 4387 Die
566 4351 615 4387 nat.
628 4354 733 4403 cap.17.
747 4367 781 4376 -
793 4339 809 4405 s
822 4341 881 4390 vu.
896 4343 945 4391 Jul·
960 4344 1049 4408 Obseq.
1063 4362 1116 4410 cap.
1130 4350 1171 4411 89,

109 4452 144 4459 -
156 4425 272 4471 Posiden.
282 4424 348 4488 apud
359 4424 439 4472 Strab.
449 4424 543 4478 lib.V1‚
553 4439 578 4486 p.
586 4437 688 4482 ²77--
696 4423 769 4469 Oros.
777 4425 809 4479 V,
822 4439 858 4470 ro.
871 4450 904 4462 -
917 4423 931 4486 S
943 4426 1012 4473 vm.
1021 4429 1070 4477 Jul.
1080 4430 1173 4496 Obssq.

110 4534 142 4542 —
155 4509 270 4556 Posidon.
281 4535 316 4544 -
327 4511 397 4558 Oros.
