2594 4980
139 664 210 767 ssa
296 684 362 751 ro.
389 682 745 753 sasrasasnn
769 681 1026 756 suessan.

181 804 304 868 XXIII.
328 804 405 883 Ejus
428 804 569 866 nominis
589 804 697 867 favore
715 824 812 891 quarn
829 824 922 866 carus
938 800 1061 890 populo
1081 802 1212 887 suerit,

136 920 209 971 tum
229 907 389 993 praecipue
408 906 621 991 patefactum,
643 926 746 992 quum
769 926 788 966 a
805 903 961 990 petitione
977 902 1095 966 nolens
1114 902 1211 969 desi·

137 1018 239 1085 stere,
252 1010 345 1086 jussu
357 1008 393 1068 C.
407 1006 498 1069 Marii
513 1004 654 1069 consulis
667 1005 701 1068 in
714 1003 874 1093 publicam
885 1002 1066 1067 custodiam
1080 1001 1210 1069 dumus

135 1124 195 1173 est.
217 1107 311 1171 Plebs
330 1108 435 1186 enim,
459 1107 603 1170 claustris
623 1107 758 1171 carceris
780 1106 960 1187 convulsis,
976 1121 1130 1193 raptum,
1147 1106 1210 1170 hu·

135 1209 299 1294 metisque
315 1209 617 1294 suis'reportatum,
636 1228 701 1271 una
719 1227 795 1270 cum
814 1205 850 1270 L.
874 1206 1011 1293 Apuleio
1027 1207 1209 1271 tmbunum

134 1308 220 1375 fecit.
239 1310 324 1372 Tum
341 1321 434 1385 uero,
453 1311 552 1373 semel
567 1309 670 1396 ruptis
686 1307 839 1372 omnibus
852 1307 977 1370 timoris
992 1321 1024 1370 et
1037 1328 1208 1371 verectan·

136 1408 198 1475 dis
214 1412 370 1491 vinculis,
392 1412 564 1499 Apuleius,
587 1410 682 1490 nihil,
702 1408 793 1496 quod
812 1409 922 1472 animo
940 1430 999 1471 suo
1017 1407 1207 1473 collibitum

138 1528 239 1593 esset,
260 1526 320 1575 aut'
334 1530 428 1601 turpe
445 1512 606 1601 cogitatu,
624 1526 680 1575 aut
695 1509 834 1574 arduum
853 1510 940 1572 factu
954 1525 1090 1595 putans,
1110 1507 1209 1575 aliud

136 1614 262 1679 facinus
274 1637 340 1677 non
353 1612 453 1675 modo
467 1634 601 1676 summae
611 1611 768 1692 audacia,
781 1610 837 1676 sed
848 1613 944 1674 etiam
954 1610 1091 1698 exempli
1105 1611 1208 1693 novi,

138 1712 332 1802 aggreditur.

181 1814 302 1877 XXIV.
327 1814 474 1875 Comitiis
498 1814 740 1896 consularibus,
763 1837 866 1902 quum
888 1812 977 1877 haud
1000 1812 1108 1877 dubiis
1133 1815 1208 1878 suf·

137 1914 246 2001 fragiis
268 1916 472 1977 renuntiatus
497 1917 541 1979 lll.
566 1916 730 1979 Antonius
752 1932 855 1996 esset,
876 1916 909 1978 in
934 1917 1070 1979 alterum
1090 1914 1209 1979 locum

139 2017 176 2082 C.
191 2016 381 2095 Memmius,
396 2019 430 2078 C.
448 2017 598 2081 Servilius
617 2018 749 2082 Glaucia
765 2018 991 2106 competitores
1007 2030 1106 2079 erant.
1125 2016 1209 2081 Non

138 2132 264 2206 poterat
278 2117 411 2206 ambigi,
425 2134 499 2179 uter
512 2119 621 2205 potius
633 2134 812 2201 crearetur,
824 2120 851 2182 si
860 2141 925 2182 suae
936 2117 1101 2205 potestatis
1113 2139 1210 2183 meu·

139 2219 244 2305 tisque
258 2221 399 2307 populus
417 2237 514 2282 esset:
528 2220 592 2298 jam
608 2221 677 2284 viro
690 2220 791 2284 nobili
804 2218 987 2299 sordidum,
1000 2216 1065 2281 acri
1078 2232 1111 2280 et
1125 2217 1211 2283 inte·

140 2340 197 2408 gro
215 2320 421 2400 seditiosum,
442 2322 688 2407 comparabant,
708 2337 741 2386 et
759 2320 939 2385 secundum
957 2322 1060 2410 legem
1076 2320 1210 2407 petenti

140 2442 235 2501 curn,
253 2423 345 2500 cujus
367 2438 437 2483 turn
453 2424 591 2486 maxime
607 2438 778 2510 praeturam
794 2423 935 2511 gerentis
951 2421 1063 2485 haberi
1075 2419 1209 2510 legibus

139 2523 219 2584 ratio
239 2546 304 2584 non
324 2540 467 2610 poterat:
486 2523 655 2587 biennium
677 2524 764 2586 enim
785 2522 867 2586 duos
888 2523 973 2585 inter
988 2520 1117 2585 curules
1133 2544 1208 2586 ma·

139 2623 289 2710 gistratus
317 2626 485 2704 interesse,
510 2648 615 2712 neque
639 2624 823 2690 continuari
850 2625 991 2688 honores
1018 2622 1206 2710 oportebat

139 2725 269 2788 Glaucia
287 2742 318 2787 et
332 2726 501 2812 Apuleius,
519 2750 622 2814 quum
636 2726 749 2792 obesse
764 2727 904 2790 consiliis
920 2727 985 2789 suis
999 2726 1102 2813 legem
1114 2724 1210 2791 vide·

139 2843 228 2906 rent,
244 2828 408 2889 consulem
423 2844 530 2889 autem
543 2828 656 2891 Caium
666 2828 780 2915 utique
790 2826 1000 2905 Memmium,
1014 2823 1107 2903 cujus
1120 2823 1208 2905 vim,

138 2949 311 3014 moresque
330 2929 504 3005 timebant,
525 2927 592 2991 lieri
611 2927 754 3007 nollent,
776 2927 935 2991 seditione
955 2941 1061 3006 mota,
1083 2925 1141 2988 cui
1159 2925 1209 2990 rei

138 3029 216 3090 olim
231 3047 450 3108 assueverant,
466 3029 643 3116 fugientem
656 3026 892 3108 adversarium,
909 3024 1158 3117 percussoribus
1172 3027 1209 3091 iu

139 3145 316 3214 conspeetu
342 3130 489 3190 omnium
516 3128 687 3208 immissis,
711 3151 770 3214 per
791 3128 964 3216 quemdam
987 3128 1023 3193 P.
1048 3126 1208 3192 Mettium

139 3228 278 3291 fustibus
296 3229 534 3291 comminutum
549 3229 761 3294 sustulerunt.

181 3331 284 3392 XXV.
310 3331 458 3391 Turbatis
482 3331 524 3390 ita
544 3328 703 3410 comitiis,
727 3330 762 3393 L.
788 3331 942 3419 Apuleius
965 3329 1102 3393 domum
1123 3352 1208 3396 cum

139 3431 245 3515 operis
263 3431 328 3491 suis
345 3452 524 3515 regressus,
542 3430 624 3492 intra
637 3431 778 3519 privatos
792 3432 929 3518 parietes
942 3430 1136 3494 concionem
1151 3430 1210 3495 ha·

136 3532 207 3610 bet,
227 3547 295 3593 acta
314 3531 474 3610 defendit,
497 3532 601 3596 studia
617 3555 752 3596 suorum
771 3532 897 3614 laudat,
920 3548 1021 3619 utque
1042 3531 1211 3598 velintne

137 3631 261 3716 reliqua
274 3631 334 3693 sibi
349 3649 464 3719 praesto
480 3656 548 3696 esse
561 3632 760 3712 cohortatur.
779 3634 829 3697 Illi
843 3633 921 3697 laetis
933 3632 1067 3698 vocibus
1079 3631 1212 3699 adsue·

137 3749 239 3821 punt,
254 3755 344 3795 suam
365 3755 493 3820 operam
513 3735 721 3821 pollicentur,
739 3733 843 3798 faruta
859 3735 893 3798 in
908 3757 983 3799 cum
998 3733 1108 3798 omina
1121 3757 1208 3800 con·

138 3850 272 3923 gerunt,
289 3836 504 3920 inperatorem
517 3836 604 3919 aliis,
618 3836 687 3900 aliis
698 3858 802 3922 rogem
815 3833 1070 3923 appellantibus:
1082 3856 1210 3924 easque

137 3958 232 3999 voces
248 3934 288 3996 ab
305 3934 437 3998 homine
454 3952 749 4027 vesanogratauter
764 3953 911 4024 exceptas
924 3935 1061 4026 reperio.
1077 3935 1209 4002 Postri-

171 4177 530 4241 §x1111.11.c.sss;s.c.
544 4178 599 4231 roo.
609 4209 644 4220 -
653 4185 726 4231 Auct.
741 4182 770 4229 de
781 4182 834 4229 vir.
847 4181 880 4230 ill.
890 4198 944 4246 cap.
955 4183 998 4230 62.
1006 4207 1042 4218 -
1051 4181 1210 4246 Appius.-

136 4260 187 4308 Cic.
198 4279 244 4323 pro
256 4265 337 4311 Rabir.
352 4283 404 4330 cap.
420 4284 443 4325 7,
459 4278 481 4312 ct
497 4281 543 4329 pro
557 4268 623 4316 Sext.
637 4282 691 4332 ⁰¹1)-
703 4266 745 4314 38.
761 4293 793 4302 -
809 4265 874 4314 Flos.
886 4266 937 4324 111,
956 4264 996 4311 16.
1013 4290 1048 4300 -
1063 4262 1122 4312 Vel.
1133 4266 1210 4319 Mu.

136 4345 186 4399 tx.
200 4363 221 4404 7.
237 4376 271 4383 -
287 4347 303 4411 §
323 4351 418 4397 XXIV.
436 4352 507 4397 Oros.
516 4351 548 4405 V,
566 4366 605 4410 ¹7·
621 4377 656 4386 -—
675 4349 726 4398 Cic.
745 4349 772 4396 in
785 4351 873 4407 llruto,
888 4365 941 4414 cap.
953 4348 994 4396 62.
1009 4375 1045 4386 —
1061 4349 1160 4400 Gmelt.
1176 4352 1210 4403 tls

136 4429 216 4477 Cernit
236 4431 279 4477 lib.
292 4433 304 4476 1
311 4466 317 4485 ,
328 4448 381 4494 cap.
394 4434 416 4480 3.
429 4432 962 4499 —Vell.11,ta.-Appian.·-Lir.Epir.
974 4458 1009 4471 -
1019 4431 1087 4482 Flor.
1097 4434 1153 4496 111,
1165 4439 1210 4491 ¹6.
