2594 4980
10 39 1272 297 u

796 72 801 85 Ι

327 674 380 739 IN
409 672 521 739 LOC.
547 671 640 738 LIB.
668 671 793 739 LXIV
823 671 1039 743 LIVIANI.
1146 675 1212 759 {161

148 826 159 844 ιι
177 792 271 853 inulti
299 792 453 879 perierint
479 791 576 853 vestri
603 788 814 872 defensores,
840 809 879 855 ut
900 792 994 857 vobis
1021 795 1149 861 enimus
1176 798 1217 862 ab

146 925 158 946 «
175 894 319 980 ignavia,
336 910 434 979 atque
453 890 601 955 socordia
623 908 796 980 corruptus
819 894 878 976 sit;
898 894 954 981 qui
973 918 1015 959 ne
1032 919 1122 962 nunc
1141 903 1216 989 qui·

148 1026 160 1048 ι
176 995 269 1075 dem,
288 996 438 1058 obnoxiis
459 995 615 1074 inimicis,
629 995 817 1083 exsurgitis3
837 1013 935 1084 atque
954 998 1051 1062 etiarn
1072 1023 1161 1066 nunc
1174 1002 1216 1066 ti-

147 1129 157 1150 ιι
175 1099 267 1160 metis
282 1121 355 1176 cos,
373 1097 493 1183 quibus
508 1120 565 1159 vos
580 1097 675 1161 decet
691 1097 806 1160 terrori
821 1119 900 1161 esse.

191 1200 326 1263 XXVII.
344 1232 355 1253 ιι
368 1199 430 1262 Sed
449 1222 648 1287 quamquam
666 1199 735 1262 haec
754 1199 826 1263 ulia
839 1215 935 1280 sunu
958 1215 1066 1265 tamen
1087 1202 1215 1268 obviam

145 1332 156 1354 ·‹
173 1303 219 1363 ire
241 1302 387 1364 factionis
404 1302 574 1387 potentiae,
589 1300 717 1364 animus
737 1301 868 1389 subigit.
889 1303 986 1367 Certe
1002 1326 1063 1392 ego
1083 1304 1215 1370 liberta-

146 1435 158 1456 «
173 1420 257 1482 tem,
270 1426 341 1489 quae
354 1403 434 1465 mibi
448 1426 466 1465 a
480 1419 613 1490 parente
624 1426 699 1466 meo
712 1402 826 1467 tradita
843 1419 909 1482 est,
921 1405 1085 1493 experiar:
1101 1429 1213 1471 verum

145 1536 156 1557 ιι
174 1503 205 1565 id
223 1504 359 1584 frustra,
380 1527 421 1566 an
440 1504 483 1567 ob
503 1527 571 1567 rem
593 1505 724 1586 faciam,
744 1505 777 1568 in
794 1519 898 1569 vestra
919 1528 1019 1569 manu
1034 1507 1133 1572 situm
1148 1526 1214 1591 est,

143 1638 155 1659 «
172 1606 324 1686 Quirites.
340 1608 457 1693 Neque
471 1629 532 1694 ego
547 1629 604 1670 vos
618 1607 749 1687 hortor,
765 1606 855 1694 quod
870 1629 953 1693 saepe
968 1608 1105 1688 majores
1118 1613 1215 1674 vestri

143 1741 154 1762 ι
173 1710 293 1788 fecere,
318 1709 366 1771 uti
389 1725 502 1771 contra
528 1709 662 1787 injurias
688 1708 801 1772 armati
829 1707 925 1773 eatis:
951 1708 1033 1772 nihil
1056 1711 1110 1790 vi,
1133 1709 1216 1774 nihil

143 1812 348 1874 «secessione
362 1834 444 1897 opus
459 1827 529 1874 est:
547 1833 678 1874 necesse
694 1827 759 1892 cst,
775 1826 904 1875 suomet
922 1810 983 1898 ipsi
1000 1833 1092 1876 more
1107 1813 1216 1899 praeci·

143 1943 154 1964 ι
171 1912 253 1997 pites
267 1929 351 1975 eant.
371 1912 487 1975 Occiso
500 1912 548 1976 Ti.
567 1912 734 1993 Graccho,
750 1933 848 1999 quem
865 1935 1002 2000 regnum
1019 1936 1132 2001 parare
1146 1914 1212 1978 aie-

143 2048 153 2066 ιι
169 2014 266 2093 bant,
287 2016 319 2076 in
338 2014 466 2101 plebem
484 2036 651 2077 romanam
670 2014 864 2101 quaestiones
882 2014 1000 2079 habitae
1013 2031 1100 2080 sunt.

187 2117 337 2180 XXVIII.
364 2147 376 2172 ιι
392 2117 470 2180 Post
488 2117 524 2179 C.
541 2115 696 2194 Gracchi,
711 2132 745 2180 et
765 2117 810 2181 M.
830 2116 935 2180 Fulvii
955 2115 1096 2198 caedem,
1114 2119 1212 2182 vestri

145 2250 152 2270 ι
170 2220 245 2280 item
258 2218 381 2280 onlinis
396 2218 490 2281 multi
505 2219 655 2281 mortales
667 2218 702 2280 in
717 2239 844 2281 carcere
859 2217 965 2283 necati
979 2234 1077 2281 sunt:
1091 2218 1213 2283 utrius·

140 2344 230 2406 nque
243 2320 341 2383 cladis
361 2344 426 2383 non
449 2321 516 2400 Iex,
535 2343 649 2383 verum
666 2319 767 2384 libido
788 2342 903 2383 eorum
926 2316 1025 2383 finem
1042 2319 1127 2384 lecit.
1148 2319 1212 2384 Sed

141 2455 152 2475 ιι
167 2446 243 2485 sane
259 2424 357 2485 fuerit
379 2423 469 2511 regni
484 2422 623 2509 paratio,
643 2422 728 2509 plebi
754 2444 812 2486 sua
831 2421 1023 2485 restituere:
1050 2419 1212 2509 quidquid

139 2558 150 2578 ιι
169 2526 238 2588 sine
258 2525 416 2613 sanguine
441 2525 561 2588 civium
584 2523 696 2587 ulcisci
722 2524 897 2610 nequitur,
917 2521 990 2600 jure
1014 2522 1135 2586 factum
1159 2525 1211 2587 sit.

139 2658 149 2677 «
167 2626 396 2711 Superioribus
413 2625 506 2687 annis
523 2624 611 2688 taciti
623 2623 880 2712 indignabamini
897 2623 1044 2686 aerarium
1060 2624 1211 2711 expilari,

139 2758 150 2778 Ιι
166 2749 255 2812 reges
270 2742 302 2787 et
314 2725 453 2810 populos
465 2725 584 2787 liberos
596 2714 706 2810 paucis
720 2724 886 2787 nobilibus
900 2724 1036 2813 vectigal
1050 2724 1209 2812 pendere;

138 2858 149 2877 ιι
164 2849 263 2912 penes
286 2825 418 2887 eosdem
442 2841 474 2888 et
500 2847 661 2888 summam
679 2825 834 2911 gloriam,
854 2840 887 2887 et
911 2824 1065 2888 maximas
1082 2824 1209 2891 divitias

137 2959 148 2981 «
167 2950 255 2990 esse:
274 2944 381 2989 tamen
397 2926 466 2989 haec
480 2927 554 2990 talia
570 2927 712 2989 facinora
725 2927 861 3013 impune
880 2927 1076 3013 suscepisse,
1093 2950 1208 3014 parum

137 3060 149 3082 «
170 3028 331 3090 habuere:
348 3027 459 3114 itaque
482 3042 648 3114 postremo
668 3027 769 3116 leges,
789 3027 936 3106 majestas
955 3043 1077 3111 vestra,
1099 3028 1208 3094 divina

136 3163 147 3185 ιι
167 3147 198 3193 ct
217 3132 360 3193 humana
380 3128 490 3192 omnia
509 3129 658 3193 hostibus
683 3127 799 3192 tradita
821 3144 916 3193 sunt:
938 3150 1044 3215 neque
1060 3152 1133 3211 eos,
1151 3133 1208 3218 qui

135 3263 146 3284 ι
162 3256 198 3294 ea
217 3236 339 3311 I'ecere,
358 3230 478 3318 pudet,
497 3246 553 3293 aut
571 3230 725 3316 poenitet3
749 3230 806 3295 sed
824 3229 982 3294 incedunt
999 3252 1057 3318 per
1077 3254 1134 3296 ora
1151 3255 1208 3296 ve·

135 3367 147 3388 ι
164 3351 229 3396 stra
246 3333 422 3423 magnifici3
441 3330 636 3411 sacerdotia,
653 3346 685 3394 et
701 3333 905 3412 consulatus,
927 3354 1000 3418 pars
1023 3332 1208 3421 triumphos

134 3465 146 3487 ι
163 3457 239 3497 suos
258 3451 475 3498 ostentantes:
492 3432 627 3521 perinde
649 3433 740 3519 quasi
766 3456 803 3496 ea
825 3434 966 3514 honori,
986 3457 1053 3497 non
1070 3435 1205 3523 proedse,

135 3535 315 3597 «habeant.
341 3535 448 3615 Servi,
473 3557 535 3597 aere
555 3534 676 3621 parati,
699 3533 817 3613 injusta
840 3535 974 3623 imperia
995 3535 1206 3604 dominorum

135 3668 146 3690 ι
165 3659 230 3698 non
248 3638 436 3724 perferunt:
451 3658 527 3714 vos,
549 3635 709 3716 Quirites,
725 3635 863 3722 imperio
880 3637 966 3718 natI,
984 3659 1079 3724 oequo
1095 3641 1205 3706 animo

134 3771 146 3793 ι
164 3739 353 3801 seruitutem
372 3736 536 3800 toleratis?

177 3841 300 3902 XXIX.
324 3871 336 3893 ι
355 3841 398 3901 ht
416 3841 568 3925 quisunt
588 3837 640 3918 hi,
655 3839 712 3925 qui
734 3836 967 3923 rempublicam
984 3842 1205 3928 occupavere?

132 3974 143 3995 ιι
160 3943 310 4005 homines
327 3940 582 4019 sceleratissimi,
601 3940 745 4003 cruentis
762 3937 930 4019 manibus,
948 3938 1083 4004 immani
1102 3943 1204 4007 avari·

131 4075 144 4098 ι
160 4044 201 4105 tia
219 4041 460 4121 nocentissimi,
472 4040 638 4127 iidemque
653 4039 893 4127 superbissimi,
906 4040 1027 4127 quibus
1041 4041 1137 4125 fides,
1151 4043 1212 4109 de·

130 4170 232 4224 «cus,
256 4146 377 4233 pietas,
404 4157 570 4231 postremo
596 4141 752 4223 honesta,
777 4157 875 4229 atque
901 4143 1074 4209 inhonesta
1092 4147 1207 4213 omnia

133 4276 144 4298 ιι
161 4247 298 4332 quaestui
315 4261 403 4309 sunt.
420 4245 497 4307 Pars
514 4264 647 4324 eorum,
664 4241 821 4307 occidisse
838 4243 989 4309 tribunos
1001 4245 1132 4332 plebis,
1148 4248 1200 4311 alii

165 4425 180 4487 S
195 4414 290 4475 XXVI.
301 4427 399 4474 Sallust.
408 4426 525 4490 Jugunh.
537 4442 558 4472 e.
571 4427 613 4482 δι.
626 4450 661 4462 -
670 4426 777 4492 Ippitn.
787 4424 841 4474 Cir.
851 4425 895 4472 lib.
905 4426 924 4470 1.
