2594 4980
124 738 189 810 ιιο
290 739 359 804 ιο.
385 722 732 803 ιιιιιιιιιιιιιιιι
764 709 1005 801 serenan.

116 859 293 923 «domines
311 871 424 936 erunt,
442 877 539 943 quam
556 855 621 934 uti,
637 877 679 918 ne
696 855 757 918 illis
777 855 810 917 in
825 853 914 917 ltalia
929 854 1010 932 sint,
1027 842 1135 913 enum

116 993 129 1017 a
139 961 282 1024 Navibus
292 975 324 1022 et
337 958 476 1045 pecunia
490 966 521 1020 te
533 978 598 1044 prae
614 954 838 1045 magnitudine
849 956 923 1020 belli
935 977 1048 1043 parum
1059 953 1135 1017 ium

116 1093 130 1117 ι
139 1077 228 1126 ctum
241 1083 309 1124 esse
320 1061 457 1140 scimus;
474 1058 544 1121 haec
552 1080 611 1145 per
622 1080 682 1121 nos
696 1057 753 1120 tibi
764 1057 905 1144 populus
921 1050 1135 1144 carthaginiensi

116 1165 237 1227 :offert
257 1186 265 1225 :
288 1185 306 1224 a
328 1177 375 1243 te,
400 1160 427 1223 si
447 1157 527 1245 quid
546 1159 653 1222 auxilii
676 1158 795 1245 poteris
817 1158 963 1237 mittere,
982 1176 1080 1244 quum
1092 1173 1135 1240 opu

115 1263 214 1343 «erit,
236 1276 351 1349 sperat.
374 1261 538 1323 Hactenus
554 1258 687 1346 quidem
710 1259 753 1322 ita
772 1259 926 1322 sustinuit
941 1258 1077 1336 bellum,
1091 1254 1135 1317 uti

115 1364 280 1426 «amiserit
303 1359 392 1424 haud
413 1359 535 1423 multa.
557 1382 632 1424 nam
656 1382 744 1423 arma
754 1359 990 1447 „elepbantos
1016 1372 1048 1421 et
1070 1366 1135 1418 mter

114 1495 127 1520 ι
138 1463 264 1552 decepti
279 1463 365 1526 ultro
379 1459 584 1525 tradidimus·
575 1484 725 1550 ‚neque,
740 1460 819 1549 quid
835 1477 1010 1549 sequutum
1025 1459 1065 1524 sit
1069 1459 1135 1565 ‚ign

114 1579 199 1630 iras.
215 1562 380 1628 Perfidum
394 1563 522 1627 hostem
536 1586 555 1626 a
569 1510 729 1626 iuuenibus
741 1563 867 1650 patriae,
881 1584 985 1649 quum
995 1548 1135 1625 annadetl

114 1681 208 1728 «sent
218 1684 416 1750 ‚corporum
436 1663 567 1743 objectu
580 1664 767 1727 arcuimus:
783 1663 900 1728 deinde
918 1663 1033 1750 raptim
1051 1659 1135 1725 armat

114 1797 127 1821 ι
137 1782 175 1829 ut
187 1786 328 1852 praesens
339 1765 510 1827 necessitas
527 1781 742 1864 suggesserat,
757 1787 888 1855 magnas
900 1764 1042 1826 bostium
1054 1758 1135 1849 copia

114 1881 170 1928 «et
188 1864 389 1927 consularem
408 1865 603 1944 exercitum,
623 1868 722 1930 semel
743 1882 841 1952 atque
860 1866 979 1929 iterum
997 1863 1038 1929 ad
1052 1861 1135 1952 Neplt

114 1966 206 2047 «rin,
223 1964 320 2028 semel
339 1981 438 2050 atque
453 1965 571 2027 iterum
592 1964 633 2027 ad
649 1966 863 2055 Hippagreta,
880 1965 1080 2029 cecidimus:
1095 1982 1135 2052 pn

115 2097 127 2121 ι
141 2015 221 2130 sidia
236 2065 315 2128 locis
332 2064 526 2151 opportunis
537 2064 752 2151 imposuimus
767 2089 775 2129 ι
789 2065 929 2152 denique
941 2067 1060 2130 bellum
1074 2085 1135 2152 eat]

120 2185 132 2220 ‹'‹
140 2167 360 2244 sustinemus,
381 2180 418 2228 ut
440 2186 593 2251 prospere
617 2187 746 2228 cessura
760 2179 929 2253 putemus,
951 2190 1023 2254 quae
1039 2169 1135 2256 agimu

116 2268 177 2331 «iis
201 2267 336 2345 animis,
364 2280 401 2328 ut
427 2264 604 2351 quamlibet
626 2267 736 2353 potius
767 2281 886 2330 sortem
909 2267 1062 2348 subituri,
1083 2286 1135 2354 qut

115 2367 291 2432 «Romanis
309 2388 369 2429 nos
387 2364 528 2429 dedituri
544 2366 677 2430 simus.»
695 2366 784 2448 Quid
800 2367 841 2432 ad
860 2369 916 2432 has
935 2368 1105 2458 legationes
1120 2388 1135 2430 n

115 2491 274 2559 sponsum
285 2491 302 2531 a
314 2467 444 2556 regibus
458 2467 706 2556 civitatibusque
717 2468 831 2550 fuerit,
843 2492 909 2532 non
923 2469 1075 2534 traditur:
1084 2489 1135 2557 qut

115 2592 213 2658 quam
229 2569 262 2633 id
277 2570 373 2632 etiam
388 2591 426 2631 ex
439 2569 596 2656 cujusque
614 2570 744 2633 fortuna
758 2586 924 2658 statuque,
936 2572 1038 2659 qualis
1049 2592 1087 2635 eo
1098 2584 1135 2635 tu

114 2693 195 2759 pore
216 2671 293 2750 fuit,
310 2669 547 2756 propemodum
567 2671 726 2750 conjicere
747 2672 908 2761 integrum
932 2689 990 2736 est.

160 2772 312 2835 XXXIV.
330 2770 450 2834 lisdem
470 2771 594 2852 causis,
611 2772 729 2858 quibus
749 2773 1027 2861 Carthaginienses
1043 2767 1135 2835 sustul

117 2888 189 2936 rant
202 2871 348 2954 animos,
369 2869 425 2934 sed
444 2871 573 2960 propria
594 2895 726 2961 quoque
743 2874 842 2963 gloria
863 2875 964 2939 elatus
983 2870 1135 2939 Hasdruba

114 2974 179 3051 jam
197 2972 292 3034 etiam
311 2970 352 3034 ad
373 2973 505 3037 urbanae
524 2973 643 3037 militie
664 2975 883 3062 prefecturam
901 2975 1102 3065 adspirabat3
1119 2993 1135 3035 s

114 3074 251 3161 longum
277 3095 337 3160 per
361 3074 464 3138 bonas
492 3089 575 3138 artes
599 3076 659 3136 iter
685 3075 875 3140 videbatur:
897 3075 988 3164 quod
1011 3070 1135 3165 proclivi

116 3189 198 3253 erat,
218 3174 382 3237 criminari
401 3173 637 3239 Hasdrubalem
658 3176 732 3239 urbi
752 3177 938 3265 praefectum
958 3176 1135 3254 instituit3s

116 3274 376 3361 spicionemque,
399 3290 553 3362 tanquam
577 3278 739 3341 avunculo
764 3279 911 3343 Gulussae
932 3279 1046 3343 urbem
1066 3268 1135 3364 prod

115 3389 180 3450 ret,
199 3375 287 3461 apud
305 3373 463 3463 quosdam
481 3376 665 3463 principum
688 3381 787 3455 movit
811 3405 818 3445 :
841 3405 859 3444 a
882 3381 1000 3469 quibus
1023 3398 1119 3495 quum

117 3491 230 3539 senatu
246 3474 369 3538 crimen
386 3474 500 3537 acerbe
515 3474 679 3555 objectum
698 3497 781 3544 esset
788 3483 920 3596 ,isque‚
937 3477 1135 3596 improvisop

117 3576 219 3639 riculo
234 3575 415 3662 perculsus,
432 3574 687 3659 obmutuisset‚'
678 3603 712 3643 ιιι
729 3581 796 3668 ipsa
808 3583 913 3645 statim
932 3583 1020 3646 curia
1032 3603 1091 3670 pro
1101 3597 1135 3642 cu

118 3675 202 3737 fesso
221 3673 449 3737 subselliorum
464 3677 650 3765 fragmentis
669 3697 716 3744 est
729 3683 877 3748 obrutus.

160 3775 296 3838 XXXV.
315 3776 405 3838 Inter
420 3776 487 3840 haec
505 3802 608 3866 quum
624 3797 752 3871 tempus
770 3785 977 3847 comitiorum
998 3784 1030 3845 in
1051 3775 1135 3871 prup‘

116 3897 184 3962 quo
199 3890 281 3938 esset
293 3876 421 3956 Romae,
441 3879 564 3945 intenta
575 3884 709 3947 civitatis
726 3885 760 3948 in
774 3908 876 3949 novos
890 3886 1091 3975 magistratus
1101 3896 1135 3942 cu

116 3990 202 4054 erat,
222 3977 365 4061 quisnam
381 3975 527 4043 adversus
546 3988 631 4046 tanti
646 3984 722 4048 belli
734 4009 850 4048 morem
868 3988 996 4051 idom
1016 3988 1135 4073 luguen!

115 4073 280 4159 legeretur.
298 4075 441 4190 Cognitis
459 4082 546 4146 enim
569 4084 740 4149 Paenorum
761 4087 986 4202 apparatibus,
1006 4102 1039 4149 et
1057 4083 1135 4148 Pisa

118 4174 282 4238 consulis
274 4177 396 4263 ignavia
405 4181 676 4272 ,haudquaquam
692 4189 811 4251 securis
825 4187 989 4252 mentibus
1002 4208 1052 4249 res
1062 4172 1135 4246 inti

120 4272 253 4337 cedonia
274 4275 469 4361 adversas,
459 4305 492 4345 ιιι
514 4285 582 4348 aliis
602 4289 708 4375 regnis
730 4291 892 4374 turbatas,
913 4289 987 4354 odia
1008 4288 1135 4353 Poenon·

157 4468 172 4531 S
186 4470 307 4519 XXXIV.
322 4474 374 4522 Liv.
390 4475 456 4538 Epit.
467 4502 502 4512 -
514 4478 621 4541 Appiam
