2594 4980
157 744 227 814 310
331 747 399 811 ro.
427 741 769 811 rnnrusnmru
800 716 1040 808 sorrentu

197 869 266 933 Lll.
278 865 314 928 ld
333 889 370 927 ex
386 864 495 926 anricis
511 856 631 925 Tiberii
646 860 777 925 Fulvius
794 861 926 924 Flaccus
939 876 1069 925 senator
1084 880 1207 923 renun-
1282 854 1286 861 ’

155 971 291 1033 tiaturus
307 965 444 1027 accurrit
454 964 485 1024 in
498 963 703 1045 concionem,
717 978 797 1026 etex
806 961 1052 1048 superiorcloco
1067 960 1207 1026 innuens

151 1093 271 1147 manu,
290 1088 375 1144 esse,
392 1065 433 1128 ‹le
450 1064 568 1150 quibus
585 1064 755 1128 certiorem
773 1061 1089 1141 Tiberium-faceret,
1106 1062 1207 1151 signi·

153 1172 275 1234 ficabat.
287 1169 362 1245 Vix,
376 1165 510 1246 jubente
526 1164 673 1245 Tiberio,
687 1163 862 1252 permissus
877 1160 918 1225 ad
933 1184 1008 1225 cum
1021 1160 1127 1226 aditus
1144 1180 1206 1227 est:

151 1272 348 1359 cognitoque
359 1316 368 1347 ,
379 1267 457 1354 quid
474 1266 647 1346 attulisset,
660 1265 716 1351 qui
730 1263 876 1352 proxime
884 1262 1050 1327 Tiberium
1064 1263 1207 1344 stabant,

150 1371 354 1459 praecingunt
373 1378 481 1455 togas,
498 1366 652 1454 frangunt
673 1364 892 1453 apparitorum
908 1363 1049 1445 hastilia,
1067 1362 1206 1451 denique

150 1469 191 1533 ad
205 1472 270 1532 vim
287 1466 515 1555 repellendam,
533 1464 769 1552 quibusmodis
784 1480 939 1552 possunt,
953 1486 988 1528 se
1000 1480 1205 1553 comparant:

151 1568 329 1657 diffugiunt
347 1592 365 1631 e
384 1567 516 1630 comitio
533 1566 655 1629 tribuni
674 1566 801 1630 ceteri:
818 1566 974 1653 templum
994 1588 1013 1629 a
1033 1565 1207 1651 sacerdoti-

152 1670 212 1733 bus
236 1668 404 1732 clauditur.
423 1669 468 1730 Ea
485 1668 605 1754 specics
627 1666 804 1730 commovit
823 1666 951 1755 longius
973 1681 1133 1748 remotos,
1150 1682 1206 1749 ut,

150 1770 229 1857 quid
239 1784 396 1858 ageretur,
409 1791 483 1831 cum
501 1766 713 1855 trepidatione
721 1767 934 1847 sciscitantes,
951 1767 1206 1834 omniaclamore

150 1871 358 1956 tumultuque
374 1869 621 1931 confunderent.
830 1866 834 1873 ’

193 1971 277 2033 Llll.
290 1970 339 2031 lbi
351 1968 514 2048 Tiberius,
525 1990 599 2030 nam
610 1965 714 2032 audiri
724 1990 791 2031 non
800 1983 946 2055 poterat,
960 1969 1072 2056 capitis
1087 1970 1206 2034 instare

149 2070 320 2133 discrimen
338 2068 500 2148 indicans,
519 2067 664 2131 admovit
679 2068 790 2132 vertici
807 2089 949 2131 manum.
966 2070 1038 2132 Hoc
1052 2070 1100 2133 sic
1112 2091 1205 2133 exce·

149 2188 241 2258 ptum
259 2170 454 2232 abinimicis
472 2187 623 2255 tanquam
643 2166 788 2232 diadema
802 2183 964 2256 posceret,
978 2168 1205 2258 additumque,

148 2272 246 2351 falso,
265 2286 301 2334 ut
315 2272 491 2332 existimem
501 2318 509 2349 ,
517 2269 632 2356 polam
643 2266 787 2331 deniare
801 2290 890 2346 cum,
906 2284 1015 2332 senatu
1026 2271 1205 2359 mancipato

149 2376 255 2435 omm'a
262 2396 322 2458 per
332 2371 456 2459 plebem
469 2374 527 2456 agi
534 2382 680 2457 oportere.
694 2369 780 2432 Tum
792 2393 870 2434 vcro
883 2372 1024 2436 accensis
1034 2372 1203 2453 omnibus,

148 2474 184 2539 P.
198 2474 305 2560 Scipio
326 2473 439 2536 Nasica
458 2472 540 2558 petit
564 2495 580 2534 a
597 2470 746 2551 consule,
763 2484 798 2533 ut
813 2485 907 2533 servet
923 2470 1159 2559 mnpublicam‚
1174 2488 1206 2536 et

148 2576 428 2657 tollattyrannum.
441 2576 546 2658 Atque
555 2572 618 2651 ille,
627 2569 759 2651 «Video,
768 2572 886 2658 inquit,
897 2572 1006 2636 Patres
1014 2574 1203 2662 conscripti,

146 2709 160 2734 «
169 2679 340 2765 plerosque
351 2676 450 2763 magis
463 2677 525 2753 ira,
535 2696 632 2761 quam
642 2674 784 2754 ratione,
796 2689 973 2762 permotos,
988 2675 1152 2762 egregium
1167 2674 1202 2737 in

143 2809 157 2833 a
167 2776 397 2862 rempublicam
415 2776 575 2854 animum,
591 2773 808 2837 turbulentius
825 2771 951 2861 agendo
967 2794 1184 2861 corrumpere.

186 2877 294 2941 LlV.u
311 2875 393 2937 Nam
417 2876 444 2936 si
461 2874 501 2938 de
519 2874 699 2938 actionibus
716 2873 766 2937 Ti.
790 2873 927 2938 Gracchi
945 2874 1117 2960 quaerimr,
1136 2888 1202 2938 tam

143 3008 155 3030 ιι
165 2977 245 3039 lenis
256 2976 401 3061 profecto
412 2998 509 3037 nemo
525 2976 602 3054 erit,
622 2975 701 3061 quin
716 2973 895 3061 praefervidi
907 2973 1036 3061 spiritus
1049 2975 1202 3055 juvenem

143 3074 206 3137 «ad
222 3075 347 3137 luetluet
362 3073 515 3160 flagitiosa
531 3075 718 3160 prolapsum
729 3074 875 3137 fateatur.
891 3074 954 3137 Sed
963 3073 1037 3139 idco
1047 3077 1202 3141 nimirum

143 3176 249 3262 «leges
259 3177 772 3250 feruntur,moresservantur‚ct
782 3174 955 3239 concilium
963 3176 1131 3262 publicum
1141 3192 1201 3257 est,

143 3291 221 3354 aut,
245 3277 271 3336 si
291 3273 370 3360 quid
386 3289 552 3359 peccatum
569 3274 603 3334 in
620 3273 747 3335 civitate
764 3274 878 3354 luerit,
897 3298 964 3339 non
982 3277 1127 3365 impetu,
1144 3278 1201 3364 qui

144 3375 361 3459 «plerumque
387 3395 488 3434 caccus
506 3387 555 3434 est
577 3389 610 3435 et
631 3373 846 3459 improvidus,
868 3377 924 3440 sed
941 3378 1064 3441 ratione
1081 3394 1114 3441 et
1127 3380 1202 3458 jure

141 3475 352 3560 «corrigatur.
365 3475 521 3534 Interesse
530 3472 651 3559 aliquid
667 3474 751 3537 inter
768 3474 955 3539 seditiosum
968 3477 1156 3561 tribunum,
1168 3496 1202 3543 et

141 3573 276 3661 «populi
288 3572 411 3634 romani
424 3588 588 3653 senatum,
607 3597 737 3662 aequum
749 3592 813 3658 est;
831 3593 868 3638 ut
881 3578 914 3639 in
931 3578 987 3640 illo
1001 3577 1135 3643 audacia
1150 3604 1201 3646 re-

140 3672 393 3763 «prebcndatun
410 3676 532 3737 curiam
551 3678 719 3741 maturitas
734 3693 841 3758 ornet,
860 3694 893 3741 et
909 3694 1076 3766 nunquam
1097 3683 1201 3747 amica

140 3806 154 3831 ι
165 3776 362 3839 festinationi
377 3776 557 3862 prudentia.
569 3777 669 3859 Quod
681 3778 708 3841 si
726 3779 832 3841 subita
846 3801 905 3841 nos
922 3779 1108 3868 indignatio·
1116 3805 1200 3870 prm·

141 3877 274 3964 «cipitct
296 3875 337 3938 ad
352 3876 542 3958 vindictam,
565 3876 644 3965 quid
665 3877 782 3942 deinde
806 3880 1073 3967 respondebimus
1096 3905 1200 3948 causac

138 3977 257 4041 «nobis
277 3977 460 4057 fuisse‚cur
475 3979 656 4043 Gracchum
672 3980 884 4067 plecteremus
895 3981 909 4046 ?
920 3983 1138 4071 ‚Allegabimus
1151 3984 1200 4048 le·
1288 4004 1293 4013 ·

138 4100 215 4167 «ges
234 4076 275 4140 ab
294 4100 332 4139 eo
350 4078 499 4158 violatas,
524 4081 595 4158 jura
619 4081 771 4145 convulsa
796 4083 956 4147 civitatis?
979 4106 1087 4172 neque
1108 4086 1198 4150 cuim

138 4178 247 4242 «aliud
263 4178 438 4265 quidquam
460 4181 585 4242 crimini
604 4179 761 4244 dabimus.

172 4381 253 4446 seu.
273 4385 394 4431 aaaron.
410 4410 446 4420 -
458 4386 564 4449 appan.
577 4389 603 4446 r,
617 4388 640 4434 a.
655 4414 690 4427 -
706 4388 723 4454 ς
740 4390 805 4439 un.
819 4389 884 4439 rior.
897 4392 949 4448 m,
967 4398 1007 4448 η.
1024 4418 1059 4431 -
1076 4366 1151 4441 aaut.
1165 4391 1198 4441 as

138 4464 191 4513 Vir.
204 4465 238 4514 ill.
251 4494 284 4505 -
294 4468 348 4515 Val.
360 4470 427 4517 Max.
442 4495 477 4505 -
490 4468 613 4519 Plutarch.
