2594 4980
146 674 215 770 378
274 671 278 677 ’
320 679 387 745 JO.
416 680 762 747 FREINSHEMII
795 682 1039 749 SUPPLEM.

140 819 253 886 agrum
269 798 360 861 illum
379 800 627 864 Massiliensium
641 800 760 864 civitati
776 800 867 865 dono
883 800 990 881 dedit,
1004 803 1220 889 Romamque

140 899 324 983 profectus,
339 898 379 961 (le
394 900 584 988 Liguribus,
601 902 784 984 Vocontiis,
800 903 1010 990 Salluviisque
1026 903 1219 990 impetravit

37 1024 39 1029 ⁸
141 997 355 1085 triumphurn.

184 1100 240 1162 IV.
266 1100 379 1187 Neque
402 1103 505 1164 multo
526 1121 600 1189 post
621 1107 656 1167 L.
675 1105 826 1168 Aurelius
846 1105 977 1169 Orestes
997 1107 1216 1195 triumphavit

138 1223 178 1263 ex
194 1201 355 1279 Sardinia,
374 1225 475 1288 quum
491 1228 561 1266 earn
576 1205 775 1294 provinciam
790 1206 943 1292 quintum
960 1207 993 1269 in
1008 1229 1134 1272 annum
1149 1209 1214 1273 ob·

137 1302 305 1382 tinuisset,
328 1304 468 1366 evidenti
492 1322 702 1393 argumento,
724 1305 812 1369 haud
836 1328 972 1393 parvum
996 1308 1040 1370 ibi
1063 1308 1213 1373 laborem

138 1403 256 1482 luisse,
276 1405 328 1465 cui
349 1405 557 1468 conliciundo
574 1407 836 1493 quinquennium
856 1409 1073 1472 necessarium
1092 1409 1212 1491 fuerit,

138 1519 171 1566 et
195 1505 343 1567 confecto
370 1508 538 1592 premium
564 1507 761 1595 triumphus.
789 1506 1028 1595 splendidiores
1053 1509 1087 1572 in
1107 1509 1212 1574 Gallia

137 1607 196 1668 Cn.
216 1606 366 1686 Domitii,
383 1609 438 1693 qui
457 1609 571 1671 consul
588 1608 786 1697 provinciam
804 1631 822 1671 a
839 1611 876 1671 C.
897 1608 1005 1672 Sextio
1023 1626 1211 1698 acceperat,

136 1728 187 1768 res
212 1724 307 1794 gestae
328 1709 480 1787 fuerunt,
499 1727 622 1795 quanto
644 1732 720 1773 cum
743 1710 932 1773 fortioribus
955 1711 1105 1798 populis,
1121 1727 1156 1773 et
1174 1712 1210 1775 in

136 1808 297 1870 nobiliore
314 1811 384 1872 solo
404 1810 558 1873 bellatum
572 1828 630 1874 est.
648 1810 864 1874 Salluviorum
876 1812 960 1874 mala
971 1825 1081 1899 gentes
1094 1833 1209 1899 asper·

136 1909 233 1971 rimas
253 1910 464 1998 Allobrogum
483 1914 770 1999 Arvemorumque
788 1912 1005 1977 conciverant.

180 2011 218 2072 V.
246 2013 432 2100 Allobroges
458 2013 673 2076 Salluviorum
698 2035 807 2103 regern
836 2013 1077 2076 Teutomalium
1103 2012 1209 2100 patria

134 2110 311 2198 profugum
332 2114 471 2202 benigne
486 2131 695 2204 exceperant,
710 2115 866 2202 omnique
883 2136 945 2203 ope
958 2114 1124 2192 juvabant.
1140 2114 1207 2178 Mi-

135 2233 289 2277 scuerunt
313 2239 387 2277 curn
410 2217 460 2278 his
483 2217 619 2279 Arverni
642 2238 788 2291 causam,
806 2238 948 2302 quorum
970 2237 1026 2277 rex
1047 2214 1207 2295 Bituitus,

134 2316 229 2377 missa
242 2316 401 2403 legatione
418 2319 545 2380 veniam
558 2318 773 2381 Salluviorum
788 2317 906 2406 regulis
922 2317 1108 2403 postulans,
1123 2315 1208 2378 nihil

132 2437 151 2475 a
166 2417 310 2478 Domitio
332 2419 566 2503 impetraverat.
586 2418 768 2506 Legationis
787 2440 869 2479 nova
892 2417 998 2480 forma
1019 2417 1095 2491 fuit,
1113 2416 1207 2503 quod

133 2515 299 2579 hominem
326 2520 474 2603 praeclare
502 2518 677 2598 vestitum,
702 2541 767 2580 non
798 2518 898 2581 modo
920 2517 1118 2599 satellitum,
1146 2516 1206 2582 sed

132 2617 229 2677 ctiam
244 2641 361 2678 canum
375 2618 520 2681 custodia
533 2620 740 2703 sequebatur.
753 2617 873 2682 Aderat
886 2634 918 2681 et
932 2619 1088 2682 barbarus
1099 2636 1205 2695 vates,

132 2719 247 2780 bardos
270 2720 371 2805 patria
395 2720 503 2807 lingua
522 2736 656 2801 vocant,
676 2741 744 2807 quo
761 2741 878 2808 genere
901 2741 1095 2808 magnopere
1112 2719 1205 2784 dele-

132 2836 276 2898 ctantur,
290 2822 346 2906 qui
365 2822 475 2908 gentili
496 2822 638 2884 carmine
655 2843 781 2910 regem,
800 2835 995 2908 gentemque
1013 2836 1045 2882 et
1062 2821 1206 2908 legatum

131 2922 316 2985 celebraret.

175 3024 230 3086 Vl.
257 3025 369 3103 Quum
388 3024 427 3085 ab
448 3024 497 3084 his
515 3023 618 3085 causis
634 3021 744 3085 omnia
757 3022 823 3102 jam
843 3022 917 3085 satis
940 3020 981 3083 ad
997 3019 1120 3083 bellum
1135 3042 1207 3108 spe·

131 3141 274 3204 etarent,
294 3127 389 3187 etiam
408 3123 591 3187 AEduorum
614 3122 752 3209 querelae
777 3116 956 3184 Domitium
978 3136 1204 3202 attraxerunt,
1229 3152 1234 3156 ·

130 3250 203 3311 quse
222 3227 324 3311 prima
346 3243 432 3287 trans
453 3226 548 3310 Alpes
568 3223 655 3286 natio
677 3222 880 3302 societatem,
898 3238 930 3285 et
952 3221 1123 3285 amicitiam
1146 3245 1204 3284 ro·

131 3348 259 3386 uranum
282 3326 488 3409 concupivit:
508 3322 599 3386 avide
618 3338 650 3385 et
670 3323 788 3385 nostris
804 3345 914 3385 ansam
932 3321 1108 3385 distinendi
1125 3323 1203 3387 Gal·

130 3426 187 3487 lias
213 3426 460 3511 arripientibus,
485 3448 623 3511 quarum
647 3423 875 3501 concordiam,
898 3424 1021 3510 experti
1047 3425 1203 3488 ferociam

129 3527 330 3614 singularum
347 3529 538 3606 nationum,
555 3525 645 3589 haud
661 3526 777 3605 injuria
795 3522 994 3589 metuebant.
1012 3526 1125 3606 Quum
1139 3526 1204 3614 igi·

130 3644 185 3690 tur
201 3650 327 3691 summa
342 3629 372 3690 in
388 3630 451 3692 linc
464 3629 588 3716 populo
602 3628 774 3691 auctoritas
790 3642 890 3707 esset,
906 3649 971 3713 prae
987 3626 1106 3689 caeteris
1122 3646 1203 3714 gen-

130 3730 217 3792 tibus
232 3732 384 3793 omnibus
400 3730 579 3793 honorifice
591 3731 632 3793 ab
650 3728 804 3792 Romanis
821 3727 941 3806 habiti,
959 3726 1136 3813 multisque
1150 3748 1202 3789 se·

130 3834 381 3896 natusconsultis
394 3832 519 3920 fratres
542 3856 581 3896 ac
604 3828 828 3916 comanguinei
840 3827 957 3915 populi
977 3827 1104 3888 romani
1121 3841 1202 3890 sunt

129 3936 288 4024 appellati.

165 4098 180 4162 S
193 4102 238 4146 111.
253 4098 330 4146 Soliu.
346 4114 399 4160 cap.
416 4099 439 4142 8.
459 4124 493 4131 -
513 4095 624 4145 Cassiod.
639 4095 731 4143 Chron.
754 4120 788 4129 -
803 4093 857 4139 siv.
872 4092 938 4156 Epir.
953 4124 986 4134 -
1003 4089 1083 4136 strab.
1096 4087 1141 4134 lib.
1155 4088 1203 4146 IV,

130 4199 155 4245 p.
170 4185 228 4235 430.
242 4211 275 4218 -
288 4184 348 4230 Tab.
364 4181 490 4244 Triumph.
505 4208 539 4216 -
553 4179 569 4244 §
582 4182 613 4226 V.
626 4180 679 4226 Liv.
693 4177 760 4241 Epit.
776 4203 811 4212 —
825 4176 932 4241 Appiam.
945 4173 1011 4237 apud
1028 4172 1097 4220 Fulv.
1114 4170 1201 4220 Unio

129 4292 163 4300 -
175 4267 265 4313 Lucan.
280 4268 304 4324 l,
316 4275 374 4326 449.
386 4292 421 4300 -
431 4264 549 4313 Posiden.
564 4263 630 4326 apud
640 4262 788 4319 Athernvl,
804 4277 842 4307 rr.
857 4288 891 4296 —
906 4259 922 4324 s
935 4260 980 4306 Vl.
993 4256 1201 4312 uor.111,2.-

129 4348 182 4393 Liv.
193 4349 258 4410 Epir.
268 4377 301 4384 -
312 4349 391 4395 strab.
402 4349 444 4394 lib.
456 4349 500 4404 IV,
510 4365 535 4411 p.
545 4356 604 4408 492.
612 4374 647 4384 —
657 4345 762 4395 Cende
774 4345 834 4392 Bell.
844 4344 900 4408 gell.
913 4345 925 4390 Ι
938 4352 964 4389 et
975 4343 1021 4390 VI.
1033 4368 1068 4378 -
1078 4341 1201 4404 Pmegyr.

129 4432 293 4480 Constantino
306 4432 393 4479 dictus.
408 4433 505 4479 -Tac
516 4430 604 4480 Annal.
615 4431 664 4486 xl,
677 4428 720 4477 25.
