2594 4980
153 720 219 817 196
315 723 382 789 JO.
408 721 745 791 FREINSHEMII
774 723 1020 799 sUPPLEnt.

147 860 195 907 tra
217 845 283 917 illc,
301 842 504 906 mercenariis
524 841 625 930 copiis
641 841 828 918 conductis,
842 864 930 919 arma
947 842 1079 908 tradere
1093 847 1109 909 l.

145 946 266 1008 chenos
281 946 383 1025 jubet.
404 942 455 1008 Illi
472 943 573 1032 magis
592 943 724 1023 irritati,
745 964 842 1031 quam
860 944 954 1008 fracti
972 944 1038 1008 boc
1052 944 1109 1033 imp

145 1063 275 1110 centum
289 1045 402 1134 viginti
416 1044 587 1107 homiuum
599 1042 740 1107 millibus
754 1044 874 1132 regiam
886 1035 1107 1126 circumdant,

144 1164 209 1211 tem
226 1164 281 1210 aut
294 1146 420 1210 vincula
436 1144 602 1209 Demetrio
619 1144 814 1209 minitantes.
828 1145 918 1210 Facit
925 1145 960 1208 in
971 1146 1034 1210 bos
1048 1147 1109 1235 imp

144 1272 220 1313 cum
241 1247 444 1312 mercenariis
467 1268 541 1326 rex,
565 1262 598 1309 et
618 1268 637 1308 a
659 1246 779 1325 majore
800 1245 1044 1334 oppidanorum
1069 1270 1109 1311 nu

141 1351 307 1438 repellitur
321 1374 330 1431 ;
348 1364 481 1435 eratque
497 1349 532 1411 in
549 1370 667 1436 magno
682 1362 716 1411 et
730 1347 870 1411 evidenti
885 1348 1053 1436 periculo,
1069 1349 1109 1414 nir

140 1452 215 1514 xilin
238 1450 423 1515 Iudaeorum
449 1448 530 1536 (tria
546 1449 644 1512 millia
663 1448 822 1512 Ionathan
847 1449 999 1537 miserat)
1019 1467 1106 1516 tecto

139 1573 333 1630 conscenso,
348 1550 382 1612 in
400 1564 626 1637 oppugnantes
641 1548 775 1635 impune
786 1549 932 1631 jaculati,
952 1573 994 1614 ex
1009 1552 1109 1617 vicini

140 1653 247 1716 mibus
260 1675 315 1716 eos
330 1652 528 1739 abegissent,
542 1648 723 1735 domosque
739 1672 837 1737 super
846 1650 1075 1718 incendissent.

182 1753 267 1817 LIII.
284 1753 382 1816 Plena
402 1748 560 1830 edificiis,
578 1749 748 1813 maximam
761 1767 885 1838 partem
903 1752 1035 1840 ligneis,
1052 1768 1109 1818 erat

137 1851 256 1914 tioohia
268 1875 276 1915 ε
289 1874 388 1939 quare
403 1851 492 1915 brevi
509 1866 655 1937 tempore
666 1850 803 1938 sumptis
818 1842 941 1917 viribus
955 1868 1024 1918 tota
1038 1855 1105 1920 fere

134 1952 323 2016 incendium
351 1966 558 2041 pervagatum
581 1967 639 2015 est.
663 1952 732 2014 Rex
754 1951 954 2038 oppidanos,
980 1956 1097 2043 partim

135 2052 388 2143 exstinguendo,
410 2053 525 2141 partim
542 2051 714 2139 eripiendis
730 2053 885 2119 uxoribus
904 2055 1080 2146 liberisque
1095 2080 1109 2123 c

133 2171 246 2244 patos,
271 2155 416 2243 praelium
442 2153 588 2217 omisisse
609 2152 741 2235 videns,
767 2171 901 2244 repente
927 2180 987 2245 per
1008 2161 1109 2252 angipt

132 2256 290 2343 erumpit,
303 2255 479 2341 multisque
493 2254 599 2334 cusis,
616 2277 702 2317 arma
714 2277 836 2343 ponere
848 2273 996 2342 caeteros,
1009 2277 1045 2326 et
1055 2263 1109 2326 olet

131 2357 182 2419 tire
199 2357 329 2420 victoris
347 2378 381 2419 se
399 2355 584 2443 permittere
603 2356 690 2443 cogit
708 2373 831 2445 :atque
848 2359 900 2424 illa
919 2363 1025 2450 magis
1038 2384 1109 2451 pror

131 2457 324 2521 dedentibus
339 2480 425 2536 sese,
442 2478 539 2543 quarn
562 2454 680 2520 deditis
696 2459 836 2544 praestita
852 2475 911 2524 est.
927 2461 1023 2527 Multi
1033 2478 1109 2552 tanq

129 2559 308 2623 concitores
322 2556 489 2621 seditionis
505 2557 676 2621 excruciati
695 2560 881 2637 tormentis,
903 2563 1109 2654 supplicioqu

127 2661 203 2723 lecti
225 2675 320 2739 sunt,
342 2658 436 2722 bonis
460 2657 650 2745 publicatis3
674 2659 782 2746 plures
808 2677 898 2724 metu
921 2662 1066 2751 odioque
1086 2686 1109 2729 n

127 2761 227 2849 patria
248 2759 373 2839 relicta,
394 2759 511 2847 passim
535 2781 593 2846 per
614 2759 737 2847 Syriam
757 2760 974 2844 oberrabant,
987 2766 1109 2831 oemsio

126 2861 274 2926 vindictae
293 2861 508 2947 queritantes.
528 2859 566 2923 ln
586 2860 657 2947 ipso
677 2883 775 2948 porro
796 2863 939 2929 tumultu
954 2865 1109 2931 hominus

124 2965 246 3030 teriisse
260 2962 413 3027 dicuntur
428 2962 526 3025 millia
539 2978 683 3025 centum.

128 3102 131 3108 ·
167 3066 248 3129 LIV.
267 3074 310 3130 At
330 3064 535 3143 Demetrius,
558 3065 657 3151 quasi·
671 3086 785 3152 parum
802 3065 1011 3130 inimicorum
1035 3067 1109 3133 habt

122 3166 218 3227 etiam
235 3166 353 3228 amicos
372 3165 468 3251 coepit
490 3165 659 3248 infestare,
682 3166 822 3254 ducique
845 3167 1029 3246 judaeorum
1047 3170 1109 3233 min

122 3264 227 3328 literas
244 3265 347 3345 misit,
364 3265 400 3327 ni
412 3264 529 3328 tn'brtta
544 3271 682 3329 ommitm
698 3289 854 3332 annorum
861 3315 871 3346 ‚
888 3292 933 3332 erc
945 3292 1009 3359 quo
1014 3270 1109 3359 penul

120 3368 253 3442 siissent,
276 3377 577 3452 repraesentarentur.
598 3368 702 3431 Lectus
725 3368 794 3432 haec
814 3368 974 3434 Diodotus
992 3374 1109 3460 Apsmt

120 3465 288 3529 audiebat:
308 3467 364 3551 qui
381 3465 462 3529 lidus
479 3466 585 3531 adhuc
598 3469 799 3546 Alexandro,
813 3469 876 3533 sub
891 3493 958 3557 quo
971 3470 1014 3535 ad
1024 3472 1109 3561 ampl

121 3590 188 3630 mas
200 3568 404 3654 praelecturas
420 3566 525 3631 fuerat
541 3585 730 3656 provectus,
742 3586 800 3634 aut
814 3572 953 3659 propriis
967 3572 1109 3656 causis,l

118 3670 217 3731 chum
232 3670 387 3750 Arabem,
404 3667 492 3756 apud
504 3692 604 3756 quem
617 3670 787 3734 Alexandri
804 3670 889 3734 filius
902 3672 1085 3739 Antiochus
1100 3695 1109 3737 t

117 3770 265 3849 cubator,
281 3787 406 3851 exorat,
419 3784 454 3832 ut
469 3771 528 3834 sibi
534 3793 665 3858 puerum
679 3771 806 3850 tradat,
823 3784 942 3859 tempus
955 3776 1040 3837 enim
1053 3772 1109 3838 eda

114 3876 223 3960 quoin
234 3873 377 3958 patrium
387 3869 441 3934 ille
451 3894 579 3958 regnum
591 3874 711 3935 restitui
718 3874 825 3959 possit.
843 3872 989 3937 bimulus
1003 3871 1109 3938 admo«

114 3995 196 4060 puer
217 3988 284 4037 erat
299 3996 417 4059 :quem
433 3973 466 4035 in
483 3974 606 4061 Syriam
625 3973 820 4054 adductum,
835 3975 985 4061 protinus
1001 3973 1109 4039 delicie

114 4072 175 4137 bus
194 4074 235 4137 ad
252 4096 345 4152 eum,
361 4096 440 4160 quas
458 4074 641 4137 Demetrius
658 4091 858 4138 sacramento
879 4075 1034 4152 solverat,
1055 4097 1109 4163 cop

113 4176 207 4264 regiis
221 4174 402 4264 insignibus
416 4190 518 4238 ornat.
531 4176 681 4240 Occurrit
694 4191 727 4240 et
739 4198 815 4240 cum
827 4176 894 4241 suis
907 4177 1107 4259 Demetrius,

145 4385 161 4450 s
174 4388 225 4435 tn.
237 4390 338 4453 Ioseph.
350 4390 427 4447 xm,
436 4402 464 4448 9.
478 4413 513 4423 -
524 4386 628 4435 Diodor.
639 4389 795 4438 -Illaobeb
809 4393 836 4449 l,
849 4405 889 4438 11.
907 4417 942 4430 --
959 4390 1056 4456 §.tut
1068 4388 1109 4438 Dia

111 4494 146 4511 -ο
157 4470 256 4533 Ioseph.
266 4496 301 4507 -
311 4470 424 4537 Macbab.
437 4471 462 4528 1,
474 4484 513 4516 11.
523 4495 558 4506 --
567 4470 654 4519 Eussb.
