2594 4980
123 740 188 829 ιρι
295 734 725 804 teramnensem
755 734 1001 803 sumtum

160 858 290 923 XLVII.
305 855 483 919 Oraoulum
494 854 528 915 in
538 853 647 917 Cilicia
656 854 753 940 paulo
764 871 838 919 ante
847 854 934 919 hane
944 853 1170 943 expeditionem

118 963 158 1025 ab
171 959 318 1046 Apolline
331 954 531 1041 Sarpedonio
544 954 628 1040 (sive
640 955 750 1019 Dianae
762 957 873 1045 potins
887 956 954 1021 hoe
964 976 1171 1047 cognomento

118 1064 227 1129 lanmn
243 1058 323 1143 fnit)
338 1055 501 1121 redditum
512 1055 693 1119 Ahxandro
705 1055 838 1138 dicitur,
850 1074 979 1121 caveret
986 1058 1112 1139 locum,
1122 1059 1169 1123 uhi

117 1161 263 1227 biformis
279 1174 362 1223 esset
378 1156 495 1221 editus.
510 1158 579 1221 Hac
595 1158 729 1246 ambage
744 1156 936 1246 significatas
949 1158 1038 1225 Atm
1051 1175 1167 1249 putant,

116 1264 172 1327 uhi
183 1278 258 1325 neta
266 1258 414 1347 quaedam
427 1258 540 1323 llorais
548 1257 663 1339 luerit,
675 1281 747 1345 quae
758 1276 869 1347 posteo
881 1274 1009 1325 mutato
1020 1278 1096 1327 eum
1104 1284 1168 1327 tem

116 1365 249 1430 nomine
260 1362 480 1449 Diophantus,
495 1382 535 1423 ex
542 1360 610 1423 acie
621 1383 698 1423 eum
706 1360 888 1425 Alexandro
896 1362 933 1425 in
943 1362 1165 1449 puninmsntn

115 1465 280 1554 refugerit.
298 1461 501 1541 Demetrius,
522 1460 567 1525 ob
585 1460 752 1525 victoriam
774 1461 971 1551 cognomine
988 1462 1167 1529 Nicatoritt

116 1568 204 1655 Syris
212 1566 402 1642 honoratus,
410 1577 550 1625 mortem
559 1560 702 1625 duorum
712 1583 826 1650 regum
834 1564 868 1627 in
878 1562 1167 1629 occasionum

115 1664 289 1743 convertit,
306 1663 408 1725 nihilo
429 1662 531 1750 magis
542 1662 581 1725 iis
595 1684 746 1751 parcens,
763 1662 871 1750 quiin
887 1661 1006 1729 iisdem
1022 1664 1161 1753 partilem,

115 1788 213 1853 quam
225 1763 282 1852 qui
298 1764 332 1826 in
350 1763 491 1827 adversis
504 1778 678 1829 steterant:
692 1764 801 1829 statim
811 1765 900 1829 enim
910 1780 945 1829 et
954 1765 1082 1849 aumlii,
1091 1760 1160 1853 qnod

115 1890 133 1929 a
150 1867 324 1930 Ptolemaeo
338 1881 518 1952 acceperat,
533 1881 565 1929 et
579 1886 677 1950 quarn
695 1887 770 1931 cum
785 1886 825 1929 eo
840 1880 1063 1949 contruxerat,
1077 1864 1172 1931 elfini-¹

116 1968 188 2033 tatis
200 1967 337 2046 oblitus,
355 1965 509 2031 exercitui
520 1966 588 2046 ejus
599 1965 730 2031 insidias
741 1980 866 2031 struere
876 1967 990 2056 coepit:
1001 1968 1158 2057 pusinqn

117 2069 263 2156 praesidia
281 2068 511 2156 AEgyptiorum
523 2066 541 2129 a'
552 2066 736 2131 civitatibus
752 2082 829 2131 sunt
846 2067 1025 2133 iuterfecta.
1042 2066 1157 2155 helique

115 2171 216 2259 copiae
237 2168 462 2235 Alexandriam
485 2191 520 2231 se
535 2190 703 2255 recepere,
721 2168 841 2233 relictis
857 2184 967 2233 tamen
987 2166 1154 2257 elephantis,

115 2295 198 2359 quos
219 2272 403 2337 Demetrius
422 2271 516 2358 cepit.
533 2268 744 2335 Alexandrini
764 2270 895 2335 fratrem
915 2271 1064 2337 exstincti
1077 2268 1154 2359 nst.

115 2374 317 2463 Physconem
329 2388 564 2462 cognomento,
577 2372 729 2459 Cyrenis,
742 2372 799 2436 ubi
808 2371 978 2462 regnabat,
994 2370 1153 2437 emmim!

116 2474 249 2563 lEgypti
259 2496 360 2562 regno
375 2472 556 2559 praeficiunt
571 2496 578 2536 ε
594 2472 685 2560 quod
698 2474 799 2538 horno
815 2470 1153 2541 omnium-facinore&

115 2577 216 2639 simus
235 2597 293 2662 per
314 2596 422 2637 annos.
439 2573 648 2660 quindecim,
666 2574 786 2662 quihus
804 2574 1007 2641 Alexandria
1020 2570 1152 2665 τῳῶι

116 2676 261 2740 maximis
277 2675 420 2761 implevit
437 2675 682 2740 cnlnmimtibus.

160 2777 307 2841 XLVIII.
331 2777 413 2841 Nam
433 2776 546 2841 eodem
563 2774 635 2856 die,
658 2799 726 2863 quo
743 2775 785 2840 ad
801 2775 1028 2865 accipiendum
1044 2790 1151 2863 regnu

115 2877 339 2943 Alexandriam
356 2879 545 2959 intraverat,
559 2878 680 2941 multos
692 2900 733 2941 ex
745 2876 966 2965 principibus,
977 2898 1063 2965 qnos
1075 2868 1152 2941 finti!

38 3012 42 3023 ·
115 2978 181 3045 filio
193 2983 298 3045 favere
309 2997 518 3070 cognoverat
529 2980 703 3044 interemit.
716 2980 848 3067 Nuptiis
862 2972 1152 3053 deindernntm'tdfl

115 3084 307 3169 Cleopatrae,
330 3106 429 3169 quarn
451 3103 597 3145 sororem
619 3102 733 3159 suam,
757 3080 861 3143 fratris
883 3079 1016 3145 alterins
1030 3076 1152 3149 vidium,

116 3184 322 3251 matrimonio
333 3184 394 3245 sibi
403 3182 595 3269 jungebats
588 3204 695 3268 ipsum
708 3204 841 3268 quoque
850 3202 1008 3268 puerum,
1020 3174 1152 3245 mexillt·

115 3305 188 3346 ium
212 3284 324 3362 etiam,
341 3306 359 3345 a
382 3283 501 3369 quibus
521 3298 653 3347 vocatus
675 3283 710 3345 in
732 3304 869 3370 regnum
894 3282 1016 3361 luerat,
1035 3270 1153 3367 qttou'd'!

115 3380 235 3443 multos
256 3331 384 3444 occidit.
408 3383 492 3446 Hinc
507 3383 702 3447 exacerbatis
724 3382 873 3445 omnium
889 3381 1022 3463 animia,
1037 3376 1153 3463 odiqu

116 3480 266 3543 simulac
284 3497 374 3544 metu
394 3483 500 3569 aegris‚
515 3484 638 3571 vulgo
627 3506 692 3563 Jarn
712 3483 838 3547 occasio
855 3470 1153 3547 deliniendum*

115 3581 332 3667 spiciehatur:
351 3584 512 3670 plenaque
534 3584 662 3664 omnia,
680 3585 764 3648 inter
781 3582 926 3647 infensos
943 3597 978 3647 et
993 3592 1152 3671 snspmi

114 3681 301 3747 diffidentie
317 3700 349 3748 et
367 3684 487 3749 irarum
508 3701 610 3749 erant.

159 3785 216 3849 XI
219 3786 274 3850 IX.
288 3787 392 3874 Igitur
408 3788 591 3851 Demetrius
601 3809 743 3873 ‚‚qunm
758 3783 906 3849 sublato
898 3806 933 3847 m
946 3774 1152 3872 Syriam,

114 3887 211 3949 rebus
231 3888 362 3976 AEgypti
383 3911 441 3973 per
462 3889 629 3953 intestinas
653 3886 828 3951 discordias
848 3883 1013 3966 invalidis,
1033 3878 1152 3949 otoni!⁰

114 3989 259 4074 periculo
281 4005 467 4077 exemptum
487 4011 555 4054 esse
571 3988 763 4070 crederet,
755 4012 790 4052 ιιι
807 3987 979 4076 segnitiem
996 3974 1152 4076 paritud-

149 4242 279 4307 §ntvn
294 4243 372 4291 siae.
386 4243 402 4291 1.
416 4245 485 4300 ιιιιι,
495 4260 519 4308 p.
529 4246 588 4303 676.
601 4272 636 4281 -
645 4244 751 4308 Appen.
763 4244 855 4309 syrae.
867 4224 1151 4307 -ιοκρι-Ιιρῑ

115 4328 141 4381 1,
155 4341 193 4372 rr.
210 4328 305 4375 -1.n·.
319 4326 385 4389 Epit.
396 4353 431 4361 -
441 4326 544 4390 Ioseph.
556 4338 641 4375 contu
655 4328 792 4391 Apionern‚
805 4325 847 4374 lib.
857 4310 1149 4389 11.-Dtoil.·pudffl

113 4407 179 4455 Idem
199 4410 265 4473 apud
286 4409 424 4456 Eusebium.
443 4436 478 4446 -
495 4411 586 4459 Jnstin.
606 4412 759 4469 XXXVIII,
778 4411 803 4459 8.
819 4436 853 4448 ·-·
869 4408 887 4477 S
904 4410 1022 4457 mm.
1033 4402 1151 4455 dull-¹*

116 4491 215 4538 Illodor.
