2594 4980
285 668 339 735 IN
369 666 483 735 LOC.
511 667 604 733 mu.
631 669 760 735 LXIX
791 669 1016 739 LIVIANI.
1111 666 1179 739 583

166 788 239 850 XX.
264 788 413 851 Profecto
436 789 471 850 C.
495 786 635 866 Marius,
658 804 695 850 ut
716 787 884 874 plebiscito
906 786 1175 874 comprehensum

123 905 207 968 erat,
225 911 307 975 aqua
327 904 359 952 ct
378 888 444 978 igni
463 888 638 952 interdixit.
661 890 703 952 At
719 888 892 976 Apuleius,
913 888 988 952 licet
1003 888 1088 951 cirili
1107 912 1178 953 cer·

123 990 242 1053 tamine
255 990 375 1070 victor,
391 989 479 1055 haud
491 989 573 1054 adeo
587 991 688 1055 multa
706 1013 745 1054 ex
761 989 885 1079 legibus
898 991 965 1053 suis
979 990 1079 1078 egisse
1094 989 1181 1055 ride·

124 1107 193 1171 tur,
213 1106 357 1179 tempore
374 1093 540 1173 exclusus,
558 1108 590 1156 et
606 1091 766 1180 abrogatis
785 1107 860 1179 post
875 1112 987 1154 necem
1005 1089 1091 1170 ejus,
1108 1112 1180 1177 quie

123 1192 255 1273 tulerat,
271 1194 427 1281 plurimis.
448 1197 553 1258 Unam
568 1217 645 1258 sane
664 1217 703 1258 eo
719 1216 806 1258 anno
822 1192 995 1259 deductam
1013 1195 1048 1255 in
1065 1193 1183 1263 Gallias

124 1293 282 1357 coloniam
306 1295 436 1359 invenio
456 1295 669 1383 Eporediam,
693 1296 727 1359 in
749 1295 990 1384 Vagiennorum
1009 1315 1104 1381 agro:
1125 1292 1191 1359 scd»

124 1416 163 1458 ne
180 1395 213 1458 id
229 1396 361 1483 quidem
379 1397 536 1485 oppidum
555 1398 591 1461 L.
611 1396 749 1486 Apuleio
769 1396 928 1484 originem
951 1393 1068 1458 debere
1086 1415 1182 1483 argu·

124 1512 235 1560 mento
261 1513 331 1578 est,
359 1499 448 1585 quod
470 1523 513 1562 cx
537 1500 622 1563 libris
644 1498 794 1582 sibylb'm's
819 1496 978 1561 condition
999 1494 1181 1559 affirmant:

123 1621 232 1661 nomen
256 1600 329 1663 mdc
350 1602 481 1680 datm,
503 1600 591 1688 quod
612 1600 783 1688 Eporedias
808 1596 1014 1663 Gallicanos
1034 1618 1184 1684 equorum

123 1698 287 1762 domitores
304 1712 473 1780 vocarent,
493 1701 684 1789 accepimus.

166 1801 256 1864 XXI.
280 1802 328 1865 Ita
346 1825 413 1866 non
434 1802 492 1866 diu
514 1803 636 1867 laetatus
655 1815 816 1889 proventu
835 1801 991 1864 scelerum
1014 1799 1183 1886 Apuleius,

124 1899 210 1986 ipso,
226 1903 319 1982 cujus
334 1904 366 1967 in
383 1905 516 1992 gratiam
531 1919 596 1968 tarn
612 1904 713 1967 multa
727 1917 928 1989 peccaverat,
946 1902 983 1965 C.
998 1900 1102 1964 llIario
1116 1899 1185 1964 rin·

123 2000 210 2084 dice,
234 2026 344 2091 poenas
365 2004 465 2070 dedit.
489 2004 646 2089 Quotidie
668 2005 754 2068 enim
774 2002 984 2077 insolentior,
1007 2023 1048 2064 ne
1065 2000 1185 2075 amicos

123 2103 254 2189 quidem
276 2106 342 2185 jam
364 2107 571 2195 respiciebat:
597 2105 739 2193 denique
763 2102 903 2168 Glauciae
925 2101 1053 2191 praetori
1074 2100 1184 2165 sellam

124 2205 299 2287 conscidit,
316 2207 425 2295 quod,
445 2230 479 2273 se
495 2208 726 2287 concionante,
739 2205 793 2286 jus
807 2204 918 2270 dicens
931 2204 1045 2292 populi
1061 2218 1184 2292 partem

123 2325 296 2372 avocasset.
316 2310 454 2374 Marium
479 2332 629 2398 quoque,
652 2332 713 2397 pro
736 2306 878 2396 praestito
897 2306 927 2370 ei
947 2307 1104 2393 obsequio
1126 2303 1184 2375 ad·

123 2406 269 2472 strictum
285 2409 326 2473 ad
343 2413 466 2493 omnia,
485 2436 557 2500 quas
578 2412 690 2493 vellet,
714 2426 820 2490 ratus,
838 2412 1017 2497 coeptorum
1035 2405 1186 2471 consilio·

122 2528 261 2595 rumque
274 2511 465 2598 impotentia
482 2513 626 2577 lassabat.
644 2515 752 2599 Atque
768 2512 813 2590 is,
827 2531 931 2595 quum
944 2506 1021 2570 hinc
1037 2522 1183 2585 senatus,

123 2606 198 2670 iude
217 2609 319 2694 plebis
342 2611 447 2674 studia
463 2614 730 2697 voluntatemque
748 2624 923 2697 spectaret,
940 2607 1107 2671 sententia
1127 2604 1185 2671 diu

123 2729 257 2794 anceps,
275 2710 317 2773 ad
333 2727 513 2775 extremuni
530 2712 654 2776 lacinus
671 2712 748 2776 fecit
766 2710 861 2798 plane
879 2707 1032 2773 illiberale
1049 2723 1082 2771 et
1095 2723 1185 2772 vete·

124 2809 300 2890 ratorium,
326 2833 393 2897 quo
417 2813 517 2900 magis
537 2813 633 2875 etiam
654 2811 741 2875 inter
761 2833 796 2874 se
820 2808 982 2874 commisit
1006 2825 1185 2896 utrosque,

124 2905 241 2995 faxque
259 2925 291 2973 et
309 2912 457 2976 incentor
481 2912 693 3001 sanguinariae
712 2911 888 2991 seditioni,
907 2930 979 2998 quta
1003 2930 1079 2973 mox
1097 2909 1185 2973 inse·

125 3027 225 3095 quuta
242 3028 307 3094 est,
324 3011 461 3076 infidelis
477 3013 620 3092 amicus,
639 3033 746 3099 neque
760 3011 875 3076 melior
890 3011 984 3091 civis,
1002 3008 1131 3073 exstitit.

167 3112 274 3176 XXII.
299 3114 412 3196 Quum
429 3115 515 3177 etaim
533 3128 633 3177 noctu
651 3113 691 3176 ad
709 3134 784 3176 eum
803 3111 963 3200 principes
980 3110 1115 3174 civitatis
1128 3132 1184 3173 re·

125 3213 265 3295 nissent,
288 3231 325 3278 ut
342 3214 476 3303 perditis
496 3214 622 3304 Apuleii
640 3214 813 3278 conatibus
829 3212 957 3277 obviam
974 3211 1089 3276 consul
1107 3211 1183 3289 iret,

123 3330 283 3398 petentes,
303 3316 364 3381 illis
381 3316 626 3405 ignorantibus,
643 3315 821 3381 admissum
835 3313 899 3378 alio
916 3312 999 3377 ostio
1016 3311 1185 3377 tribunum

125 3415 157 3477 in
181 3415 304 3481 diversa
322 3417 438 3482 ωῶυηι
459 3435 549 3506 parte
571 3417 714 3506 opperiri
732 3416 838 3496 jussit.
862 3411 1009 3493 Deinde,
1034 3413 1185 3477 simulato

125 3514 185 3577 alvi
201 3515 379 3602 prollurio,
399 3519 562 3598 adhunc,
579 3541 692 3582 rursus
710 3517 752 3581 ad
775 3517 867 3597 illos,
885 3516 1000 3603 saepius
1021 3529 1185 3579 muscus*-

125 3637 217 3697 rens,
234 3640 335 3704 quum
356 3620 504 3707 utrisque
522 3620 661 3683 volentia
677 3618 914 3706 respondisset,
935 3616 980 3679 ita
993 3613 1131 3696 dimisit,
1148 3630 1186 3679 nt

125 3716 306 3800 cupidiores
325 3721 544 3785 contentionis
561 3720 710 3801 abirent,
733 3740 830 3806 quam
854 3732 1019 3781 verterent.
1040 3715 1186 3781 Saturni·

126 3839 205 3897 nus,
231 3840 297 3905 quo
317 3818 475 3885 destinata
496 3820 678 3910 perliceret,
705 3820 836 3885 tertium
858 3818 1059 3882 tribunatum
1084 3816 1185 3903 plebis

126 3919 271 4003 petebat,
288 3920 449 4007 producto
467 3925 580 4006 etiam,
598 3940 635 3986 ut
653 3923 754 4011 magis
770 3920 934 4009 popularis
951 3918 1134 3998 videretur,
1151 3917 1185 3983 in

126 4021 254 4084 comitia
275 4020 417 4109 quodam
439 4024 568 4111 Equitio
586 4024 729 4086 libertini
746 4020 887 4101 ordinis,
905 4020 969 4099 vel,
990 4035 1028 4081 ut
1045 4018 1097 4088 alii
1115 4039 1186 4080 cre·

127 4122 267 4205 debant,
289 4124 443 4211 fugitivo,
466 4124 522 4188 sed
539 4123 610 4211 qui,
630 4139 667 4187 ut
685 4120 909 4210 praediximus,
928 4119 977 4181 Ti.
1000 4117 1184 4197 Gracchum

126 4242 249 4311 patrem
263 4224 490 4289 mentiebatur.

162 4407 264 4471 §XXI
290 4411 358 4453 duct.
375 4404 406 4451 de
417 4404 469 4451 Vir.
484 4404 519 4451 ill.
532 4420 585 4467 cap.
601 4400 825 4463 73.—l³lutarcb.
849 4428 855 4435 ·
882 4398 976 4463 Appian
1022 4364 1035 4389 κ
