2594 4980
148 685 218 767 384
320 685 385 750 JO.
414 680 760 750 FREINSHEMII
791 680 1037 749 SUPPLEM.

146 826 239 869 mens
266 820 356 868 erat:
381 805 468 866 solus
494 817 526 866 et
548 802 681 867 inermIs
702 801 809 890 perire
835 801 993 883 malebat,
1015 824 1116 891 quam
1143 827 1227 871 cum

146 907 293 995 periculo
311 922 341 968 et
355 904 445 967 clade
456 903 574 966 civium
594 904 733 968 vincere.
751 901 813 967 Sed
828 904 900 966 Ioro
917 902 1100 992 digrediens
1115 929 1227 994 quum

148 1008 232 1072 forte
259 1022 374 1094 praeter
400 1022 538 1068 statuam
561 1005 660 1092 patris
684 1004 735 1067 via
759 1003 910 1085 duceret,
935 1005 1060 1071 dintule
1084 1007 1225 1074 adeam

148 1109 292 1174 substitit
307 1131 315 1188 ;
336 1109 489 1193 nullaque
512 1130 591 1169 voce
614 1105 718 1187 edita,
735 1121 863 1170 tantum
879 1105 1028 1194 lacrymis
1044 1125 1077 1172 et
1095 1111 1225 1199 gemitu

149 1211 456 1299 prorumpentibus,
475 1208 629 1272 discessit.

193 1312 302 1375 XXII.
329 1309 367 1372 Id
390 1327 600 1397 conspectum
625 1308 837 1374 incitamento
856 1308 966 1383 multis
986 1309 1066 1390 fuit,
1087 1324 1126 1373 ut
1151 1311 1226 1375 sine

150 1435 280 1478 summo
293 1434 354 1474 suo
367 1412 485 1473 scelere
500 1411 602 1475 deseri
616 1433 711 1498 posse
725 1427 898 1499 negantes,
911 1410 1047 1476 domum
1061 1412 1130 1492 ejus
1142 1434 1227 1477 oon·

148 1513 339 1591 tenderent,
356 1535 497 1599 eumque
512 1512 590 1575 actis
605 1527 672 1575 tota
687 1527 782 1577 nocte
797 1512 939 1575 excubiis
951 1512 1165 1577 custodirent
1181 1514 1226 1578 Et

146 1615 182 1678 hi
203 1613 334 1701 quidem
360 1614 555 1699 ceteroquin
580 1613 703 1700 quieti,
719 1635 816 1677 suum
833 1635 870 1677 ac
888 1613 1072 1700 reipublice
1088 1631 1223 1703 tempus

150 1732 259 1779 mente
276 1715 409 1778 sollicita
423 1713 650 1805 metiebantur.
668 1715 717 1778 Ad
733 1714 915 1777 Flaccianas
928 1714 1012 1779 aedes
1024 1737 1090 1778 non
1105 1717 1223 1781 eadem

151 1816 307 1881 modestia
325 1831 410 1895 emt,
428 1838 530 1901 quum
557 1817 626 1903 ipse
650 1816 736 1879 inter
759 1816 880 1904 primos
903 1816 1006 1879 multo
1031 1839 1122 1880 mero
1148 1818 1223 1883 ine·

144 1921 290 2001 briatus,
311 1920 464 2006 pleraque
486 1935 602 2005 praeter
624 1934 749 1984 aetatem
771 1917 925 1982 indecore
942 1919 1076 1997 jactaret
1092 1934 1222 2008 ageret·

147 2044 232 2110 que,
250 2038 283 2084 et
301 2020 395 2083 ducis
420 2021 568 2107 exemplo
590 2020 687 2083 factio
703 2042 742 2083 ex
762 2021 839 2083 l'aece
858 2019 959 2107 plebis
975 2019 1126 2097 collecta,
1142 2042 1221 2085 cum

145 2124 257 2185 multis
275 2123 307 2184 in
328 2123 486 2208 primores
504 2121 636 2184 I‘atrum
650 2121 759 2185 liberis
777 2120 891 2197 dictis,
912 2118 1071 2207 usquead
1090 2120 1222 2187 dilucu-

145 2225 214 2288 lum
233 2224 310 2285 vino
330 2246 367 2285 ac
384 2222 581 2286 clamoribus
597 2223 707 2286 omma
725 2223 896 2311 replerent.

191 2324 315 2387 XXIII.
340 2323 426 2386 Luce
449 2340 519 2386 orta
541 2323 587 2386 M.
602 2323 736 2386 Fulvius
756 2347 839 2411 aegre
864 2347 881 2387 a
903 2346 1021 2388 somno
1041 2325 1220 2409 excitatus,

145 2426 256 2513 spoliis
271 2425 408 2512 gallicis,
427 2447 498 2509 quae
514 2422 604 2487 domi
619 2446 638 2486 a
652 2424 821 2511 triumpho
836 2424 992 2506 habebat,
1004 2442 1107 2489 armat
1125 2448 1220 2508 suos,

147 2543 179 2590 et
198 2524 238 2587 ad
251 2525 366 2587 collem
383 2525 581 2587 Aventinum
595 2524 822 2612 occupandum
838 2525 1061 2613 proficiscitur.
1072 2529 1222 2592 Armavit

146 2644 179 2691 et
195 2626 291 2690 Caius
307 2625 477 2703 familiam,
493 2626 560 2712 ipse
572 2626 703 2688 brevem
718 2626 895 2713 pugionem
912 2629 1066 2712 sumpsit,
1084 2629 1220 2694 inermis

146 2746 273 2809 caetera,
290 2744 483 2814 rogatusque
508 2743 661 2811 tanquam
681 2724 722 2788 ad
745 2725 907 2788 forensem
932 2726 1092 2791 actionem
1118 2731 1219 2794 exitit

144 2831 255 2895 dom0.
283 2829 332 2891 Ibi
359 2829 479 2906 conjux
504 2827 645 2890 occurrit
670 2827 811 2905 Licinia,
830 2849 961 2912 unaque
988 2850 1086 2891 manu
1112 2827 1218 2895 lilium

146 2953 373 3009 connnnnem,
392 2930 488 2991 altera
503 2928 608 2990 virum
626 2943 759 2992 tenens:
780 2958 792 2980 a
805 2928 882 3007 Quo
895 2927 978 3007 ruis,
993 2927 1117 3015 inquit,
1137 2932 1220 2996 Cal?

143 3066 155 3089 ιι
174 3058 241 3096 non
270 3032 311 3094 ad
337 3047 439 3093 rostra
465 3046 511 3102 te,
531 3044 568 3091 ut
593 3028 688 3108 olim,
712 3028 842 3092 dimitto
866 3028 1081 3115 legislatorem
1106 3054 1218 3097 sacro·

143 3168 155 3190 «
173 3150 282 3198 sancta
305 3147 464 3218 potestate
491 3129 680 3216 praeditum,
703 3152 890 3215 quanquam
911 3148 942 3193 et
967 3131 1034 3193 lraec
1059 3132 1092 3193 in
1116 3132 1219 3199 fratre

141 3267 153 3290 κ
173 3252 232 3299 tuo
250 3233 366 3294 violata
386 3246 450 3292 est:
478 3252 518 3291 ne
535 3228 687 3292 adversus
707 3230 834 3292 hostem
853 3231 984 3317 quidem
1004 3232 1218 3300 dimicaturus

143 3368 155 3391 a
174 3333 354 3423 egrederis,
369 3347 406 3392 ut
422 3330 448 3391 si
466 3327 545 3415 quid
561 3330 752 3393 humanitus
765 3332 968 3421 contigisset,
981 3334 1106 3397 luctum
1122 3335 1218 3421 liceat

141 3468 153 3490 «
170 3433 341 3499 consolari.

187 3534 308 3597 XXIV.
328 3532 572 3595 uAcerbissimis
585 3533 725 3597 inimicis
740 3536 938 3624 Semproniae
950 3536 1079 3620 domus,
1089 3538 1215 3605 Tiberii

140 3669 152 3693 a
172 3634 309 3698 Gracchi
342 3632 602 3696 interfectoribus
633 3650 731 3698 temet
756 3636 890 3719 objicis,
921 3638 1047 3702 nudum
1077 3641 1213 3727 quidem

141 3753 272 3816 «recte,
292 3759 366 3798 nam
387 3736 420 3798 in
448 3736 595 3799 civilibus
613 3736 782 3801 discordiis
801 3741 924 3828 perire,
942 3764 1038 3828 quam
1056 3742 1214 3829 perdere,

142 3874 153 3897 t
172 3841 241 3903 viro
257 3840 347 3901 bono
363 3839 630 3902 conrenientius:
648 3836 704 3902 sed
721 3840 754 3902 in
772 3842 898 3904 nullum
913 3843 1023 3928 patriae
1037 3865 1134 3907 usum
1152 3842 1213 3921 deq

140 3943 269 4004 «bitum
293 3939 337 4000 illi
362 3939 459 4000 vitam
482 3941 651 4027 profusum
676 3940 742 4020 ire,
761 3964 835 4003 cum
860 3944 947 4005 nulla
971 3943 1069 4008 oflicii
1094 3944 1211 4023 lande,

140 4075 152 4100 κ
169 4045 291 4107 crimen
312 4039 409 4101 habet
428 4041 622 4104 temeritatis.
648 4040 720 4104 Non
743 4063 776 4103 es
794 4044 920 4107 nescius
936 4066 1071 4131 regnare
1088 4044 1154 4107 vitu
1174 4046 1214 4133 in

139 4177 151 4199 a
169 4142 466 4222 f01·oetcomitiis;
487 4142 592 4223 ferro,
611 4165 679 4205 non
695 4143 785 4225 jure,
802 4146 1035 4209 controversias
1053 4147 1191 4235 transigi
1199 4130 1216 4229 ’ς

175 4351 275 4416 §XXL
294 4355 367 4400 Auct.
383 4352 412 4397 de
425 4350 477 4394 Vir.
491 4350 525 4396 ill.
539 4375 573 4386 -
589 4352 697 4416 Appiam
716 4377 752 4389 —
766 4352 830 4401 Plus.
848 4380 883 4390 -
898 4353 915 4417 s
933 4356 1028 4403 xxttt
1048 4357 1156 4418 Appius.
1172 4381 1211 4393 .-

139 4441 216 4489 Αυῡί.
227 4437 316 4484 chir.
325 4436 360 4483 ill.
376 4461 410 4469 --
425 4434 486 4480 I'lut.
