<?xml version="1.0" encoding="UTF-8"?>
<!DOCTYPE html PUBLIC "-//W3C//DTD XHTML 1.0 Transitional//EN"
    "http://www.w3.org/TR/xhtml1/DTD/xhtml1-transitional.dtd">
<html xmlns="http://www.w3.org/1999/xhtml" xml:lang="en" lang="en">
 <head>
  <title>
</title>
<meta http-equiv="Content-Type" content="text/html;charset=utf-8" />
  <meta name='ocr-system' content='tesseract 3.04.00' />
  <meta name='ocr-capabilities' content='ocr_page ocr_carea ocr_par ocr_line ocrx_word'/>
</head>
<body>
  <div class='ocr_page' id='page_1' title='image "./titusliviuspata00freigoog_0037.png"; bbox 0 0 2594 4980; ppageno 0'>
   <div class='ocr_carea' id='block_1_1' title="bbox 175 703 1247 4373">
    <p class='ocr_par' dir='ltr' id='par_1_1' title="bbox 186 703 1067 784">
     <span class='ocr_line' id='line_1_1' title="bbox 186 703 1067 784; baseline 0.003 -15"><span class='ocrx_word' id='word_1_1' title='bbox 186 703 232 784; x_wconf 73' lang='lat' dir='ltr'><strong>da</strong></span> <span class='ocrx_word' id='word_1_2' title='bbox 354 704 422 770; x_wconf 87' lang='lat' dir='ltr'><strong>JO.</strong></span> <span class='ocrx_word' id='word_1_3' title='bbox 448 706 474 770; x_wconf 89' lang='lat' dir='ltr'>F</span> <span class='ocrx_word' id='word_1_4' title='bbox 480 703 789 772; x_wconf 87' lang='lat' dir='ltr'><strong>REINSHEMII</strong></span> <span class='ocrx_word' id='word_1_5' title='bbox 819 706 1067 774; x_wconf 88' lang='lat' dir='ltr'><strong>SUPPLEM.</strong></span> 
     </span>
    </p>

    <p class='ocr_par' dir='ltr' id='par_1_2' title="bbox 182 823 1246 1613">
     <span class='ocr_line' id='line_1_2' title="bbox 184 823 1246 910; baseline 0.004 -24"><span class='ocrx_word' id='word_1_6' title='bbox 184 823 298 886; x_wconf 89' lang='lat' dir='ltr'><strong>consul</strong></span> <span class='ocrx_word' id='word_1_7' title='bbox 309 823 434 904; x_wconf 86' lang='lat' dir='ltr'><strong>jussus,</strong></span> <span class='ocrx_word' id='word_1_8' title='bbox 444 823 477 885; x_wconf 93' lang='lat' dir='ltr'><strong>in</strong></span> <span class='ocrx_word' id='word_1_9' title='bbox 492 844 569 910; x_wconf 87' lang='lat' dir='ltr'><strong>agro</strong></span> <span class='ocrx_word' id='word_1_10' title='bbox 585 823 768 910; x_wconf 90' lang='lat' dir='ltr'><strong>placentino</strong></span> <span class='ocrx_word' id='word_1_11' title='bbox 784 823 870 890; x_wconf 91' lang='lat' dir='ltr'><strong>diem</strong></span> <span class='ocrx_word' id='word_1_12' title='bbox 882 824 980 890; x_wconf 92' lang='lat' dir='ltr'><strong>edicit</strong></span> <span class='ocrx_word' id='word_1_13' title='bbox 988 823 1246 890; x_wconf 77' lang='lat' dir='ltr'><strong>militibuszinde</strong></span> 
     </span>
     <span class='ocr_line' id='line_1_3' title="bbox 184 924 1244 1015; baseline 0.003 -28"><span class='ocrx_word' id='word_1_14' title='bbox 184 946 244 1013; x_wconf 85' lang='lat' dir='ltr'><strong>per</strong></span> <span class='ocrx_word' id='word_1_15' title='bbox 262 928 468 1012; x_wconf 83' lang='lat' dir='ltr'><strong>Apenninum</strong></span> <span class='ocrx_word' id='word_1_16' title='bbox 490 924 580 988; x_wconf 91' lang='lat' dir='ltr'><strong>ducit</strong></span> <span class='ocrx_word' id='word_1_17' title='bbox 604 925 637 988; x_wconf 91' lang='lat' dir='ltr'><strong>in</strong></span> <span class='ocrx_word' id='word_1_18' title='bbox 665 926 828 1014; x_wconf 83' lang='lat' dir='ltr'><strong>Oxybios‚</strong></span> <span class='ocrx_word' id='word_1_19' title='bbox 849 927 1027 1015; x_wconf 80' lang='lat' dir='ltr'>castrisque</span> <span class='ocrx_word' id='word_1_20' title='bbox 1052 926 1093 991; x_wconf 92' lang='lat' dir='ltr'><strong>ad</strong></span> <span class='ocrx_word' id='word_1_21' title='bbox 1117 949 1244 991; x_wconf 86' lang='lat' dir='ltr'><strong>amnem</strong></span> 
     </span>
     <span class='ocr_line' id='line_1_4' title="bbox 183 1025 1245 1115; baseline 0.002 -25"><span class='ocrx_word' id='word_1_22' title='bbox 183 1027 349 1112; x_wconf 84' lang='lat' dir='ltr'><strong>Apronem</strong></span> <span class='ocrx_word' id='word_1_23' title='bbox 362 1027 491 1114; x_wconf 88' lang='lat' dir='ltr'><strong>positis,</strong></span> <span class='ocrx_word' id='word_1_24' title='bbox 511 1025 686 1090; x_wconf 82' lang='lat' dir='ltr'><strong>adventum</strong></span> <span class='ocrx_word' id='word_1_25' title='bbox 699 1028 843 1092; x_wconf 89' lang='lat' dir='ltr'><strong>hostium</strong></span> <span class='ocrx_word' id='word_1_26' title='bbox 856 1043 1040 1115; x_wconf 71' lang='lat' dir='ltr'><strong>exspectat,</strong></span> <span class='ocrx_word' id='word_1_27' title='bbox 1052 1050 1245 1092; x_wconf 88' lang='lat' dir='ltr'><strong>concurrere</strong></span> 
     </span>
     <span class='ocr_line' id='line_1_5' title="bbox 184 1128 1244 1211; baseline 0 -19"><span class='ocrx_word' id='word_1_28' title='bbox 184 1129 271 1192; x_wconf 88' lang='lat' dir='ltr'><strong>enim</strong></span> <span class='ocrx_word' id='word_1_29' title='bbox 283 1129 370 1208; x_wconf 90' lang='lat' dir='ltr'><strong>illos,</strong></span> <span class='ocrx_word' id='word_1_30' title='bbox 382 1145 412 1190; x_wconf 89' lang='lat' dir='ltr'><strong>et</strong></span> <span class='ocrx_word' id='word_1_31' title='bbox 423 1128 552 1191; x_wconf 83' lang='lat' dir='ltr'><strong>obviarit</strong></span> <span class='ocrx_word' id='word_1_32' title='bbox 565 1129 718 1192; x_wconf 86' lang='lat' dir='ltr'><strong>Romanis</strong></span> <span class='ocrx_word' id='word_1_33' title='bbox 728 1130 848 1211; x_wconf 88' lang='lat' dir='ltr'><strong>ituros,</strong></span> <span class='ocrx_word' id='word_1_34' title='bbox 862 1131 945 1193; x_wconf 85' lang='lat' dir='ltr'><strong>lama</strong></span> <span class='ocrx_word' id='word_1_35' title='bbox 961 1131 1086 1194; x_wconf 88' lang='lat' dir='ltr'><strong>tulerat.</strong></span> <span class='ocrx_word' id='word_1_36' title='bbox 1102 1129 1244 1210; x_wconf 82' lang='lat' dir='ltr'><strong>Deinde,</strong></span> 
     </span>
     <span class='ocr_line' id='line_1_6' title="bbox 182 1228 1245 1320; baseline 0.002 -29"><span class='ocrx_word' id='word_1_37' title='bbox 182 1229 239 1291; x_wconf 90' lang='lat' dir='ltr'><strong>ubi</strong></span> <span class='ocrx_word' id='word_1_38' title='bbox 257 1252 323 1292; x_wconf 88' lang='lat' dir='ltr'><strong>rem</strong></span> <span class='ocrx_word' id='word_1_39' title='bbox 338 1228 460 1293; x_wconf 85' lang='lat' dir='ltr'><strong>diutius</strong></span> <span class='ocrx_word' id='word_1_40' title='bbox 475 1229 558 1293; x_wconf 85' lang='lat' dir='ltr'><strong>trahi</strong></span> <span class='ocrx_word' id='word_1_41' title='bbox 571 1228 673 1312; x_wconf 89' lang='lat' dir='ltr'><strong>videt,</strong></span> <span class='ocrx_word' id='word_1_42' title='bbox 688 1232 784 1295; x_wconf 89' lang='lat' dir='ltr'><strong>motis</strong></span> <span class='ocrx_word' id='word_1_43' title='bbox 797 1232 838 1295; x_wconf 91' lang='lat' dir='ltr'><strong>ab</strong></span> <span class='ocrx_word' id='word_1_44' title='bbox 849 1233 980 1320; x_wconf 87' lang='lat' dir='ltr'><strong>Aprone</strong></span> <span class='ocrx_word' id='word_1_45' title='bbox 996 1232 1127 1312; x_wconf 87' lang='lat' dir='ltr'><strong>castris,</strong></span> <span class='ocrx_word' id='word_1_46' title='bbox 1141 1231 1245 1318; x_wconf 85' lang='lat' dir='ltr'><strong>AEgit-</strong></span> 
     </span>
     <span class='ocr_line' id='line_1_7' title="bbox 182 1330 1245 1427; baseline 0.005 -35"><span class='ocrx_word' id='word_1_47' title='bbox 182 1352 258 1392; x_wconf 90' lang='lat' dir='ltr'><strong>nam</strong></span> <span class='ocrx_word' id='word_1_48' title='bbox 274 1330 460 1412; x_wconf 77' lang='lat' dir='ltr'><strong>contendit,</strong></span> <span class='ocrx_word' id='word_1_49' title='bbox 477 1347 509 1396; x_wconf 89' lang='lat' dir='ltr'><strong>et</strong></span> <span class='ocrx_word' id='word_1_50' title='bbox 522 1331 603 1395; x_wconf 90' lang='lat' dir='ltr'><strong>urbe</strong></span> <span class='ocrx_word' id='word_1_51' title='bbox 622 1355 680 1419; x_wconf 87' lang='lat' dir='ltr'><strong>per</strong></span> <span class='ocrx_word' id='word_1_52' title='bbox 697 1333 760 1397; x_wconf 87' lang='lat' dir='ltr'><strong>vim</strong></span> <span class='ocrx_word' id='word_1_53' title='bbox 777 1335 917 1427; x_wconf 87' lang='lat' dir='ltr'><strong>potitus,</strong></span> <span class='ocrx_word' id='word_1_54' title='bbox 931 1333 1082 1398; x_wconf 89' lang='lat' dir='ltr'><strong>homines</strong></span> <span class='ocrx_word' id='word_1_55' title='bbox 1099 1335 1133 1397; x_wconf 93' lang='lat' dir='ltr'><strong>in</strong></span> <span class='ocrx_word' id='word_1_56' title='bbox 1147 1333 1245 1398; x_wconf 80' lang='lat' dir='ltr'><strong>serti·</strong></span> 
     </span>
     <span class='ocr_line' id='line_1_8' title="bbox 182 1432 1246 1525; baseline 0.004 -30"><span class='ocrx_word' id='word_1_57' title='bbox 182 1447 285 1496; x_wconf 87' lang='lat' dir='ltr'><strong>tutem</strong></span> <span class='ocrx_word' id='word_1_58' title='bbox 298 1432 431 1521; x_wconf 83' lang='lat' dir='ltr'><strong>redigit,</strong></span> <span class='ocrx_word' id='word_1_59' title='bbox 443 1449 591 1498; x_wconf 82' lang='lat' dir='ltr'><strong>auctores</strong></span> <span class='ocrx_word' id='word_1_60' title='bbox 603 1434 758 1500; x_wconf 81' lang='lat' dir='ltr'><strong>violandae</strong></span> <span class='ocrx_word' id='word_1_61' title='bbox 770 1437 939 1525; x_wconf 78' lang='lat' dir='ltr'><strong>legationis</strong></span> <span class='ocrx_word' id='word_1_62' title='bbox 952 1437 1077 1500; x_wconf 86' lang='lat' dir='ltr'><strong>vinctos</strong></span> <span class='ocrx_word' id='word_1_63' title='bbox 1094 1435 1171 1501; x_wconf 92' lang='lat' dir='ltr'><strong>duci</strong></span> <span class='ocrx_word' id='word_1_64' title='bbox 1184 1437 1246 1499; x_wconf 81' lang='lat' dir='ltr'><strong>Ro·</strong></span> 
     </span>
     <span class='ocr_line' id='line_1_9' title="bbox 182 1535 387 1613; baseline 0.01 -16"><span class='ocrx_word' id='word_1_65' title='bbox 182 1556 268 1597; x_wconf 88' lang='lat' dir='ltr'><strong>mam</strong></span> <span class='ocrx_word' id='word_1_66' title='bbox 284 1535 387 1613; x_wconf 84' lang='lat' dir='ltr'><strong>jubet.</strong></span> 
     </span>
    </p>

    <p class='ocr_par' dir='ltr' id='par_1_3' title="bbox 175 1637 1247 3960">
     <span class='ocr_line' id='line_1_10' title="bbox 224 1637 1247 1727; baseline 0.003 -27"><span class='ocrx_word' id='word_1_67' title='bbox 224 1638 347 1702; x_wconf 82' lang='lat' dir='ltr'><strong>XXXl.</strong></span> <span class='ocrx_word' id='word_1_68' title='bbox 361 1638 418 1700; x_wconf 83' lang='lat' dir='ltr'><strong>llis</strong></span> <span class='ocrx_word' id='word_1_69' title='bbox 431 1637 474 1700; x_wconf 87' lang='lat' dir='ltr'><strong>ita</strong></span> <span class='ocrx_word' id='word_1_70' title='bbox 486 1638 600 1727; x_wconf 89' lang='lat' dir='ltr'><strong>gestis,</strong></span> <span class='ocrx_word' id='word_1_71' title='bbox 612 1637 699 1702; x_wconf 86' lang='lat' dir='ltr'><strong>hosti</strong></span> <span class='ocrx_word' id='word_1_72' title='bbox 712 1637 859 1727; x_wconf 82' lang='lat' dir='ltr'><strong>procedit</strong></span> <span class='ocrx_word' id='word_1_73' title='bbox 871 1639 1017 1719; x_wconf 86' lang='lat' dir='ltr'><strong>obviam,</strong></span> <span class='ocrx_word' id='word_1_74' title='bbox 1032 1639 1090 1703; x_wconf 93' lang='lat' dir='ltr'><strong>ubi</strong></span> <span class='ocrx_word' id='word_1_75' title='bbox 1103 1637 1247 1725; x_wconf 80' lang='lat' dir='ltr'><strong>Oxybio·</strong></span> 
     </span>
     <span class='ocr_line' id='line_1_11' title="bbox 178 1739 1246 1829; baseline -0.001 -26"><span class='ocrx_word' id='word_1_76' title='bbox 178 1763 252 1803; x_wconf 90' lang='lat' dir='ltr'><strong>rum</strong></span> <span class='ocrx_word' id='word_1_77' title='bbox 263 1741 469 1821; x_wconf 82' lang='lat' dir='ltr'><strong>juventutem</strong></span> <span class='ocrx_word' id='word_1_78' title='bbox 484 1739 667 1804; x_wconf 82' lang='lat' dir='ltr'><strong>consedisse</strong></span> <span class='ocrx_word' id='word_1_79' title='bbox 678 1757 854 1829; x_wconf 86' lang='lat' dir='ltr'><strong>acceperat.</strong></span> <span class='ocrx_word' id='word_1_80' title='bbox 871 1740 921 1803; x_wconf 92' lang='lat' dir='ltr'><strong>llli</strong></span> <span class='ocrx_word' id='word_1_81' title='bbox 933 1740 999 1820; x_wconf 89' lang='lat' dir='ltr'><strong>jam</strong></span> <span class='ocrx_word' id='word_1_82' title='bbox 1015 1739 1057 1804; x_wconf 88' lang='lat' dir='ltr'><strong>ad</strong></span> <span class='ocrx_word' id='word_1_83' title='bbox 1073 1739 1246 1802; x_wconf 85' lang='lat' dir='ltr'><strong>homiuum</strong></span> 
     </span>
     <span class='ocr_line' id='line_1_12' title="bbox 180 1839 1246 1929; baseline -0.003 -24"><span class='ocrx_word' id='word_1_84' title='bbox 180 1842 279 1905; x_wconf 89' lang='lat' dir='ltr'><strong>millia</strong></span> <span class='ocrx_word' id='word_1_85' title='bbox 296 1858 436 1929; x_wconf 90' lang='lat' dir='ltr'><strong>quatuor</strong></span> <span class='ocrx_word' id='word_1_86' title='bbox 451 1858 686 1922; x_wconf 83' lang='lat' dir='ltr'><strong>convenerant,</strong></span> <span class='ocrx_word' id='word_1_87' title='bbox 700 1842 848 1906; x_wconf 89' lang='lat' dir='ltr'><strong>nondum</strong></span> <span class='ocrx_word' id='word_1_88' title='bbox 864 1840 1023 1922; x_wconf 89' lang='lat' dir='ltr'><strong>adjunctis</strong></span> <span class='ocrx_word' id='word_1_89' title='bbox 1037 1839 1246 1921; x_wconf 84' lang='lat' dir='ltr'><strong>Deceatibus,</strong></span> 
     </span>
     <span class='ocr_line' id='line_1_13' title="bbox 178 1943 1246 2032; baseline 0.001 -26"><span class='ocrx_word' id='word_1_90' title='bbox 178 1965 335 2007; x_wconf 85' lang='lat' dir='ltr'><strong>numerus</strong></span> <span class='ocrx_word' id='word_1_91' title='bbox 353 1943 394 2007; x_wconf 86' lang='lat' dir='ltr'><strong>ad</strong></span> <span class='ocrx_word' id='word_1_92' title='bbox 413 1944 641 2009; x_wconf 90' lang='lat' dir='ltr'><strong>sustinendum</strong></span> <span class='ocrx_word' id='word_1_93' title='bbox 664 1944 867 2008; x_wconf 89' lang='lat' dir='ltr'><strong>consularem</strong></span> <span class='ocrx_word' id='word_1_94' title='bbox 886 1944 1064 2008; x_wconf 81' lang='lat' dir='ltr'><strong>exercitum</strong></span> <span class='ocrx_word' id='word_1_95' title='bbox 1088 1965 1246 2032; x_wconf 82' lang='lat' dir='ltr'><strong>perquam</strong></span> 
     </span>
     <span class='ocr_line' id='line_1_14' title="bbox 179 2044 1246 2134; baseline -0.001 -26"><span class='ocrx_word' id='word_1_96' title='bbox 179 2046 336 2132; x_wconf 83' lang='lat' dir='ltr'><strong>exiguus:</strong></span> <span class='ocrx_word' id='word_1_97' title='bbox 352 2044 408 2109; x_wconf 86' lang='lat' dir='ltr'><strong>sed</strong></span> <span class='ocrx_word' id='word_1_98' title='bbox 424 2045 621 2134; x_wconf 83' lang='lat' dir='ltr'><strong>desperatio,</strong></span> <span class='ocrx_word' id='word_1_99' title='bbox 635 2047 752 2134; x_wconf 88' lang='lat' dir='ltr'><strong>placari</strong></span> <span class='ocrx_word' id='word_1_100' title='bbox 766 2047 930 2110; x_wconf 89' lang='lat' dir='ltr'><strong>Romanos</strong></span> <span class='ocrx_word' id='word_1_101' title='bbox 948 2061 1022 2134; x_wconf 87' lang='lat' dir='ltr'><strong>post</strong></span> <span class='ocrx_word' id='word_1_102' title='bbox 1037 2044 1246 2109; x_wconf 88' lang='lat' dir='ltr'><strong>commissum</strong></span> 
     </span>
     <span class='ocr_line' id='line_1_15' title="bbox 179 2146 1247 2237; baseline 0 -27"><span class='ocrx_word' id='word_1_103' title='bbox 179 2147 213 2210; x_wconf 94' lang='lat' dir='ltr'><strong>in</strong></span> <span class='ocrx_word' id='word_1_104' title='bbox 233 2148 354 2236; x_wconf 89' lang='lat' dir='ltr'><strong>legatos</strong></span> <span class='ocrx_word' id='word_1_105' title='bbox 372 2148 496 2212; x_wconf 82' lang='lat' dir='ltr'><strong>facinus</strong></span> <span class='ocrx_word' id='word_1_106' title='bbox 513 2170 625 2235; x_wconf 87' lang='lat' dir='ltr'><strong>posse,</strong></span> <span class='ocrx_word' id='word_1_107' title='bbox 640 2149 674 2210; x_wconf 92' lang='lat' dir='ltr'><strong>in</strong></span> <span class='ocrx_word' id='word_1_108' title='bbox 692 2171 763 2212; x_wconf 91' lang='lat' dir='ltr'><strong>eam</strong></span> <span class='ocrx_word' id='word_1_109' title='bbox 780 2149 953 2213; x_wconf 85' lang='lat' dir='ltr'><strong>amentiam</strong></span> <span class='ocrx_word' id='word_1_110' title='bbox 970 2147 1120 2237; x_wconf 81' lang='lat' dir='ltr'><strong>adegerat</strong></span> <span class='ocrx_word' id='word_1_111' title='bbox 1132 2146 1247 2210; x_wconf 80' lang='lat' dir='ltr'><strong>effera·</strong></span> 
     </span>
     <span class='ocr_line' id='line_1_16' title="bbox 177 2248 1246 2336; baseline 0 -26"><span class='ocrx_word' id='word_1_112' title='bbox 177 2262 244 2328; x_wconf 91' lang='lat' dir='ltr'><strong>tos,</strong></span> <span class='ocrx_word' id='word_1_113' title='bbox 260 2266 314 2328; x_wconf 92' lang='lat' dir='ltr'><strong>ut,</strong></span> <span class='ocrx_word' id='word_1_114' title='bbox 327 2272 394 2312; x_wconf 89' lang='lat' dir='ltr'><strong>non</strong></span> <span class='ocrx_word' id='word_1_115' title='bbox 411 2266 594 2336; x_wconf 84' lang='lat' dir='ltr'><strong>exspectato</strong></span> <span class='ocrx_word' id='word_1_116' title='bbox 610 2250 773 2314; x_wconf 83' lang='lat' dir='ltr'><strong>sociorum</strong></span> <span class='ocrx_word' id='word_1_117' title='bbox 791 2249 930 2330; x_wconf 84' lang='lat' dir='ltr'><strong>auxilio,</strong></span> <span class='ocrx_word' id='word_1_118' title='bbox 948 2248 989 2313; x_wconf 89' lang='lat' dir='ltr'><strong>ad</strong></span> <span class='ocrx_word' id='word_1_119' title='bbox 1008 2269 1152 2336; x_wconf 87' lang='lat' dir='ltr'><strong>pugnam</strong></span> <span class='ocrx_word' id='word_1_120' title='bbox 1167 2269 1246 2311; x_wconf 88' lang='lat' dir='ltr'><strong>con·</strong></span> 
     </span>
     <span class='ocr_line' id='line_1_17' title="bbox 179 2349 1247 2438; baseline 0 -26"><span class='ocrx_word' id='word_1_121' title='bbox 179 2364 228 2412; x_wconf 91' lang='lat' dir='ltr'><strong>tra</strong></span> <span class='ocrx_word' id='word_1_122' title='bbox 240 2350 404 2413; x_wconf 85' lang='lat' dir='ltr'><strong>Romanos</strong></span> <span class='ocrx_word' id='word_1_123' title='bbox 416 2349 655 2438; x_wconf 85' lang='lat' dir='ltr'><strong>egrederentur.</strong></span> <span class='ocrx_word' id='word_1_124' title='bbox 669 2349 904 2437; x_wconf 65' lang='lat' dir='ltr'><strong>(jommovebat</strong></span> <span class='ocrx_word' id='word_1_125' title='bbox 917 2350 1085 2414; x_wconf 89' lang='lat' dir='ltr'><strong>consulem</strong></span> <span class='ocrx_word' id='word_1_126' title='bbox 1101 2349 1247 2412; x_wconf 84' lang='lat' dir='ltr'><strong>hostium</strong></span> 
     </span>
     <span class='ocr_line' id='line_1_18' title="bbox 178 2447 1246 2532; baseline -0.002 -19"><span class='ocrx_word' id='word_1_127' title='bbox 178 2450 327 2532; x_wconf 71' lang='lat' dir='ltr'><strong>audacia,</strong></span> <span class='ocrx_word' id='word_1_128' title='bbox 348 2450 404 2515; x_wconf 91' lang='lat' dir='ltr'><strong>sed</strong></span> <span class='ocrx_word' id='word_1_129' title='bbox 428 2452 516 2514; x_wconf 85' lang='lat' dir='ltr'><strong>nulla</strong></span> <span class='ocrx_word' id='word_1_130' title='bbox 534 2452 671 2515; x_wconf 89' lang='lat' dir='ltr'><strong>omnino</strong></span> <span class='ocrx_word' id='word_1_131' title='bbox 696 2452 821 2516; x_wconf 89' lang='lat' dir='ltr'><strong>ratione</strong></span> <span class='ocrx_word' id='word_1_132' title='bbox 842 2451 1054 2515; x_wconf 84' lang='lat' dir='ltr'><strong>temeritatem</strong></span> <span class='ocrx_word' id='word_1_133' title='bbox 1076 2449 1170 2512; x_wconf 84' lang='lat' dir='ltr'><strong>istam</strong></span> <span class='ocrx_word' id='word_1_134' title='bbox 1187 2447 1246 2513; x_wconf 91' lang='lat' dir='ltr'><strong>niti</strong></span> 
     </span>
     <span class='ocr_line' id='line_1_19' title="bbox 177 2548 1246 2641; baseline 0 -27"><span class='ocrx_word' id='word_1_135' title='bbox 177 2551 309 2632; x_wconf 83' lang='lat' dir='ltr'><strong>videns,</strong></span> <span class='ocrx_word' id='word_1_136' title='bbox 323 2569 361 2616; x_wconf 93' lang='lat' dir='ltr'><strong>ut</strong></span> <span class='ocrx_word' id='word_1_137' title='bbox 375 2555 447 2615; x_wconf 85' lang='lat' dir='ltr'><strong>erat</strong></span> <span class='ocrx_word' id='word_1_138' title='bbox 458 2554 507 2616; x_wconf 83' lang='lat' dir='ltr'><strong>vir</strong></span> <span class='ocrx_word' id='word_1_139' title='bbox 525 2553 670 2617; x_wconf 88' lang='lat' dir='ltr'><strong>militaris</strong></span> <span class='ocrx_word' id='word_1_140' title='bbox 686 2554 732 2618; x_wconf 89' lang='lat' dir='ltr'><strong>rei</strong></span> <span class='ocrx_word' id='word_1_141' title='bbox 749 2553 891 2641; x_wconf 89' lang='lat' dir='ltr'><strong>peritus,</strong></span> <span class='ocrx_word' id='word_1_142' title='bbox 906 2569 939 2616; x_wconf 89' lang='lat' dir='ltr'><strong>et</strong></span> <span class='ocrx_word' id='word_1_143' title='bbox 955 2552 1086 2640; x_wconf 90' lang='lat' dir='ltr'><strong>ingenio</strong></span> <span class='ocrx_word' id='word_1_144' title='bbox 1112 2548 1246 2615; x_wconf 89' lang='lat' dir='ltr'><strong>mirifice</strong></span> 
     </span>
     <span class='ocr_line' id='line_1_20' title="bbox 179 2652 1246 2742; baseline -0.002 -26"><span class='ocrx_word' id='word_1_145' title='bbox 179 2675 287 2742; x_wconf 87' lang='lat' dir='ltr'><strong>sagax,</strong></span> <span class='ocrx_word' id='word_1_146' title='bbox 302 2670 388 2717; x_wconf 89' lang='lat' dir='ltr'><strong>certa</strong></span> <span class='ocrx_word' id='word_1_147' title='bbox 404 2677 480 2717; x_wconf 90' lang='lat' dir='ltr'><strong>curn</strong></span> <span class='ocrx_word' id='word_1_148' title='bbox 497 2677 553 2742; x_wconf 90' lang='lat' dir='ltr'><strong>spe</strong></span> <span class='ocrx_word' id='word_1_149' title='bbox 569 2655 710 2718; x_wconf 84' lang='lat' dir='ltr'><strong>victoriae</strong></span> <span class='ocrx_word' id='word_1_150' title='bbox 724 2672 837 2719; x_wconf 81' lang='lat' dir='ltr'><strong>contra</strong></span> <span class='ocrx_word' id='word_1_151' title='bbox 855 2654 965 2719; x_wconf 87' lang='lat' dir='ltr'><strong>educit</strong></span> <span class='ocrx_word' id='word_1_152' title='bbox 979 2654 1080 2718; x_wconf 91' lang='lat' dir='ltr'><strong>aciem</strong></span> <span class='ocrx_word' id='word_1_153' title='bbox 1101 2652 1246 2717; x_wconf 86' lang='lat' dir='ltr'><strong>:cohor-</strong></span> 
     </span>
     <span class='ocr_line' id='line_1_21' title="bbox 178 2755 1247 2846; baseline -0.001 -28"><span class='ocrx_word' id='word_1_154' title='bbox 178 2770 329 2842; x_wconf 91' lang='lat' dir='ltr'><strong>tatusque</strong></span> <span class='ocrx_word' id='word_1_155' title='bbox 347 2777 407 2840; x_wconf 89' lang='lat' dir='ltr'><strong>pro</strong></span> <span class='ocrx_word' id='word_1_156' title='bbox 434 2771 580 2843; x_wconf 88' lang='lat' dir='ltr'><strong>tempore</strong></span> <span class='ocrx_word' id='word_1_157' title='bbox 606 2757 762 2838; x_wconf 89' lang='lat' dir='ltr'><strong>militem,</strong></span> <span class='ocrx_word' id='word_1_158' title='bbox 782 2759 865 2823; x_wconf 81' lang='lat' dir='ltr'><strong>lento</strong></span> <span class='ocrx_word' id='word_1_159' title='bbox 876 2779 977 2846; x_wconf 83' lang='lat' dir='ltr'><strong>passu</strong></span> <span class='ocrx_word' id='word_1_160' title='bbox 994 2757 1028 2818; x_wconf 87' lang='lat' dir='ltr'><strong>in</strong></span> <span class='ocrx_word' id='word_1_161' title='bbox 1043 2756 1161 2818; x_wconf 82' lang='lat' dir='ltr'><strong>hostem</strong></span> <span class='ocrx_word' id='word_1_162' title='bbox 1184 2755 1224 2817; x_wconf 83' lang='lat' dir='ltr'><strong>in·</strong></span> <span class='ocrx_word' id='word_1_163' title='bbox 1234 2777 1247 2832; x_wconf 88' lang='lat'><strong>,·</strong></span> 
     </span>
     <span class='ocr_line' id='line_1_22' title="bbox 176 2856 1247 2945; baseline -0.002 -25"><span class='ocrx_word' id='word_1_164' title='bbox 176 2856 306 2937; x_wconf 65' lang='lat' dir='ltr'><strong>decide,</strong></span> <span class='ocrx_word' id='word_1_165' title='bbox 320 2856 375 2919; x_wconf 83' lang='lat' dir='ltr'><strong>ubi</strong></span> <span class='ocrx_word' id='word_1_166' title='bbox 389 2860 525 2920; x_wconf 82' lang='lat' dir='ltr'><strong>cominus</strong></span> <span class='ocrx_word' id='word_1_167' title='bbox 541 2873 670 2920; x_wconf 80' lang='lat' dir='ltr'><strong>ventum</strong></span> <span class='ocrx_word' id='word_1_168' title='bbox 685 2872 778 2937; x_wconf 81' lang='lat' dir='ltr'><strong>esset,</strong></span> <span class='ocrx_word' id='word_1_169' title='bbox 799 2859 1161 2945; x_wconf 72' lang='lat' dir='ltr'><strong>acerrmm-impressiom</strong></span> <span class='ocrx_word' id='word_1_170' title='bbox 1178 2869 1247 2919; x_wconf 75' lang='lat' dir='ltr'><strong>tuc-</strong></span> 
     </span>
     <span class='ocr_line' id='line_1_23' title="bbox 176 2955 1246 3043; baseline 0.001 -23"><span class='ocrx_word' id='word_1_171' title='bbox 176 2958 249 3021; x_wconf 83' lang='lat' dir='ltr'><strong>bart&#39;</strong></span> <span class='ocrx_word' id='word_1_172' title='bbox 265 2959 399 3021; x_wconf 72' lang='lat' dir='ltr'><strong>bostium</strong></span> <span class='ocrx_word' id='word_1_173' title='bbox 420 2959 655 3043; x_wconf 80' lang='lat' dir='ltr'><strong>antesignanos,</strong></span> <span class='ocrx_word' id='word_1_174' title='bbox 672 2960 776 3039; x_wconf 87' lang='lat' dir='ltr'><strong>jubet.</strong></span> <span class='ocrx_word' id='word_1_175' title='bbox 802 2959 955 3023; x_wconf 86' lang='lat' dir='ltr'><strong>Salutaris</strong></span> <span class='ocrx_word' id='word_1_176' title='bbox 974 2958 1043 3023; x_wconf 80' lang='lat' dir='ltr'><strong>haec</strong></span> <span class='ocrx_word' id='word_1_177' title='bbox 1065 2955 1246 3021; x_wconf 88' lang='lat' dir='ltr'><strong>admonitio</strong></span> 
     </span>
     <span class='ocr_line' id='line_1_24' title="bbox 175 3059 1246 3147; baseline -0.002 -23"><span class='ocrx_word' id='word_1_178' title='bbox 175 3060 238 3124; x_wconf 85' lang='lat' dir='ltr'><strong>luit</strong></span> <span class='ocrx_word' id='word_1_179' title='bbox 252 3061 327 3123; x_wconf 85' lang='lat' dir='ltr'><strong>:vix</strong></span> <span class='ocrx_word' id='word_1_180' title='bbox 344 3060 486 3147; x_wconf 89' lang='lat' dir='ltr'><strong>primum</strong></span> <span class='ocrx_word' id='word_1_181' title='bbox 509 3060 668 3147; x_wconf 88' lang='lat' dir='ltr'><strong>impetum</strong></span> <span class='ocrx_word' id='word_1_182' title='bbox 686 3059 788 3124; x_wconf 89' lang='lat' dir='ltr'><strong>tulere</strong></span> <span class='ocrx_word' id='word_1_183' title='bbox 805 3061 936 3140; x_wconf 90' lang='lat' dir='ltr'><strong>hostes,</strong></span> <span class='ocrx_word' id='word_1_184' title='bbox 957 3059 1033 3124; x_wconf 91' lang='lat' dir='ltr'><strong>inde</strong></span> <span class='ocrx_word' id='word_1_185' title='bbox 1051 3059 1153 3123; x_wconf 82' lang='lat' dir='ltr'><strong>eflusa</strong></span> <span class='ocrx_word' id='word_1_186' title='bbox 1170 3060 1246 3147; x_wconf 84' lang='lat' dir='ltr'><strong>fuga</strong></span> 
     </span>
     <span class='ocr_line' id='line_1_25' title="bbox 175 3159 1244 3248; baseline -0.004 -22"><span class='ocrx_word' id='word_1_187' title='bbox 175 3178 350 3226; x_wconf 88' lang='lat' dir='ltr'><strong>cesserunt.</strong></span> <span class='ocrx_word' id='word_1_188' title='bbox 362 3164 497 3247; x_wconf 89' lang='lat' dir='ltr'><strong>Jamque</strong></span> <span class='ocrx_word' id='word_1_189' title='bbox 506 3163 676 3240; x_wconf 86' lang='lat' dir='ltr'><strong>Deceates,</strong></span> <span class='ocrx_word' id='word_1_190' title='bbox 686 3177 724 3224; x_wconf 95' lang='lat' dir='ltr'><strong>ut</strong></span> <span class='ocrx_word' id='word_1_191' title='bbox 736 3184 844 3225; x_wconf 89' lang='lat' dir='ltr'><strong>serum</strong></span> <span class='ocrx_word' id='word_1_192' title='bbox 855 3177 930 3248; x_wconf 89' lang='lat' dir='ltr'><strong>post</strong></span> <span class='ocrx_word' id='word_1_193' title='bbox 939 3159 1063 3225; x_wconf 89' lang='lat' dir='ltr'><strong>cladem</strong></span> <span class='ocrx_word' id='word_1_194' title='bbox 1071 3159 1244 3239; x_wconf 82' lang='lat' dir='ltr'><strong>auxilium,</strong></span> 
     </span>
     <span class='ocr_line' id='line_1_26' title="bbox 176 3259 1245 3350; baseline -0.003 -25"><span class='ocrx_word' id='word_1_195' title='bbox 176 3264 221 3325; x_wconf 92' lang='lat' dir='ltr'><strong>ita</strong></span> <span class='ocrx_word' id='word_1_196' title='bbox 239 3262 437 3350; x_wconf 88' lang='lat' dir='ltr'><strong>fugientibus</strong></span> <span class='ocrx_word' id='word_1_197' title='bbox 457 3283 523 3323; x_wconf 91' lang='lat' dir='ltr'><strong>non</strong></span> <span class='ocrx_word' id='word_1_198' title='bbox 549 3261 663 3325; x_wconf 88' lang='lat' dir='ltr'><strong>inutile</strong></span> <span class='ocrx_word' id='word_1_199' title='bbox 687 3260 891 3349; x_wconf 81' lang='lat' dir='ltr'><strong>praesidium,</strong></span> <span class='ocrx_word' id='word_1_200' title='bbox 915 3261 1059 3326; x_wconf 87' lang='lat' dir='ltr'><strong>aderant.</strong></span> <span class='ocrx_word' id='word_1_201' title='bbox 1083 3262 1166 3325; x_wconf 91' lang='lat' dir='ltr'><strong>Cum</strong></span> <span class='ocrx_word' id='word_1_202' title='bbox 1195 3259 1245 3322; x_wconf 86' lang='lat' dir='ltr'><strong>his</strong></span> 
     </span>
     <span class='ocr_line' id='line_1_27' title="bbox 175 3360 1246 3453; baseline -0.003 -26"><span class='ocrx_word' id='word_1_203' title='bbox 175 3386 308 3453; x_wconf 91' lang='lat' dir='ltr'><strong>quoque</strong></span> <span class='ocrx_word' id='word_1_204' title='bbox 330 3363 476 3451; x_wconf 88' lang='lat' dir='ltr'><strong>praelium</strong></span> <span class='ocrx_word' id='word_1_205' title='bbox 494 3362 660 3449; x_wconf 87' lang='lat' dir='ltr'><strong>aliquanto</strong></span> <span class='ocrx_word' id='word_1_206' title='bbox 678 3363 894 3451; x_wconf 86' lang='lat' dir='ltr'><strong>pertinacius,</strong></span> <span class='ocrx_word' id='word_1_207' title='bbox 912 3363 969 3427; x_wconf 90' lang='lat' dir='ltr'><strong>sed</strong></span> <span class='ocrx_word' id='word_1_208' title='bbox 984 3378 1104 3427; x_wconf 84' lang='lat' dir='ltr'><strong>eventu</strong></span> <span class='ocrx_word' id='word_1_209' title='bbox 1120 3360 1246 3439; x_wconf 89' lang='lat' dir='ltr'><strong>simile,</strong></span> 
     </span>
     <span class='ocr_line' id='line_1_28' title="bbox 176 3463 1242 3551; baseline -0.004 -21"><span class='ocrx_word' id='word_1_210' title='bbox 176 3467 250 3532; x_wconf 84' lang='lat' dir='ltr'><strong>fuit.</strong></span> <span class='ocrx_word' id='word_1_211' title='bbox 260 3464 345 3529; x_wconf 90' lang='lat' dir='ltr'><strong>Victi</strong></span> <span class='ocrx_word' id='word_1_212' title='bbox 362 3486 462 3551; x_wconf 92' lang='lat' dir='ltr'><strong>seque</strong></span> <span class='ocrx_word' id='word_1_213' title='bbox 486 3480 519 3528; x_wconf 88' lang='lat' dir='ltr'><strong>et</strong></span> <span class='ocrx_word' id='word_1_214' title='bbox 536 3465 697 3529; x_wconf 83' lang='lat' dir='ltr'><strong>civitatem</strong></span> <span class='ocrx_word' id='word_1_215' title='bbox 715 3464 791 3530; x_wconf 88' lang='lat' dir='ltr'><strong>fidei</strong></span> <span class='ocrx_word' id='word_1_216' title='bbox 809 3467 1033 3530; x_wconf 82' lang='lat' dir='ltr'><strong>Romanorum</strong></span> <span class='ocrx_word' id='word_1_217' title='bbox 1056 3463 1242 3551; x_wconf 79' lang='lat' dir='ltr'><strong>permisere.</strong></span> 
     </span>
     <span class='ocr_line' id='line_1_29' title="bbox 177 3565 1244 3655; baseline -0.004 -23"><span class='ocrx_word' id='word_1_218' title='bbox 177 3565 301 3632; x_wconf 88' lang='lat' dir='ltr'><strong>Consul</strong></span> <span class='ocrx_word' id='word_1_219' title='bbox 310 3589 348 3630; x_wconf 82' lang='lat' dir='ltr'><strong>ex</strong></span> <span class='ocrx_word' id='word_1_220' title='bbox 358 3589 435 3655; x_wconf 91' lang='lat' dir='ltr'><strong>agro</strong></span> <span class='ocrx_word' id='word_1_221' title='bbox 446 3582 540 3653; x_wconf 90' lang='lat' dir='ltr'><strong>capto</strong></span> <span class='ocrx_word' id='word_1_222' title='bbox 551 3565 728 3654; x_wconf 87' lang='lat' dir='ltr'><strong>deditoque</strong></span> <span class='ocrx_word' id='word_1_223' title='bbox 737 3589 835 3655; x_wconf 86' lang='lat' dir='ltr'><strong>quarn</strong></span> <span class='ocrx_word' id='word_1_224' title='bbox 848 3567 955 3655; x_wconf 91' lang='lat' dir='ltr'><strong>potuit</strong></span> <span class='ocrx_word' id='word_1_225' title='bbox 964 3566 1141 3654; x_wconf 88' lang='lat' dir='ltr'><strong>plurimum</strong></span> <span class='ocrx_word' id='word_1_226' title='bbox 1160 3587 1244 3628; x_wconf 87' lang='lat' dir='ltr'><strong>mas-</strong></span> 
     </span>
     <span class='ocr_line' id='line_1_30' title="bbox 175 3662 1244 3756; baseline -0.003 -24"><span class='ocrx_word' id='word_1_227' title='bbox 175 3669 296 3732; x_wconf 80' lang='lat' dir='ltr'><strong>siliensi</strong></span> <span class='ocrx_word' id='word_1_228' title='bbox 305 3662 426 3756; x_wconf 87' lang='lat' dir='ltr'><strong>populo</strong></span> <span class='ocrx_word' id='word_1_229' title='bbox 438 3666 545 3732; x_wconf 90' lang='lat' dir='ltr'><strong>dedit:</strong></span> <span class='ocrx_word' id='word_1_230' title='bbox 558 3683 665 3753; x_wconf 89' lang='lat' dir='ltr'><strong>utque</strong></span> <span class='ocrx_word' id='word_1_231' title='bbox 673 3669 835 3734; x_wconf 91' lang='lat' dir='ltr'><strong>securitati</strong></span> <span class='ocrx_word' id='word_1_232' title='bbox 848 3691 961 3733; x_wconf 90' lang='lat' dir='ltr'><strong>eorum</strong></span> <span class='ocrx_word' id='word_1_233' title='bbox 973 3669 1070 3731; x_wconf 90' lang='lat' dir='ltr'><strong>etiam</strong></span> <span class='ocrx_word' id='word_1_234' title='bbox 1085 3667 1119 3730; x_wconf 92' lang='lat' dir='ltr'><strong>in</strong></span> <span class='ocrx_word' id='word_1_235' title='bbox 1137 3681 1244 3755; x_wconf 86' lang='lat' dir='ltr'><strong>poste-</strong></span> 
     </span>
     <span class='ocr_line' id='line_1_31' title="bbox 176 3768 1244 3860; baseline -0.002 -26"><span class='ocrx_word' id='word_1_236' title='bbox 176 3792 251 3834; x_wconf 88' lang='lat' dir='ltr'><strong>rum</strong></span> <span class='ocrx_word' id='word_1_237' title='bbox 269 3768 468 3850; x_wconf 89' lang='lat' dir='ltr'><strong>consuleret,</strong></span> <span class='ocrx_word' id='word_1_238' title='bbox 484 3768 612 3834; x_wconf 89' lang='lat' dir='ltr'><strong>obsides</strong></span> <span class='ocrx_word' id='word_1_239' title='bbox 634 3771 791 3860; x_wconf 85' lang='lat' dir='ltr'><strong>Ligurum</strong></span> <span class='ocrx_word' id='word_1_240' title='bbox 812 3772 859 3836; x_wconf 91' lang='lat' dir='ltr'><strong>ire</strong></span> <span class='ocrx_word' id='word_1_241' title='bbox 878 3771 1069 3850; x_wconf 88' lang='lat' dir='ltr'><strong>Massiliam,</strong></span> <span class='ocrx_word' id='word_1_242' title='bbox 1088 3768 1244 3857; x_wconf 83' lang='lat' dir='ltr'><strong>statisque</strong></span> 
     </span>
     <span class='ocr_line' id='line_1_32' title="bbox 175 3870 920 3960; baseline 0.003 -27"><span class='ocrx_word' id='word_1_243' title='bbox 175 3870 376 3957; x_wconf 85' lang='lat' dir='ltr'><strong>temporibus</strong></span> <span class='ocrx_word' id='word_1_244' title='bbox 401 3871 576 3958; x_wconf 90' lang='lat' dir='ltr'><strong>permutari</strong></span> <span class='ocrx_word' id='word_1_245' title='bbox 599 3894 618 3935; x_wconf 87' lang='lat' dir='ltr'><strong>a</strong></span> <span class='ocrx_word' id='word_1_246' title='bbox 640 3872 723 3954; x_wconf 86' lang='lat' dir='ltr'><strong>suis,</strong></span> <span class='ocrx_word' id='word_1_247' title='bbox 742 3871 920 3960; x_wconf 85' lang='lat' dir='ltr'><strong>imperavit.</strong></span> 
     </span>
    </p>

    <p class='ocr_par' dir='ltr' id='par_1_4' title="bbox 175 3972 1242 4373">
     <span class='ocr_line' id='line_1_33' title="bbox 222 3972 1242 4054; baseline 0 -18"><span class='ocrx_word' id='word_1_248' title='bbox 222 3972 361 4036; x_wconf 85' lang='lat' dir='ltr'><strong>XXXll.</strong></span> <span class='ocrx_word' id='word_1_249' title='bbox 377 3974 476 4037; x_wconf 87' lang='lat' dir='ltr'><strong>lussis</strong></span> <span class='ocrx_word' id='word_1_250' title='bbox 497 3973 615 4038; x_wconf 86' lang='lat' dir='ltr'><strong>deinde</strong></span> <span class='ocrx_word' id='word_1_251' title='bbox 636 3974 720 4039; x_wconf 85' lang='lat' dir='ltr'><strong>tradi</strong></span> <span class='ocrx_word' id='word_1_252' title='bbox 737 3974 836 4037; x_wconf 88' lang='lat' dir='ltr'><strong>armis</strong></span> <span class='ocrx_word' id='word_1_253' title='bbox 860 3973 1030 4054; x_wconf 90' lang='lat' dir='ltr'><strong>omnibus,</strong></span> <span class='ocrx_word' id='word_1_254' title='bbox 1046 3990 1080 4037; x_wconf 93' lang='lat' dir='ltr'><strong>et</strong></span> <span class='ocrx_word' id='word_1_255' title='bbox 1101 3974 1147 4037; x_wconf 91' lang='lat' dir='ltr'><strong>sic</strong></span> <span class='ocrx_word' id='word_1_256' title='bbox 1164 3996 1242 4038; x_wconf 87' lang='lat' dir='ltr'><strong>cou-</strong></span> 
     </span>
     <span class='ocr_line' id='line_1_34' title="bbox 176 4073 1241 4163; baseline 0.001 -26"><span class='ocrx_word' id='word_1_257' title='bbox 176 4075 261 4138; x_wconf 85' lang='lat' dir='ltr'><strong>fecto</strong></span> <span class='ocrx_word' id='word_1_258' title='bbox 277 4075 378 4157; x_wconf 90' lang='lat' dir='ltr'><strong>bello,</strong></span> <span class='ocrx_word' id='word_1_259' title='bbox 390 4076 565 4141; x_wconf 82' lang='lat' dir='ltr'><strong>exercitum</strong></span> <span class='ocrx_word' id='word_1_260' title='bbox 575 4074 769 4139; x_wconf 87' lang='lat' dir='ltr'><strong>hibernandi</strong></span> <span class='ocrx_word' id='word_1_261' title='bbox 785 4096 880 4139; x_wconf 86' lang='lat' dir='ltr'><strong>causa</strong></span> <span class='ocrx_word' id='word_1_262' title='bbox 891 4097 950 4163; x_wconf 88' lang='lat' dir='ltr'><strong>per</strong></span> <span class='ocrx_word' id='word_1_263' title='bbox 960 4073 1080 4163; x_wconf 89' lang='lat' dir='ltr'><strong>oppida</strong></span> <span class='ocrx_word' id='word_1_264' title='bbox 1097 4073 1241 4161; x_wconf 84' lang='lat' dir='ltr'><strong>Oxybio·</strong></span> 
     </span>
     <span class='ocr_line' id='line_1_35' title="bbox 175 4175 1241 4266; baseline 0.001 -27"><span class='ocrx_word' id='word_1_265' title='bbox 175 4199 249 4239; x_wconf 87' lang='lat' dir='ltr'><strong>rum</strong></span> <span class='ocrx_word' id='word_1_266' title='bbox 269 4178 511 4265; x_wconf 88' lang='lat' dir='ltr'><strong>Deceatumque</strong></span> <span class='ocrx_word' id='word_1_267' title='bbox 530 4176 647 4241; x_wconf 86' lang='lat' dir='ltr'><strong>divisit.</strong></span> <span class='ocrx_word' id='word_1_268' title='bbox 670 4178 710 4259; x_wconf 86' lang='lat' dir='ltr'><strong>Q.</strong></span> <span class='ocrx_word' id='word_1_269' title='bbox 729 4177 860 4266; x_wconf 87' lang='lat' dir='ltr'><strong>Opimio</strong></span> <span class='ocrx_word' id='word_1_270' title='bbox 883 4176 925 4241; x_wconf 92' lang='lat' dir='ltr'><strong>ad</strong></span> <span class='ocrx_word' id='word_1_271' title='bbox 939 4176 1059 4241; x_wconf 89' lang='lat' dir='ltr'><strong>bellum</strong></span> <span class='ocrx_word' id='word_1_272' title='bbox 1074 4175 1241 4264; x_wconf 85' lang='lat' dir='ltr'><strong>profecto,</strong></span> 
     </span>
     <span class='ocr_line' id='line_1_36' title="bbox 176 4278 1241 4373; baseline 0.002 -33"><span class='ocrx_word' id='word_1_273' title='bbox 176 4278 313 4342; x_wconf 86' lang='lat' dir='ltr'><strong>Romam</strong></span> <span class='ocrx_word' id='word_1_274' title='bbox 324 4280 441 4343; x_wconf 88' lang='lat' dir='ltr'><strong>iterum</strong></span> <span class='ocrx_word' id='word_1_275' title='bbox 452 4279 643 4343; x_wconf 82' lang='lat' dir='ltr'><strong>Ptolemoeus</strong></span> <span class='ocrx_word' id='word_1_276' title='bbox 653 4279 881 4344; x_wconf 87' lang='lat' dir='ltr'><strong>Philometoris</strong></span> <span class='ocrx_word' id='word_1_277' title='bbox 893 4280 991 4344; x_wconf 82' lang='lat' dir='ltr'><strong>frater</strong></span> <span class='ocrx_word' id='word_1_278' title='bbox 1005 4278 1115 4373; x_wconf 79' lang='lat' dir='ltr'><strong>venit:</strong></span> <span class='ocrx_word' id='word_1_279' title='bbox 1130 4295 1241 4344; x_wconf 84' lang='lat' dir='ltr'><strong>osten·</strong></span> 
     </span>
    </p>
   </div>
   <div class='ocr_carea' id='block_1_2' title="bbox 212 4460 1127 4531">
    <p class='ocr_par' dir='ltr' id='par_1_5' title="bbox 212 4460 1127 4531">
     <span class='ocr_line' id='line_1_37' title="bbox 212 4460 1127 4531; baseline -0.001 -19"><span class='ocrx_word' id='word_1_280' title='bbox 212 4463 227 4530; x_wconf 75' lang='lat' dir='ltr'>S</span> <span class='ocrx_word' id='word_1_281' title='bbox 240 4467 325 4515; x_wconf 75' lang='lat' dir='ltr'><strong>XXX.</strong></span> <span class='ocrx_word' id='word_1_282' title='bbox 340 4465 428 4530; x_wconf 69' lang='lat' dir='ltr'><strong>Polyb.</strong></span> <span class='ocrx_word' id='word_1_283' title='bbox 442 4467 502 4516; x_wconf 79' lang='grc' dir='ltr'><strong>Ειο.</strong></span> <span class='ocrx_word' id='word_1_284' title='bbox 512 4468 569 4531; x_wconf 74' lang='lat' dir='ltr'><strong>bag.</strong></span> <span class='ocrx_word' id='word_1_285' title='bbox 581 4464 640 4520; x_wconf 71' lang='lat'><strong>134·</strong></span> <span class='ocrx_word' id='word_1_286' title='bbox 650 4491 685 4503; x_wconf 90' lang='lat'><em>-</em></span> <span class='ocrx_word' id='word_1_287' title='bbox 697 4462 715 4530; x_wconf 70' lang='lat' dir='ltr'>S</span> <span class='ocrx_word' id='word_1_288' title='bbox 726 4465 826 4516; x_wconf 79' lang='lat' dir='ltr'><strong>ml.</strong></span> <span class='ocrx_word' id='word_1_289' title='bbox 839 4462 928 4529; x_wconf 75' lang='lat' dir='ltr'><strong>Polyb.</strong></span> <span class='ocrx_word' id='word_1_290' title='bbox 940 4490 975 4503; x_wconf 91' lang='lat'>-</span> <span class='ocrx_word' id='word_1_291' title='bbox 984 4461 1049 4515; x_wconf 80' lang='lat' dir='ltr'><strong>Livii</strong></span> <span class='ocrx_word' id='word_1_292' title='bbox 1060 4460 1127 4528; x_wconf 76' lang='lat' dir='ltr'><strong>Epir.</strong></span> 
     </span>
    </p>
   </div>
   <div class='ocr_carea' id='block_1_3' title="bbox 0 0 1302 4980">
    <p class='ocr_par' dir='ltr' id='par_1_6' title="bbox 0 0 1302 4980">
     <span class='ocr_line' id='line_1_38' title="bbox 0 0 1302 4980; baseline 0 0"><span class='ocrx_word' id='word_1_293' title='bbox 0 0 1302 4980; x_wconf 95' lang='lat' dir='ltr'><strong> </strong></span> 
     </span>
    </p>
   </div>
  </div>
 </body>
</html>
