2594 4980
358 758 414 828 nt
446 760 558 828 soc.
586 761 679 827 mr.
707 757 795 829 mx
827 759 1040 828 nrvrlnr.
1160 758 1228 858 327

171 883 254 946 simo
271 881 429 962 exercitu,
442 881 517 968 qnia
530 879 591 943 sibi
606 866 723 967 magno
739 880 812 943 usui
828 879 970 943 futuram
984 902 1052 944 esse
1067 882 1230 948 sociorum

172 983 428 1046 benevolentiam
452 982 619 1062 cernebat,
644 1003 749 1068 neque
771 981 892 1071 gratius
915 981 1093 1068 quidquam
1115 985 1228 1075 vulgo,

173 1107 269 1170 quam
284 1107 343 1147 suo
358 1106 521 1171 quemque
535 1105 685 1148 sermone
699 1083 899 1171 compellari,
913 1106 1021 1172 graecae
1035 1085 1152 1175 linguae
1165 1102 1234 1150 tan·

173 1201 242 1248 turn
267 1185 425 1273 impendit
444 1208 567 1274 operae,
588 1201 625 1248 ut
643 1185 789 1272 quinque
809 1185 862 1249 illa
883 1208 1016 1275 genera,
1036 1187 1069 1249 in
1093 1210 1164 1274 quae
1184 1187 1234 1265 di÷

173 1288 360 1375 stinguitur,
377 1288 507 1375 penitus
521 1286 731 1375 perdisceret,
745 1309 871 1375 proque
887 1286 1056 1368 tribunali,
1072 1311 1136 1374 qua
1148 1290 1235 1376 quis·

174 1413 236 1477 que
253 1389 388 1453 dialecto
407 1391 615 1478 postulasset,
628 1388 739 1452 eadem
756 1386 885 1452 decreta
902 1387 1072 1453 redderet:
1089 1389 1188 1478 idque
1205 1391 1247 1469 ei¹

173 1494 351 1580 plurimum
366 1493 407 1556 ad
422 1494 585 1557 sociorum
601 1515 743 1556 amorem
758 1491 891 1579 profuit.
906 1492 1054 1557 Maximis
1068 1495 1168 1582 igitur
1178 1494 1235 1560 ad·

170 1595 260 1673 jutus
277 1595 402 1658 auxiliis
419 1593 506 1681 (nam
524 1610 557 1658 et
569 1617 587 1658 a
598 1594 711 1658 vicinis
725 1593 870 1680 regibus,
886 1592 1074 1659 Mithridate
1085 1597 1235 1682 pontico,

174 1696 339 1758 Ariarathe
361 1696 559 1784 cappadoce,
578 1694 756 1760 Nicomede
773 1694 928 1782 bithyno,
946 1696 1090 1783 itemque
1105 1698 1237 1784 paphla-

174 1817 258 1882 gone
274 1795 454 1882 Pylaemene
469 1797 571 1860 missae
587 1797 687 1885 copiae
703 1793 844 1882 fuerant)
856 1796 979 1860 bellum
992 1797 1128 1887 impigre
1143 1821 1235 1864 orsus

174 1910 223 1958 est
240 1919 247 1958 :
265 1919 325 1959 nec
342 1898 458 1960 minori
475 1899 508 1961 in
528 1921 567 1961 eo
587 1898 754 1963 severitate
769 1919 865 1980 usus,
882 1921 979 1985 quam
996 1899 1064 1963 aliis
1082 1900 1115 1962 in
1135 1921 1236 1990 nego·

174 1995 225 2057 tiis
241 1997 404 2060 lenitatem
421 1995 612 2085 praetulerat.

217 2098 355 2161 XXXII.
376 2099 487 2162 Unum
508 2099 576 2178 ejus
593 2099 715 2163 factum
734 2099 939 2182 memorabo,
958 2100 1066 2182 unde,
1084 2102 1236 2189 qualisin

174 2214 289 2262 caetero
315 2200 450 2286 imperio
475 2201 588 2281 luerit,
613 2216 800 2288 promptum
823 2201 865 2263 sit
888 2224 1094 2289 cognoscere.
1118 2205 1238 2269 Leucas

176 2299 225 2384 (id
244 2301 329 2363 enim
349 2300 508 2388 oppidum
523 2303 744 2384 Aristonicus,
763 2303 967 2389 prosperiore
990 2305 1120 2368 fortuna
1141 2328 1238 2388 usus,

175 2401 354 2489 receperat)
371 2424 474 2488 quum
490 2426 680 2493 oppugnare
693 2418 833 2491 pararet,
849 2403 977 2490 scripsit
990 2402 1031 2467 ad
1047 2406 1238 2495 magistrum

176 2504 387 2567 architectum
401 2504 630 2586 Eleatensium,
643 2505 699 2591 qui
713 2526 753 2567 eo
764 2503 850 2566 bello
863 2503 942 2567 socii
956 2504 1116 2591 amicique
1127 2507 1239 2593 populi
1274 2512 1277 2515 ’

176 2606 301 2668 romani
322 2623 427 2687 erant,
446 2620 481 2669 ut
499 2629 543 2668 ex
562 2604 806 2683 maledoctus,
826 2626 903 2690 quos
920 2605 1011 2691 apud
1028 2628 1078 2668 eos
1094 2607 1238 2687 vidisset,

176 2706 326 2793 nmjorem
349 2710 489 2770 mitteret.
512 2707 679 2794 Magister,
700 2705 850 2792 cognito,
872 2705 1004 2768 arietem
1027 2729 1066 2768 ex
1091 2729 1131 2771 eo
1154 2708 1240 2772 malo

177 2808 245 2873 lieri
264 2825 432 2896 oportere,
453 2809 631 2886 minorem,
649 2827 748 2893 quem
768 2805 797 2869 ei
816 2805 964 2869 instituto
983 2807 1239 2876 commodiorem

175 2910 354 2989 judicabat,
368 2911 465 2974 misit.

222 3013 376 3076 XXXIII.
395 3012 554 3074 Vocatum
571 3009 684 3098 igitur,
702 3007 887 3094 frustraque
908 3022 1130 3089 excusantem,
1151 3008 1241 3095 quod

179 3115 373 3202 obsequium
391 3113 431 3176 ab
450 3113 537 3200 ipso,
556 3134 623 3175 non
641 3109 813 3174 consilium
829 3109 967 3197 petitum
985 3108 1102 3186 fuisse,
1126 3111 1242 3176 consul

179 3215 315 3297 diceret,
340 3215 472 3296 nudari,
497 3212 828 3304 virgisquemultum
850 3210 929 3305 caedi
951 3210 1055 3290 jussit.
1082 3214 1241 3278 Caeterum

180 3319 267 3381 nulla
279 3317 321 3382 ad
334 3317 524 3382 memoriam
537 3316 612 3380 satis
625 3314 744 3404 insigni
757 3335 807 3394 re,
821 3335 882 3403 pro
894 3328 982 3376 tanta
994 3312 1242 3400 exspectatione,

181 3435 284 3504 gesta,
303 3442 406 3484 annus
429 3420 482 3483 ille
502 3417 664 3506 praeteriit.
679 3417 761 3480 Nam
781 3431 814 3481 et
830 3415 1001 3480 Aristonici
1020 3438 1144 3505 magnas
1158 3416 1243 3481 vices

183 3534 286 3598 erant,
302 3542 368 3583 non
386 3544 426 3584 ex
447 3519 522 3593 Asia
541 3535 686 3600 tantum;
706 3517 872 3583 sedetiam
886 3517 1051 3597 Thracum
1066 3532 1099 3580 et
1117 3517 1244 3583 Achaiae

182 3616 296 3682 studiis
309 3620 498 3707 auxiliisque
513 3620 676 3684 utebatur.
691 3620 729 3682 ln
741 3618 830 3683 Urbe
842 3618 883 3700 Q.
896 3617 1040 3683 cecilius
1054 3615 1243 3689 Macedoni

183 3739 256 3796 cus,
272 3718 313 3798 Q.
325 3719 500 3806 Pompeius
511 3722 549 3784 A.
560 3721 596 3783 F.
609 3741 759 3784 censores
773 3719 888 3785 creati:
901 3732 972 3780 tum
983 3718 1127 3804 primum
1138 3740 1248 3786 exentae

184 3819 238 3905 plo
255 3817 347 3898 dato,
364 3841 531 3884 censorem
551 3836 728 3907 utrumque
753 3817 793 3882 de
817 3817 909 3905 plebe
930 3818 1078 3900 creandi,
1100 3841 1205 3907 quum
1226 3839 1245 3892 ι,

183 3921 219 3982 C.
240 3919 377 3999 Marcio,
398 3920 455 4006 qui
479 3920 603 4007 primus
625 3945 643 3985 e
667 3920 762 4008 plebe
784 3919 866 3999 fuit,
887 3941 945 4006 per
962 3941 1065 3984 annos
1085 3918 1244 3985 ducentos

183 4021 317 4108 viginti,
334 4041 462 4107 semper
476 4021 629 4109 patricius
645 4021 724 4084 alter
739 4035 865 4085 creatus
878 4035 972 4084 esset.

219 4256 236 4320 5·
248 4259 347 4306 XXXI.
361 4256 413 4306 Liv.
426 4257 492 4321 Epit.
502 4282 537 4294 -
548 4255 624 4304 Asell.
633 4254 700 4321 apud
710 4254 789 4321 Agell.
802 4256 827 4314 I,
843 4257 882 4305 13.
895 4283 930 4293 -
939 4257 1012 4304 Oros.
1020 4256 1053 4314 V,
1068 4268 1107 4302 ιο.
1121 4279 1156 4290 -
1165 4253 1246 4305 vater.

184 4339 252 4387 Max.
259 4341 335 4396 vm,
351 4357 374 4402 ῃ.
388 4366 423 4376 -
435 4339 500 4388 Hbs.
512 4339 610 4388 Misoel.
623 4340 668 4398 tv,
681 4339 725 4387 25.
738 4365 775 4383 -
785 4340 877 4390 Initio.
890 4338 1047 4398 xxxvnr,
1061 4353 1083 4386 ι.
1095 4364 1131 4375 -
1142 4338 1247 4403 Eutrcp.

185 4450 220 4458 -
230 4421 246 4486 S
258 4425 369 4473 mn.
380 4423 464 4471 Valet.
476 4425 544 4475 Max.
554 4425 605 4484 111,
616 4439 647 4484 a,
664 4438 704 4475 ra.
715 4451 751 4461 -
766 4422 920 4488 §mne
934 4422 1066 4487 Angustia.
1076 4420 1108 4470 (le
1122 4419 1177 4473 (av.
1186 4420 1248 4477 nu,

186 4507 237 4563 111,
248 4522 288 4555 11.
300 4535 335 4544 -
343 4507 396 4555 Liv.
411 4507 476 4572 Epir.
