2594 4980
148 732 213 813 '142
319 733 386 797 ll).
414 726 762 798 FRElNSllEMII
794 727 1035 803 SUPPLEM.

140 847 329 922 duodecim,
345 850 598 938 propugnaculis
614 865 710 937 atque
723 846 868 915 turribus
880 875 938 941 per
949 854 1086 943 legitima
1097 853 1138 919 int

139 951 218 1015 valla
236 949 517 1038 prominentibus;
536 971 620 1030 una,
639 972 710 1037 quae
726 951 759 1012 in
776 950 885 1016 medio
904 971 988 1037 erat,
1013 954 1138 1021 celsissitt

139 1053 191 1115 cui
209 1053 341 1140 insuper
360 1074 400 1115 ex
416 1051 548 1115 materia
569 1051 661 1115 aliam
685 1052 832 1117 tabulatis
856 1071 998 1141 quatuor
1013 1076 1138 1148 surgent<

137 1155 350 1240 imposuerat,
368 1151 458 1216 unde
474 1151 634 1241 quidquid
649 1154 682 1216 in
702 1154 784 1218 urbe
800 1177 910 1220 rerum
925 1174 1138 1248 ageretur,sct

135 1255 251 1332 subjici
267 1271 383 1343 posset.
820 1276 825 1285 “

177 1355 253 1418 Xll
267 1356 345 1418 His
337 1370 420 1417 intra
430 1353 559 1418 diem
529 1355 719 1420 vicesimum
732 1358 854 1423 effectis
866 1359 1014 1446 (summa
1022 1384 1106 1427 enim
1116 1384 1138 1427 ct

134 1458 279 1520 tentione
303 1458 462 1538 militum,
482 1457 662 1521 alternatim
683 1482 765 1548 opus
785 1476 817 1524 et
835 1484 924 1525 arma
944 1463 1138 1551 capessentiu

134 1581 230 1646 supra
243 1559 388 1645 ipsorum
400 1558 609 1646 hostiumque
625 1562 896 1648 exspectationem
910 1584 962 1627 res
979 1586 1138 1653 processcn

133 1660 307 1722 exercitum
324 1658 452 1722 induxit
465 1661 595 1743 consul,
610 1660 729 1749 duplex
743 1663 911 1727 abeodem
925 1664 1037 1729 labore
1049 1688 1138 1731 contu

132 1758 212 1823 dum
228 1777 431 1848 assequutus.
449 1762 531 1825 Nam
549 1778 582 1826 et
595 1765 706 1829 castris
723 1780 940 1852 opportunam
957 1764 1068 1831 sedem
1082 1765 1138 1832 cad

132 1865 334 1927 munimenta
360 1864 563 1951 praebebant3
590 1881 622 1928 et
645 1867 715 1930 vice
740 1866 1044 1931 circumvallationis
1063 1867 1138 1933 omni

130 1980 215 2027 terra
230 1964 320 2027 aditu
340 1967 484 2046 occluso,
502 1965 653 2030 arcebant
669 1983 886 2048 commeatus,
902 1968 959 2054 qui
984 1968 1131 2034 hactenus

129 2083 219 2153 parte
238 2066 349 2129 inferri
369 2068 403 2128 in
423 2067 537 2131 urbem
554 2083 800 2128 consueverant.
820 2068 944 2155 Magnae
962 2083 1071 2133 tamen
1087 2067 1138 2133 adlt

129 2169 222 2230 molis
234 2185 300 2231 erat
312 2166 460 2246 obsidio,
473 2188 576 2254 quum
590 2163 745 2229 moenium
759 2165 1016 2255 inexpugnabilis
1029 2168 1138 2233 firmite

127 2269 223 2333 etiam
236 2269 402 2332 amaximo
413 2281 692 2356 propugnatorum
708 2288 846 2329 numero
856 2264 1138 2359 defenderetur,qt

127 2369 235 2433 adhuc
251 2392 268 2432 a
286 2369 400 2456 Bitbya
417 2368 569 2432 submissi
587 2382 785 2430 commeatus
804 2369 1038 2436 sustentabant.
1054 2370 1138 2461 Redit

127 2473 224 2537 batur
239 2487 344 2533 tamen
355 2470 501 2558 quotidie
512 2492 641 2533 annona
655 2471 688 2532 in
704 2470 785 2533 urbe
798 2472 934 2558 gravior,
948 2495 1067 2560 quum,
1078 2496 1138 2563 prat

126 2574 364 2664 oppidanorum
377 2574 521 2655 turbam,
534 2573 670 2637 maxima
683 2572 855 2638 hominum
868 2575 1045 2641 multitudo
1055 2599 1138 2669 eug

125 2700 165 2740 eo
182 2675 404 2757 confluxisset,
421 2698 508 2764 quoe,
523 2697 628 2762 neque
642 2697 701 2762 per
716 2675 857 2738 hostium
874 2692 999 2740 metum
1015 2692 1102 2742 extra
1114 2698 1138 2741 ut

125 2781 177 2843 nia
198 2780 335 2843 audebat
352 2777 521 2867 progredi,
546 2799 651 2863 neque
669 2777 878 2840 subvectione
894 2777 1138 2867 peregrinatam

125 2905 192 2962 nae,
209 2880 441 2945 mercatoribus
457 2879 635 2966 periculum
652 2872 844 2958 vitantibus,
863 2878 1138 2961 sublevabatur3u

124 3001 194 3048 tum
214 3007 252 3046 ex
274 2984 378 3044 vicina
398 2982 504 3046 Africa
524 3003 575 3043 res
598 2980 782 3042 necessariae
802 2979 943 3043 terrestri
962 2980 1138 3069 maritimos}

123 3088 238 3150 itinere
265 3082 456 3162 veniebant,
479 3081 605 3167 parcius
631 3104 649 3143 a
678 3080 775 3154 mari,
801 3078 900 3143 modo
924 3082 1138 3170 tempestatibt

123 3186 222 3249 modo
239 3206 297 3272 per
315 3183 448 3246 classem
463 3182 604 3244 hostium
625 3202 739 3267 parum
757 3197 825 3245 tuta
838 3182 1053 3270 navigatione.

164 3287 256 3350 Xlll.
276 3286 370 3348 Tunc
389 3298 498 3345 autem
519 3282 689 3369 intersepta
711 3282 840 3369 penitus
863 3283 935 3363 via,
960 3302 1024 3370 qua
1043 3296 1138 3372 perte

120 3409 188 3451 ram
210 3400 276 3448 erat
293 3383 412 3461 aditus,
434 3383 540 3444 forum
558 3405 666 3445 rerum
683 3383 845 3447 venalium
867 3385 1004 3448 maxima
1022 3386 1073 3449 sui
1094 3406 1138 3474 pat

121 3487 289 3567 deficiens,
310 3484 589 3572 Carthaginienses
606 3501 696 3548 metu
713 3486 806 3549 lamis
830 3501 862 3549 et
880 3485 944 3565 jam
969 3487 1138 3552 incommot

118 3589 265 3679 angebat.
291 3587 405 3672 Neque
426 3586 574 3674 Bitbyas,
599 3587 747 3673 quicum
773 3587 920 3674 equitatu
943 3599 1020 3651 ante
1043 3588 1138 3652 claust

118 3693 233 3759 urbem
253 3689 388 3752 emissus
406 3685 446 3750 ad
462 3686 710 3776 comparandam
731 3709 893 3750 annonam
913 3690 1033 3769 fuerat,
1049 3708 1138 3777 perc

117 3813 181 3860 stra
195 3790 353 3878 Scipionis
373 3811 599 3877 perrumpere,
616 3804 673 3851 aut
689 3789 824 3851 omnino
840 3791 975 3878 propius
992 3789 1138 3855 succedat

24 3924 28 3929 ·
117 3896 275 3963 audebat:
295 3890 350 3955 sed
368 3892 467 3981 longo
489 3889 662 3954 circumitu
681 3888 851 3953 devectum
867 3892 908 3955 ad
927 3915 1015 3956 mare
1033 3891 1138 3956 bnmet

118 4018 187 4064 tum
209 3992 429 4060 committebat
452 3991 602 4070 travibus,
629 4014 719 4078 quae,
744 3990 914 4056 observato
939 3992 1138 4057 vehementia

116 4117 229 4177 vento,
246 4116 303 4184 per
323 4096 454 4157 classem
471 4094 711 4172 Romanorum,
728 4108 803 4155 ante
816 4094 932 4157 urbem
948 4096 1138 4159 exsultantes

115 4203 332 4269 illaberentur.
342 4196 436 4274 Nam,
444 4209 482 4257 ut
490 4216 522 4257 tn
530 4194 675 4257 vadosis
667 4195 940 4283 importuosisque
952 4196 1041 4276 locis,
1050 4210 1138 4306 sparsi

114 4323 147 4371 et
165 4302 294 4390 longius
313 4323 331 4362 a
347 4295 522 4375 moenibus,
542 4311 632 4359 metu
655 4310 909 4377 tormentorum,
926 4314 958 4361 et
976 4297 1021 4360 ibi
1039 4293 1138 4361 maxin

150 4502 165 4568 5
179 4503 223 4549 xl.
237 4497 342 4559 Appian.
354 4490 414 4556 “S
429 4492 487 4539 xn.
501 4494 586 4539 Zonar.
601 4517 636 4527 -
649 4490 754 4552 Appiau.
