2594 4980
310 247 362 312 IN
394 247 504 312 LOC.
533 250 624 314 ΗΒ.
654 251 735 317 th
773 252 985 316 lilVlANl.
1113 254 1174 320 231

93 363 195 425 etiam
217 365 371 428 victoriae
391 367 490 453 ipsius
508 367 655 433 taedebat.
677 369 774 431 Auxit
798 368 1052 458 indignationem
1077 372 1182 436 horni-

93 486 181 528 num
198 464 249 530 de
269 468 313 550 Q.
329 468 486 555 Pompeio
504 472 635 557 sequior
652 468 753 550 fama,
768 470 840 556 qui,
857 470 1082 534 Lanciensium
1101 474 1182 537 urbe

93 564 231 650 diruta,
255 568 378 633 iterum
405 569 614 635 Numantiam
639 570 772 650 assedit,
798 585 832 634 et
855 585 976 634 temere
996 568 1181 662 susceptum

93 670 286 736 consilium
300 669 343 735 de
358 669 471 752 lluvio,
491 672 548 760 qui
565 673 793 738 numantinum
808 693 922 760 agrum
936 672 1034 762 rigat,
1050 672 1084 736 in
1098 697 1183 739 mes·

93 791 319 837 sem-eorum
339 773 562 850 immittendo,
584 797 651 862 quo
675 775 758 837 fame
781 772 907 836 domari
924 774 1034 837 civitas
1057 792 1186 865 posset²

93 887 178 959 post
189 875 353 938 maximas
369 873 570 940 difficultates
583 892 750 965 postremo
761 874 893 963 quidem
907 893 1107 963 exsequutus
1119 895 1186 961 est,

95 969 160 1035 sed
171 973 272 1038 nullo
285 997 393 1062 neque
406 997 466 1039 suo
480 976 673 1057 commodo,
688 999 797 1064 neque
812 976 956 1040 hostium
969 974 1183 1062 detriment03

97 1093 213 1160 quum
229 1075 302 1163 ipse
314 1076 445 1140 interim
462 1077 574 1141 crebra
590 1093 623 1142 et
639 1077 753 1141 acerba
768 1092 941 1166 pateretur.
961 1079 1092 1168 Quippe
1110 1080 1183 1144 Nu-

95 1175 248 1257 mantini
258 1175 416 1240 militibus
426 1177 460 1240 in
473 1199 571 1264 opere
580 1179 744 1266 occupatis
754 1200 836 1267 saepe
848 1200 882 1242 se
891 1177 1074 1243 inferebant
1083 1182 1182 1246 tacito

98 1277 255 1366 agmine,
280 1299 348 1366 quo
366 1279 612 1366 necopinantes
632 1279 809 1368 impensius
830 1279 1020 1361 turbarent3
1041 1280 1183 1345 exibant·

100 1398 172 1466 qne
184 1392 256 1443 tam
269 1377 382 1443 validae
398 1379 438 1442 ab
453 1378 575 1468 oppido
592 1402 722 1461 manus,
738 1396 776 1443 ut
787 1381 883 1443 etiam
900 1379 958 1466 qui
970 1403 989 1443 a
1001 1381 1112 1444 castris
1126 1404 1181 1444 ro·

103 1478 212 1542 manis
224 1478 414 1543 auxiliatum
428 1480 494 1544 suis
512 1497 686 1562 venerant,
699 1480 933 1569 repellerentur
947 1503 954 1544 :
969 1480 1060 1568 quod
1077 1505 1180 1570 quum

107 1579 226 1667 sepius
244 1579 430 1660 accidisset,
445 1581 499 1643 rix
515 1582 686 1668 qnisquam
705 1582 919 1646 munimentis
932 1580 1073 1646 audebat
1091 1606 1184 1648 exce·
1211 1638 1214 1645 .

111 1676 197 1743 dere.
227 1681 384 1745 Praeterea
403 1682 671 1746 frumentationes
690 1681 873 1746 efficiebant
894 1682 1029 1772 periculi
1049 1683 1180 1770 plenas3

114 1781 271 1869 multique
285 1804 346 1869 per
361 1806 431 1847 eam
448 1805 577 1847 causam
596 1783 707 1848 castris
725 1783 861 1873 egressi,
878 1805 953 1846 cum
969 1783 1103 1847 tribuno
1118 1785 1181 1848 mi·

114 1879 202 1946 litum
222 1884 349 1970 Oppio,
373 1884 508 1948 suntab
533 1885 626 1948 hoste
651 1885 829 1966 interfecti3
848 1884 1033 1972 iterumque
1056 1885 1116 1949 alia
1138 1886 1179 1949 ab

121 1998 212 2070 pute,
226 2008 357 2066 eorum,
372 1987 430 2073 qui
443 1986 562 2050 fossam
575 1985 751 2066 ducebant,
766 1986 874 2050 subito
885 1985 1031 2051 hostium
1044 1987 1177 2050 incursu

127 2083 357 2176 quadringenti,
373 2103 470 2175 atque
486 2088 572 2151 inter
588 2087 648 2150 hos
665 2087 852 2175 praefectus,
869 2088 1026 2174 oppressi.

130 2260 132 2265 ,
161 2186 289 2252 xxvss.
305 2189 394 2252 Dum
410 2189 471 2252 ista
489 2189 626 2253 maxime
642 2204 816 2276 geruntur,
833 2186 1010 2250 adfuerunt
1025 2209 1044 2250 a
1062 2204 1176 2253 senatu

132 2282 240 2370 delecti,
254 2312 330 2353 cum
345 2291 488 2354 exercitu
501 2292 662 2370 tironum,
677 2304 729 2369 nt,
744 2310 816 2376 quae
832 2302 960 2351 sextum
972 2287 1037 2367 jam
1052 2311 1187 2354 annum·

134 2385 177 2450 nb
196 2390 289 2479 signis
313 2390 458 2470 fuerant,
476 2390 619 2479 legiones
642 2388 891 2453 deducerentur.
913 2382 1052 2469 Consul,
1075 2411 1177 2475 quan·

135 2505 207 2570 ptam
217 2513 303 2555 noro
316 2491 409 2554 militi
423 2490 586 2554 confidere
599 2490 734 2552 minime
747 2501 889 2575 poterat,
906 2504 1014 2550 tamen
1030 2487 1175 2554 eluendae

135 2583 292 2673 ignominiae
314 2590 469 2679 cupidus,
492 2590 589 2654 simul
616 2607 654 2653 ut
679 2588 720 2654 ad
743 2588 868 2653 labores
896 2587 971 2651 belli
997 2589 1174 2653 exercitum

138 2682 251 2774 dnnret,
264 2693 409 2757 hiemem
426 2693 488 2756 sub
505 2691 653 2755 tentoriis
667 2712 761 2780 agere
776 2689 988 2754 instituit-lbi
1002 2713 1060 2778 per
1074 2691 1175 2780 frigus

138 2782 297 2874 hibernum,
313 2815 417 2880 quum
433 2815 548 2881 parum
564 2808 690 2856 assueta
704 2791 765 2856 illis
778 2791 870 2879 aquis
885 2791 1027 2878 caeloque
1038 2814 1175 2882 corpora

140 2886 182 2951 tub
193 2890 240 2958 dio
253 2911 404 2984 agerent,
422 2894 537 2958 morbo
557 2909 677 2957 tentata
693 2909 771 2957 sunt
791 2910 911 2974 castra,
931 2907 964 2956 et
978 2915 1050 2980 pars
1066 2895 1174 2983 aliqua

139 2987 246 3059 nilum
267 2995 390 3059 ventris
416 2995 610 3059 torminibus
633 2995 765 3059 interiit.
787 2994 891 3076 Major
913 3017 990 3058 mox
1013 2994 1052 3059 ab
1079 2996 1173 3061 hoste

139 3085 215 3158 &des
230 3095 309 3177 fuit,
331 3118 499 3182 nunquam
520 3095 673 3184 segnibus
696 3094 930 3159 adstruendae
949 3094 1079 3159 insidias
1100 3095 1172 3160 Nu·

99 3276 104 3285 Ι
140 3196 269 3262 mininis.
285 3198 465 3277 Noverant,
481 3195 522 3260 ad
539 3194 790 3261 convehendum
805 3195 839 3257 in
853 3209 955 3260 castra
969 3196 1172 3261 frumentum

139 3292 227 3360 nutus
240 3299 390 3363 cohortes
408 3298 566 3362 exivisse:
586 3298 683 3387 igitur
700 3319 767 3360 non
787 3298 885 3385 longe
905 3319 924 3359 a
943 3297 1053 3370 castris
1071 3320 1172 3362 manu

139 3392 215 3462 ”lida
231 3402 402 3482 occultata,
424 3399 557 3488 quidam
582 3400 716 3489 propius
742 3398 919 3489 suggressi,
946 3392 1070 3462 velitari
1094 3421 1170 3462 cum

139 3495 297 3567 mtinribus
311 3523 455 3591 coepere3
478 3500 583 3567 donec
598 3500 750 3581 Romani,
765 3499 909 3564 hostium
926 3499 1084 3563 insultum
1102 3521 1169 3563 non

140 3586 261 3678 ferente,
277 3603 449 3668 confertim
466 3601 677 3666 munimentis
694 3615 925 3691 proruperunt.
1012 3637 1016 3645 ·

172 3692 301 3769 xxvln.
317 3703 368 3767 lbi
386 3703 658 3793 consurgentibus
674 3700 797 3767 insidiis
816 3696 1046 3778 circumventi,
1065 3696 1168 3785 pluri·

167 3882 596 3963 sxxn.n10a01.·puavnen
610 3897 679 3949 mv.
696 3896 780 3946 nnn.
794 3891 948 3961 ..ippm
968 3887 1038 3960 -ς,
1055 3892 1166 3946 rxru.

140 3961 257 4034 omri·
269 4008 302 4021 -
321 3981 427 4047 Appius.
