2594 4980
165 639 205 683 12
328 618 394 684 JO.
421 613 767 682 FREINSHEMII
798 611 1045 682 SUPPLEM.

162 734 262 799 multa
278 734 449 799 insolentia
464 734 596 816 iecisse,
618 736 711 822 graeci
732 735 903 822 scriptores
920 747 1084 821 arguunt:
1098 756 1171 796 nam
1189 745 1217 797 et

159 839 364 925 cognationem
379 836 419 900 dc
427 833 553 921 finitus
569 838 649 899 inter
662 839 793 926 Argivos
806 836 1036 923 Spartanosque
1043 881 1053 913 ,
1075 833 1218 923 Phiiippo

159 937 318 1025 quondam
327 985 338 1017 ,
351 940 418 1025 'qur'
431 936 655 1001 Alexandrum
669 940 781 1026 genuit
786 985 795 1016 ,
816 937 1040 1025 disceptatum,
1062 935 1110 999 od
1124 935 1218 1001 Calli-

159 1051 276 1101 cratem
286 1040 452 1126 'impurum
472 1040 660 1128 invasumque
675 1041 735 1103 toti
752 1039 883 1104 Groecioe
898 1038 1053 1102 bominem
1068 1037 1218 1126 rey‘ecrkse,·

160 1154 190 1202 et
204 1137 319 1203 AEtolis
334 1163 357 1202 o
371 1139 523 1204 Pleuronc
530 1188 540 1219 ,
563 1144 619 1230 qui
632 1142 756 1231 sejungi
774 1164 796 1204 o
817 1140 949 1204 couct'lm
971 1139 1103 1203 acliot'co
1118 1141 1219 1227 cupre·

160 1238 446 1319 tenebricatur,
474 1255 510 1304 ut
534 1264 589 1304 suc
605 1245 727 1306 nombre
752 1240 869 1330 legatos
895 1244 1029 1306 Romam
1056 1242 1218 1304 mitterent.

158 1341 241 1405 Sane
256 1341 384 1406 senatui
397 1342 557 1430 placebat,
574 1343 724 1408 imminui
738 1344 916 1433 potentiam
933 1344 1145 1421 Achaeorum,
1156 1342 1220 1429 spi·

153 1439 306 1528 ritusque
314 1440 420 1529 frangi
432 1465 440 1506 ε
450 1459 649 1531 quapropter
658 1460 691 1509 et
700 1444 835 1526 AEtolis,
847 1443 937 1531 quod
947 1443 1129 1531 petierunt,
1143 1465 1221 1507 con·

158 1562 286 1606 cessum
298 1558 364 1623 est,
375 1559 408 1606 et
418 1545 453 1608 C.
470 1544 629 1633 Sulpicius
641 1545 769 1610 occulto
781 1546 913 1609 Petrum
929 1543 1082 1607 mandato
1097 1565 1219 1606 morem

159 1664 288 1730 gerens,
306 1644 381 1707 alias
396 1666 528 1730 quoque
545 1645 705 1727 civitates,
719 1632 791 1734 quae
805 1647 940 1711 achaicae
956 1645 1103 1709 formula
1114 1659 1220 1724 erant,

160 1744 201 1807 ab
219 1765 259 1808 eo
280 1743 399 1808 loedere
417 1743 587 1809 dissociare
604 1745 743 1810 instituit
763 1771 770 1811 :
788 1769 894 1833 neque
917 1745 1044 1809 minore
1069 1743 1221 1832 deinceps

160 1843 332 1907 acerbitate
347 1860 499 1908 tractatus
512 1862 561 1909 est
572 1846 754 1927 Eumenes,
768 1869 872 1934 quum
887 1844 974 1910 idem
992 1845 1045 1909 ille
1061 1847 1098 1910 C.
1114 1845 1221 1933 Sulpi·

161 1944 230 2008 cius
245 1944 279 2006 in
293 1946 401 2009 Asiam
414 1945 646 2026 transjecisset:
663 1970 722 2035 pcr
735 1947 957 2012 celeberrimas
973 1947 1060 2010 enim
1072 1947 1155 2010 Asiae
1168 1969 1223 2009 ur·

161 2045 219 2110 bes
229 2045 333 2110 edicta
345 2031 467 2137 legatus
483 2048 673 2137 proposuit,
688 2049 846 2138 atquibus
861 2049 900 2112 de
912 2049 1049 2113 Ewneue
1063 2049 1153 2136 queri
1167 2047 1222 2110 de·

159 2161 277 2213 cretum
291 2163 381 2229 essct,
398 2148 481 2213 dicto
496 2149 547 2213 die
560 2150 669 2215 Sardis
685 2156 887 2214 occurrerant.
904 2150 980 2230 Quo
996 2148 1055 2211 ubi
1068 2147 1223 2227 venisset,

161 2249 268 2336 posito
284 2250 371 2338 apud
387 2252 591 2340 gymnasium
608 2252 778 2334 tribunali,
793 2250 998 2316 decenduum
1012 2248 1154 2313 solidum
1169 2271 1224 2312 au·

162 2347 287 2414 diendis
302 2350 455 2415 adversus
471 2375 579 2442 regem
596 2353 734 2441 querelis
750 2352 895 2416 vacavit:
913 2351 1057 2415 convicia
1077 2351 1111 2413 in
1131 2350 1222 2414 illum

161 2450 345 2541 probraque
360 2467 426 2516 tam
441 2453 534 2517 avide
549 2455 744 2541 suspiciens,
759 2468 796 2517 ut
809 2452 944 2516 invitare
959 2465 1176 2530 accusatores,
1191 2466 1224 2512 ct

163 2552 321 2616 desiderio
336 2576 429 2618 reum
446 2554 589 2618 faciundi
600 2554 759 2642 quidlibet
774 2553 807 2614 in
819 2553 941 2624 crimen
958 2551 1083 2614 trahere
1099 2549 1224 2612 videre-

162 2667 233 2734 tur3
245 2676 346 2717 vanus
362 2655 511 2744 ingenio,
529 2672 562 2720 et
578 2677 617 2718 ex
632 2655 724 2720 claris
738 2654 914 2718 inimicitiis
933 2651 1109 2716 constantis
1122 2651 1223 2714 animi

164 2753 281 2816 samam
298 2771 463 2843 appetens.

208 2853 297 2920 XXI.
307 2854 419 2937 Quum
429 2856 483 2921 hic
492 2858 692 2922 asiaticarum
703 2873 920 2923 rerumstatus
932 2856 1070 2937 esset,in
1081 2854 1224 2943 AEgypto

164 2955 328 3020 Ptolemaei
348 2959 459 3021 fratres
474 2960 593 3023 iterum
608 2960 810 3023 aemulatione
825 2975 857 3022 et
875 2956 1042 3021 discordiis
1059 2977 1222 3019 exarscrc:

162 3056 297 3120 validior
314 3073 384 3121 tum
404 3060 541 3137 junioris
566 3061 678 3135 factm,
696 3059 961 3133 Philometorem‚
984 3078 1167 3144 cognomen
1190 3054 1223 3117 id

164 3157 279 3236 majori
296 3160 377 3240 fuit,
399 3183 499 3248 regno
519 3160 670 3248 pulsum,
687 3159 729 3224 ad
743 3159 916 3247 petendam
938 3159 979 3222 ab
998 3174 1112 3221 senatu
1127 3178 1221 3253 opem

54 3284 56 3288 ⁸
163 3262 301 3323 Romam
316 3262 524 3351 compulerat.
545 3262 659 3326 Paucis
678 3262 848 3326 comitatus
864 3261 978 3341 servis,
994 3280 1033 3323 ex
1057 3257 1223 3345 praesentis

163 3359 303 3424 fortunae
313 3363 463 3449 squalore
472 3362 569 3451 pedes
580 3362 621 3426 ad
632 3355 754 3427 Urbem
767 3364 902 3428 faciebat
914 3362 986 3441 iter,
997 3382 1100 3448 quum
1112 3360 1224 3422 Deme-

163 3461 243 3525 trius
259 3462 384 3526 Seleuci
398 3463 454 3543 R,
471 3464 527 3552 qui
542 3465 636 3529 obses
652 3465 750 3552 Syriae
767 3488 881 3553 regum
894 3465 1003 3526 llomae
1020 3460 1171 3540 haerebat,
1188 3482 1223 3521 re

163 3564 309 3652 cognita,
326 3565 457 3634 obviam,
475 3565 640 3653 profectus
657 3581 721 3646 est,
743 3564 961 3649 familiamque
978 3583 1069 3624 suam
1094 3573 1126 3623 et
1147 3581 1221 3622 cum

163 3663 341 3729 diademate
354 3688 391 3729 ac
402 3682 489 3730 veste
501 3667 586 3756 regia
599 3689 722 3754 equum
737 3665 851 3729 exinrie
864 3677 1015 3727 ornatum
1032 3660 1166 3736 obtulit,
1183 3681 1223 3721 ne

161 3764 224 3827 loci
240 3765 290 3828 sui
305 3765 500 3845 majestatem
513 3765 645 3830 sordido
659 3767 749 3831 cultu
764 3762 943 3853 prodidisse
956 3762 1059 3844 visus,
1071 3785 1090 3824 a
1103 3763 1222 3824 Roma·

164 3863 213 3927 nis
226 3864 398 3953 ⁴despectui
420 3867 601 3931 haberetur.
618 3870 660 3932 At
676 3867 730 3931 ille
752 3863 907 3929 Demetrii
926 3864 1078 3928 comitate
1099 3862 1223 3949 prolixe

163 3965 306 4048 laudata,
326 3968 456 4031 illorum
479 3971 600 4057 accepit
620 3968 718 4047 nihil,
741 3965 928 4056 rogavitque
949 3963 1167 4041 Demetrium,
1186 3976 1223 4022 ut

162 4066 279 4130 alicubi
302 4069 479 4133 subsistens
498 4070 618 4151 invia,
635 4091 670 4132 sc
686 4091 753 4154 quo
772 4066 963 4130 instituisset
979 4062 1077 4128 modo
1096 4062 1222 4152 ingredi

163 4167 283 4231 Urbem
301 4186 474 4256 pateretur.
495 4169 533 4233 ld
550 4170 615 4233 sive
633 4164 859 4233 misericordiae
881 4165 1047 4231 movendo
1066 4188 1160 4230 causa
1178 4166 1224 4227 l'e-

196 4370 213 4434 S
229 4373 285 4420 xx.
299 4375 399 4423 Pausan.
410 4372 453 4422 lib.
466 4375 490 4422 11
504 4383 527 4420 et
539 4374 597 4421 VII.
609 4399 642 4409 -
656 4369 743 4436 Polyb.
757 4369 823 4435 apud
834 4369 914 4417 Voles.
