2594 4980
138 712 203 783 332
307 714 373 777 ll).
403 706 745 774 FRElNSllEMIl
778 702 1020 771 SUPPLEM.

135 834 215 911 tuit,
233 852 329 917 quum
350 829 419 906 alii,
437 845 467 889 et
488 825 620 912 quidem
643 825 740 889 armis
761 824 932 904 instructi,
950 824 1120 911 octoginta
1135 848 1214 891 sese

133 933 294 1021 prioribus
306 930 535 1007 adjunxissent.
548 928 659 1012 ltaque
670 924 790 989 frustra
804 941 925 989 tentata
940 927 1211 1014 oppugnatione,

134 1039 170 1099 C.
188 1034 345 1096 Titinium
358 1081 366 1105 ,
378 1032 433 1116 qui
450 1046 522 1091 ante
538 1029 707 1091 biennium
720 1028 847 1115 'capitali
859 1027 1018 1116 supplicio
1029 1027 1211 1094 damnatus

132 1136 338 1223 profugerat,
363 1149 453 1217 pacta
478 1129 700 1192 incolumitate
723 1127 868 1208 inducit,
890 1144 927 1190 ut
951 1129 1057 1215 specie
1075 1129 1209 1193 socian-

132 1237 249 1300 dorum
266 1257 431 1296 armorum
452 1232 616 1293 castellum
635 1231 819 1317 ingressus,
834 1230 894 1292 sibi
910 1230 1036 1317 prodat.

176 1336 330 1399 XXXlll.
347 1335 487 1396 Titinius
505 1332 544 1394 ab
562 1356 601 1395 eo
618 1348 781 1419 tempore,
801 1354 868 1417 quo
882 1354 1009 1418 posnam
1024 1333 1207 1421 effugerat,

133 1440 165 1499 in
180 1437 298 1500 liberos
316 1436 471 1522 grassari,
489 1455 619 1518 parcere
635 1433 734 1496 servis
753 1432 884 1510 solitus,
902 1454 968 1495 non
987 1431 1088 1495 modo
1103 1431 1206 1497 fidem

131 1538 217 1626 apud
238 1536 380 1616 ejusdem
406 1536 524 1621 ingenii
547 1536 750 1620 l'ortunaeque
771 1533 921 1597 homines
943 1534 1034 1597 facile
1056 1533 1205 1617 invenit,

134 1638 212 1719 sed,
239 1639 313 1722 quia
340 1636 489 1698 manibus
513 1650 683 1721 promptus
707 1650 792 1714 erat,
818 1633 886 1697 dux
906 1632 1045 1697 adscitus
1071 1650 1129 1697 est.
1154 1634 1205 1701 lta

133 1738 297 1802 castellum
320 1736 505 1822 proditione
529 1751 685 1821 captum:
712 1735 837 1824 fugitivi
862 1737 978 1822 partim
1003 1736 1204 1825 pugnando,

130 1841 182 1903 alii
206 1854 295 1900 metu
319 1838 572 1923 suppliciorum,
592 1835 783 1922 corporibus
806 1835 840 1897 in
861 1857 1002 1922 praeceps
1016 1835 1126 1915 jactis,
1143 1860 1203 1924 pe·

131 1940 265 2002 rierunt.
286 1937 335 1999 lbi
359 1959 462 2021 quum
482 1937 600 1998 servari
623 1936 685 1999 sub
708 1936 808 2024 signis
830 1935 967 2015 milites,
986 1935 1092 2001 donec
1109 1939 1202 2002 simi·

131 2041 210 2101 lium
224 2039 394 2101 turbarum
410 2039 550 2123 suspicio
566 2053 720 2116 cessaret,
737 2036 819 2098 ratio
834 2053 936 2115 esset,
950 2035 1072 2101 dimisit
1082 2056 1203 2125 praetor

131 2142 261 2227 copias:
282 2139 380 2225 ithue
399 2162 500 2200 (musar
516 2139 598 2213 luit,
615 2136 843 2201 accedentibus
858 2137 953 2200 etiam
969 2138 1108 2202 aliorum
1123 2162 1202 2227 pra-

132 2244 177 2303 vis
199 2241 359 2318 cottsiliiS,
389 2256 424 2301 ut
453 2262 558 2324 neque
584 2239 727 2301 nuntiata
752 2238 786 2301 P.
807 2237 912 2301 Clonii
938 2238 1055 2325 equitis
1072 2242 1202 2304 romani

132 2356 256 2418 morte,
271 2362 366 2424 quem
379 2341 459 2400 servi
475 2339 524 2399 sni
539 2336 740 2417 occiderant,
753 2339 785 2400 in
799 2354 945 2425 tempore
955 2356 1081 2419 motus,
1092 2342 1203 2407 otium

132 2440 192 2502 illis
210 2439 348 2528 augendi
367 2463 561 2518 numerum,
581 2461 680 2525 seque
698 2440 795 2503 rebus
814 2440 967 2504 omnibus
984 2439 1201 2508 confirmandi

132 2539 207 2603 dare
223 2556 404 2627 cogeretur.

176 2641 325 2704 XXXIV.
347 2642 432 2726 Ergo
455 2657 527 2725 post
546 2662 665 2726 paucos
683 2640 752 2703 dies
769 2642 982 2728 presentibus
1002 2666 1077 2706 cum
1097 2647 1201 2734 copiis

132 2744 315 2830 proiectus,
341 2765 466 2828 quutn,
491 2742 572 2805 Alba
599 2726 695 2805 amne
715 2759 886 2830 superato,
912 2763 1027 2832 praetcr
1051 2762 1201 2811 montem

129 2846 338 2932 Capi-lanum,
356 2846 388 2904 in
409 2868 475 2928 quo
492 2843 671 2907 delectores
688 2843 919 2925 consederant,
938 2845 1101 2925 duxisset,
1116 2847 1201 2913 adeo

131 2947 210 3009 nibil
226 2968 280 3007 eos
298 2946 432 3023 terruit,
452 2962 631 3024 utcontra,
650 2968 761 3032 sparso
778 2970 927 3026 rumore,
947 2964 1120 3034 praetorem
1144 2972 1201 3014 ro·

131 3069 263 3109 manum
283 3061 371 3106 metu
394 3047 529 3107 intactos
559 3047 769 3133 praeteriisse,
795 3048 1091 3112 confirmarentur:
1115 3050 1201 3116 adeo

131 3148 239 3210 multis
264 3145 304 3208 od
330 3148 413 3207 hanc
441 3149 557 3208 lauram
583 3144 845 3228 confluentibus,
865 3166 902 3212 ut
917 3151 1094 3238 septimum
1112 3151 1201 3219 intra

130 3247 232 3327 diem,
250 3270 383 3332 quoquo
403 3248 501 3308 inodo
520 3247 631 3308 armati
648 3248 756 3333 plures
776 3251 969 3337 octingentis
988 3272 1202 3317 numeraren-

132 3365 203 3426 tur,
223 3363 254 3408 et
270 3348 353 3409 sicut
370 3349 436 3408 haec
461 3348 532 3407 talia
556 3346 679 3409 facilius
698 3366 876 3435 augentur,
897 3374 994 3438 quant
1013 3352 1200 3439 incipiunt,

130 3448 226 3533 paulo
250 3464 321 3532 post
347 3472 443 3533 supra
465 3447 532 3508 ‹luo
559 3448 655 3510 millia
680 3450 853 3514 hominum
874 3454 906 3515 in
923 3453 1019 3534 armis
1036 3455 1138 3517 fuere.
1160 3454 1201 3519 ld

131 3547 188 3608 ubi
208 3563 324 3632 praetor
344 3548 484 3632 accrfpit,
509 3550 544 3609 C.
572 3548 695 3613 Titinio
715 3552 848 3632 milites,
864 3576 939 3617 cum
957 3554 1076 3643 quibus
1093 3556 1200 3621 Hera·

129 3649 228 3710 clcam
254 3664 402 3719 venerat,
428 3647 585 3724 adjunctis
613 3650 747 3738 insuper
775 3656 954 3735 sexcentis,
983 3676 1066 3740 quos
1092 3657 1200 3723 Ennae

130 3748 306 3813 detraxerat
325 3749 492 3834 pracsidio,
510 3750 651 3816 tradidit.
704 3802 708 3809 .

172 3850 305 3912 XXXV.
330 3850 392 3911 seu
422 3853 529 3914 infelix
554 3854 677 3917 Titinio
701 3879 811 3943 pugna
830 3874 942 3920 contra
960 3856 1146 3944 desperatos
1165 3877 1200 3925 et

129 3953 258 4038 ingenio
276 3951 336 4012 loci
355 3955 494 4037 potiores
514 3956 597 4017 luit:
622 3956 715 4019 multi
733 3958 850 4021 milites
866 3961 989 4041 antissi3
1007 3960 1114 4023 caeteri
1136 3962 1198 4026 ab·

126 4052 216 4127 jectis
235 4051 330 4113 armis
350 4054 527 4140 fugientes,
545 4056 763 4122 defectoribus
778 4075 810 4122 et
826 4061 1080 4125 instrumentum
1096 4062 1199 4143 belli,

128 4175 193 4237 quo
217 4155 353 4217 maxime
375 4158 527 4243 egebant,
550 4175 581 4220 ct
606 4181 754 4247 magnam
771 4184 810 4226 ex
826 4163 960 4226 victoria
979 4162 1097 4226 famant
1118 4165 1198 4229 reli·

127 4271 278 4338 querunt.
303 4260 454 4321 Certatim
473 4258 589 4345 igitur,
604 4277 641 4323 ut
658 4261 699 4324 ad
716 4286 925 4328 communem
941 4288 1068 4328 causant
1084 4288 1198 4352 spem·

126 4374 189 4437 que
202 4360 469 4419 concurrentibus
484 4361 645 4442 fugitivis,
660 4384 756 4450 supra
770 4389 823 4428 sex
837 4367 935 4429 millia
950 4368 1073 4447 ell'ccti,
1088 4391 1196 4453 quum

127 4452 273 4514 litluciatu
298 4480 450 4518 numerus
468 4476 617 4543 augeret,
637 4484 677 4525 nc
694 4465 763 4527 sine
781 4467 875 4528 certis
895 4467 1020 4554 legibus
1042 4468 1198 4552 imperio-
