2594 4980
296 711 351 784 tn
381 705 497 784 [οε.
523 716 614 784 arr.
641 680 670 784 L
700 717 915 789 Liviani
964 718 970 724 ·
1071 743 1138 822 ηρ·

115 819 318 905 «tudiceretur,
333 824 410 904 alia,
426 847 568 910 quorum
594 846 700 911 neque
718 824 857 889 obscura
877 829 1007 911 notitia,
1030 854 1138 921 neque

73 966 77 989 ·.
115 946 215 989 «ursus
228 948 292 990 esse
308 949 422 1015 parurn
442 926 579 990 acerbus
597 942 719 1013 potest,
736 927 931 992 meminerit.

73 992 76 1119 l
145 1026 239 1092 XXXI.
248 1057 261 1083 a
272 1027 354 1092 Nam
365 1044 398 1092 te
409 1027 498 1116 quod
510 1032 640 1108 attinet,
657 1045 773 1115 praeter
784 1051 973 1096 communes
986 1034 1138 1101 omnibus

114 1150 227 1211 «cusu,
243 1129 425 1195 domesticae
441 1129 787 1218 propriaeque'injuriae
808 1145 999 1219 perpetuum
1018 1135 1138 1200 Roma·

115 1227 289 1294 motuum
308 1247 529 1296 auctorarunt.
549 1232 595 1294 Ut
607 1252 704 1294 avum
723 1247 818 1294 tuum
841 1248 980 1314 taceam,
996 1233 1039 1298 ita
1059 1259 1139 1300 eun·
1206 1255 1208 1258 ·

115 1330 264 1395 ιωωεΙίοιο
282 1347 473 1413 mactatum,
492 1348 529 1396 ut
548 1330 761 1395 deliberatum
783 1332 853 1395 seni
873 1356 1005 1421 quoque
1027 1336 1141 1418 luerit,

114 1452 182 1495 «nou
191 1432 308 1499 ulterius
326 1435 385 1498 ista
403 1435 468 1522 pati
486 1458 493 1498 :
511 1457 608 1521 quarn
622 1433 764 1522 indignis
781 1432 886 1498 modis
903 1451 1027 1521 patrem
1044 1454 1140 1503 tuum

114 1528 279 1599 «ubieunt
298 1535 470 1617 miserum,
490 1558 587 1623 quem
609 1551 683 1623 post
700 1536 786 1600 varia
806 1553 839 1600 et
860 1537 979 1601 atrocia
999 1537 1140 1607 ludibria

115 1647 215 1698 monto
226 1633 317 1701 fidem
330 1636 438 1701 datam
448 1636 655 1701 oeciderunt!
672 1637 762 1719 Quid
779 1636 820 1700 de
838 1638 991 1703 fratribus
1008 1642 1072 1704 tuis
1089 1641 1138 1706 di·

73 1792 76 1825 ,
116 1750 198 1813 «mm,
212 1758 345 1822 quorum
363 1737 512 1827 sanguini
532 1754 768 1825 pepercerunt,
781 1754 827 1827 ,ut
846 1740 1008 1828 ambigere
1027 1741 1139 1828 liccat,

73 1838 76 1869 ²
115 1830 299 1902 ‹uudeliusne
325 1839 522 1903 servaverint
550 1838 654 1919 filios,
680 1863 720 1903 an
750 1840 968 1906 interfecerint
991 1845 1156 1930 patreml·

116 1928 213 2012 ·Quam
222 1936 383 2019 immanis,
397 1938 442 2002 dii
457 1939 555 2021 boni,
569 1939 685 2002 fastus!
704 1954 823 2025 quanta
840 1940 1061 2027 superbissimi
1080 1966 1140 2030 po-

116 2031 182 2118 -pli
201 2035 377 2103 insolentia!
405 2039 495 2120 Quid
518 2037 605 2102 aliud
625 2061 662 2100 ea
685 2039 853 2103 clementia
876 2042 1047 2127 quaesitum
1071 2061 1139 2130 est,

73 2196 77 2221 ι
116 2154 202 2219 ‘quem
216 2155 248 2204 ut
268 2163 325 2229 per
347 2163 508 2204 summam
532 2139 784 2227 impudentiam,
807 2139 886 2204 dum
909 2144 988 2232 regii
1004 2145 1139 2224 juvenes

73 2264 75 2285 ι
116 2237 265 2306 ‹tntlsbrili
278 2265 375 2331 opere
389 2241 609 2322 sordidantur,
623 2257 679 2305 aut
693 2243 850 2329 scriptum
865 2244 1007 2327 faciunt,
1022 2262 1054 2310 et
1068 2270 1137 2311 ma·

73 2366 75 2373 ·
116 2335 277 2422 quietibus
290 2360 465 2432 apparent,
480 2342 626 2431 quotidie
640 2342 681 2407 de
697 2341 888 2407 Macedonia
900 2345 1140 2433 triumpharet?

146 2434 253 2508 XXXII.
270 2445 369 2509 «Haec
384 2443 518 2532 quidem
534 2444 609 2508 novi
622 2443 790 2523 cujusdam
803 2459 835 2507 et
847 2444 983 2509 inauditi
1000 2450 1140 2537 exempli

73 2610 75 2615 ,
115 2554 197 2622 stunt,
215 2543 368 2634 adeoque,
389 2546 578 2633 priusquam
601 2543 731 2624 fierent,
751 2545 892 2633 cogitare
912 2545 953 2610 de
979 2546 1018 2610 iis
1040 2569 1138 2611 nemo

117 2641 268 2727 ⁸potuissem
281 2647 346 2726 jam
365 2663 473 2711 tamen
488 2669 623 2710 avorum
641 2663 829 2709 nostrorum
848 2645 1050 2733 providentia
1064 2649 1139 2714 satis

73 2778 75 2845 i
117 2733 322 2829 deprehendit,
339 2771 437 2836 quam
450 2749 584 2813 acerbus
596 2748 727 2833 utrique
738 2748 863 2833 populo
877 2747 1007 2811 futurus
1022 2749 1139 2813 Rorna-

73 2848 77 2931 Ἰ
117 2855 176 2903 ‘¹¹⁰⁸
189 2863 273 2926 esset,
293 2848 354 2913 nisi
371 2849 483 2928 juncta
499 2872 561 2937 ope
580 2848 774 2934 sociatisque
788 2847 911 2910 viribus
925 2866 1138 2914 coerceretur.

73 2938 78 3039 l
118 2932 329 3045 ‘lilpmlemum
342 2949 464 3038 aliquid
476 2967 576 3030 esset,
593 2947 654 3012 nisi
671 2947 852 3035 captivitate
868 2948 1065 3038 legatorum,
1082 2951 1139 3037 qui

117 3053 192 3105 ’ΝΜ
202 3047 406 3116 Hannibalem
423 3067 455 3115 et
472 3051 657 3138 Philippum
673 3048 915 3129 commeabant,
933 3052 1139 3115 communio·

118 3154 185 3205 *Μ
196 3152 413 3235 consiliorum,
431 3168 463 3216 et
478 3152 754 3240 opportunitatem
766 3167 973 3239 temporum,
987 3175 1059 3239 quoe
1072 3152 1139 3218 duo

73 3276 76 3289 ¹
117 3235 267 3321 'Mum
287 3254 395 3319 valent
417 3255 450 3318 in
474 3254 575 3335 bello,
602 3254 733 3316 fortuna
756 3252 946 3316 sustulisset.
971 3251 1034 3316 Sed
1056 3253 1139 3318 lorte

118 3333 216 3415 «litia
227 3355 345 3437 visum,
364 3371 416 3437 ut,
431 3354 509 3442 quid
526 3355 609 3418 inter
620 3354 793 3444 gloriosam
812 3353 1007 3434 libertatem,
1026 3369 1058 3416 et
1074 3354 1137 3418 hu·

118 3438 186 3508 'mlle
197 3457 351 3520 servitium
370 3457 555 3536 interesset,
571 3455 714 3543 experti,
733 3455 951 3521 cortstantiore
969 3455 1138 3542 proposito

116 3552 209 3629 Ὧδε
221 3555 448 3622 insisteremus.
464 3557 564 3641 Quod
581 3559 679 3646 igitur
695 3557 770 3621 l'elix
787 3558 994 3644 faustumque
1012 3557 1068 3633 sit,
1090 3557 1138 3621 his

116 3634 220 3730 'ltfflbua
229 3660 400 3725 amicitiam
416 3661 578 3740 ineamus,
594 3675 633 3723 ut
646 3681 822 3723 commune
836 3659 930 3722 nobis
944 3673 1058 3722 eontra
1072 3658 1138 3721 Ro·

116 3755 213 3848 ’ΨΜ
221 3757 337 3825 bellum
349 3761 407 3843 sit,
421 3785 481 3826 nec
497 3761 559 3825 nisi
571 3759 739 3824 communi
753 3759 889 3823 consilio
905 3774 1056 3846 ponatur.
1070 3757 1101 3820 N
1102 3779 1138 3821 ec

73 3860 79 3945 l
115 3856 153 3951 ’Ψ
164 3866 280 3933 Ρῑθεεω
297 3886 316 3927 a
333 3879 365 3927 te
379 3863 486 3944 aliud,
501 3885 597 3951 quarn
612 3860 702 3951 quod
718 3861 804 3924 ultro
817 3862 960 3923 facturus
975 3881 1062 3937 eras,
1080 3880 1137 3945 pe·

73 3952 77 4043 ξ
114 3949 218 4055 'llum
229 3978 264 4027 ut
281 3987 380 4053 quam
396 3965 469 4045 jure
483 3965 596 4052 cepisti
609 3961 805 4027 Macedonia
818 3961 1072 4048 possessionem,
1087 3978 1139 4020 an

114 4052 173 4106 ‘¹⁰²⁸
182 4071 402 4153 usquequaque
417 4065 545 4129 tuearis.
814 4120 816 4124 a

73 4172 75 4225 j
139 4137 268 4249 Qu.
293 4165 491 4254 «Egregium
520 4164 695 4228 exercitum
716 4161 831 4241 habes3
847 4160 1011 4225 Thracum
1028 4154 1137 4220 fortis·

73 4254 75 4273 ⁵
111 4253 327 4343 Quina:
343 4282 482 4330 nectam
500 4266 678 4354 longinqua
696 4280 744 4328 est
759 4263 864 4341 Italia,
881 4277 913 4324 et
925 4262 997 4339 iter,
1016 4256 1056 4321 de
1073 4279 1140 4344 quo

109 4351 171 4409 ’Μ
185 4377 253 4429 avus
269 4384 347 4432 tuus
363 4367 611 4447 deliberaverat,
625 4365 712 4430 nosti
730 4387 738 4428 ε
759 4387 824 4426 non
840 4361 931 4425 aliter
949 4361 1064 4447 quietio
1083 4354 1140 4421 tibi

178 4470 235 4546 IX,
926 4499 949 4566 ς)
