2594 4980
63 756 69 819 ι
241 724 297 808 nt
326 724 716 807 uocarentur
744 737 957 814 olvitur.
1081 754 1127 836 97

63 844 71 945 ξ
109 871 156 923 tau
163 859 278 924 insanos
289 860 323 922 in
336 859 510 923 cachinnos
522 857 651 938 ellusae,
664 858 708 920 ita
723 858 844 921 meritis
858 859 1032 925 vindictam
1043 861 1129 927 hanc

109 960 206 1025 durrurn
221 960 472 1050 gratulabantur.

137 1062 263 1126 lllllllV.
278 1062 356 1127 Non
371 1062 507 1140 multos,
522 1076 560 1123 ut
576 1082 615 1123 ex
630 1075 720 1125 tanto
737 1081 895 1140 numero,
908 1061 1056 1144 vidisses,
1073 1069 1131 1154 qui

110 1164 192 1227 uuis
209 1163 313 1228 adhuc
335 1177 502 1249 compotes
523 1161 732 1227 crederentur
758 1183 766 1224 :
791 1162 830 1224 iis
855 1177 962 1224 tamen
984 1163 1132 1229 claudere

109 1279 185 1348 portas
199 1265 282 1329 urbis
300 1286 386 1328 curae
407 1264 486 1343 fuit,
508 1279 558 1343 et,
575 1263 650 1348 quia
669 1261 836 1349 catapulta
852 1260 1000 1344 deerant,
1019 1263 1060 1327 ad
1080 1288 1131 1329 ar·

110 1364 197 1430 andos
206 1384 402 1457 aggressores
417 1366 483 1428 vim
500 1365 643 1452 lapidum
658 1366 691 1427 in
707 1365 823 1429 moenia
836 1381 1051 1452 comportare.
1067 1368 1132 1431 Eo·

111 1462 161 1527 dun
171 1465 230 1548 die,
244 1482 281 1531 ut
298 1466 441 1554 primum
457 1466 563 1553 aliqua
580 1482 710 1529 senatus
727 1488 796 1528 esse
812 1464 914 1528 fornia
930 1467 1055 1553 potuit,
1075 1468 1132 1533 de·

111 1581 200 1633 cuturn
213 1567 252 1632 dc
266 1565 411 1658 gerendo
420 1567 512 1631 bello
527 1567 647 1630 factum
664 1582 728 1630 est:
739 1565 779 1629 ad
793 1565 884 1651 quod
900 1568 975 1652 quia
988 1568 1134 1656 praesidia

111 1667 185 1731 unna
203 1668 348 1743 deerant,
365 1689 445 1731 uno.
456 1667 619 1754 praeconio
637 1688 746 1731 servos
763 1689 876 1729 omnes
892 1666 933 1730 ad
952 1668 1134 1734 libertatern

111 1767 263 1832 annuam
278 1768 387 1832 vocari
402 1767 545 1856 placuit:
562 1768 709 1854 proxima
723 1766 764 1830 de
779 1767 943 1831 exsulibus
960 1791 1037 1833 cura
1052 1771 1133 1854 lirit3

112 1884 213 1947 uorum
227 1869 295 1933 dux
312 1867 513 1948 Hasdrubal,
530 1869 671 1932 exercitu
687 1868 800 1956 viginti
820 1870 957 1933 millium
976 1871 1133 1960 stipatus,

111 1959 285 2055 ltudprocul
297 1968 379 2032 urbe
395 1967 585 2032 con-sederat
601 1992 609 2031 z
627 1968 669 2032 ad
686 1968 776 2031 hunc
793 1969 909 2032 missus
925 1985 989 2051 est,
1005 1973 1061 2058 qui
1077 1997 1134 2037 ro·

112 2083 185 2149 glut,
196 2071 438 2159 auguriorum,
451 2092 530 2157 quas
542 2071 719 2131 necessitate
732 2072 957 2154 coactapatria
966 2072 1134 2156 intulisset,

112 2163 204 2250 vllam
219 2170 521 2256 Carthaginensium
537 2172 702 2254 inperator
715 2169 803 2230 rebus
810 2166 900 2253 soris
913 2172 1055 2254 gerendis
1074 2198 1137 2239 esse

112 2264 184 2333 tella.
198 2273 234 2334 ln
258 2268 339 2333 urbe
364 2289 439 2331 curn
461 2268 598 2355 imperio
618 2289 686 2333 esse
705 2268 814 2346 jussus
834 2269 915 2332 alius
937 2271 1137 2357 Hasdrubal,

112 2361 247 2434 lluinbsae
263 2368 327 2433 lilia
342 2369 479 2457 genitus.

139 2468 251 2537 llelV.
267 2472 326 2535 llis
344 2470 388 2533 ita
406 2470 605 2550 constitutis,
622 2471 738 2533 iterum
752 2470 900 2561 legarunt
913 2475 954 2539 ad
969 2479 1136 2560 consules,

111 2569 228 2653 Pelium,
240 2586 277 2636 ut
286 2571 422 2635 bdacioe
437 2573 566 2658 engada
579 2572 699 2635 dieram
715 2575 869 2638 mr'ttcndis
881 2577 1016 2640 Romam
1028 2593 1136 2642 orato·

112 2667 167 2734 ulus
180 2674 418 2739 ancedercntur.
438 2672 511 2753 Qua
526 2692 560 2735 re
579 2687 649 2734 turn
666 2694 798 2758 quoque
814 2673 987 2764 denegata,
1003 2699 1136 2763 prorsus

113 2765 217 2839 iliulita
238 2775 372 2839 audacia
393 2773 560 2836 infremuit
588 2772 714 2855 civitas3
741 2772 887 2860 adeoque
913 2793 989 2839 sunt
1012 2779 1138 2841 accensi

114 2877 223 2942 onnam
238 2876 359 2954 animi,
377 2889 415 2938 ut
432 2872 487 2937 vel
502 2876 535 2936 in
555 2872 684 2960 depensa
698 2878 811 2960 patria
828 2876 965 2936 arcturos
981 2898 1041 2938 sese
1057 2879 1141 2939 dice?

114 2987 170 3054 rat,
187 2976 238 3042 acl
257 2981 291 3040 in
310 2973 508 3062 &fundenda
526 2975 702 3036 morituros.
729 2975 842 3059 ltaque
866 2975 972 3037 statirn
995 2975 1138 3041 delubris

114 3078 227 3144 turibus
241 3079 375 3165 aliisque
392 3075 601 3163 amplioribus
620 3073 759 3138 aedificiis
779 3073 812 3136 in
833 3073 977 3138 officinas
993 3077 1137 3162 publicas

115 3178 194 3253 leuis,
207 3181 281 3260 riri,
295 3177 440 3257 feminae,
458 3177 566 3264 pueri,
582 3198 693 3250 senes,
710 3197 775 3238 non
796 3174 868 3256 die,
887 3199 953 3239 non
971 3194 1071 3243 noctu
1086 3181 1136 3242 in·

116 3278 224 3344 t‘fuisso
237 3274 348 3343 labore
359 3325 368 3358 ,
379 3276 475 3340 armis
490 3274 680 3340 fabricandis
697 3275 891 3339 insudabant
908 3301 915 3340 :
932 3293 980 3358 et,
995 3280 1139 3368 nequod

117 3381 206 3463 aupes
220 3380 259 3443 ab
282 3399 381 3467 opere
403 3392 546 3457 vacaret,
569 3376 752 3440 dimensum
775 3400 841 3440 non
866 3379 978 3461 simul,
1001 3381 1057 3446 sed
1079 3406 1138 3470 per
1245 3376 1246 3381 ¹

117 3486 203 3562 Pfflu,
211 3504 270 3546 suo
280 3480 419 3569 quisque
431 3495 575 3566 ternpore
587 3478 771 3565 accipiebat.
785 3479 856 3542 Hoc
868 3480 976 3545 studio
990 3484 1138 3569 quotidie

118 3580 399 3646 slltltclliciebantur
415 3595 550 3645 centena
565 3579 784 3667 quadragena3
801 3580 896 3667 gladii
910 3585 1030 3647 treceni
1040 3608 1049 3664 ς
1060 3587 1138 3665 tela,

119 3681 315 3751 quadrinis
327 3681 512 3757 mittuntur,
528 3680 672 3761 rnillena3
689 3680 819 3768 tragulae
831 3697 862 3742 et
877 3683 993 3746 lanceae
1008 3687 1139 3774 quinge-

120 3784 166 3834 aa:
175 3791 232 3843 turn
242 3780 475 3869 catapultarum
490 3795 650 3867 quantum
663 3795 788 3867 poterat
799 3802 806 3843 ε
818 3781 857 3843 ad
869 3793 950 3867 quas
960 3785 1138 3851 tendendos

120 3870 171 3949 ‘llll
183 3876 389 3947 brniculorum
404 3899 470 3947 erat
486 3883 614 3969 inopia,
626 3882 767 3969 primurn
779 3880 907 3944 ancillas
919 3903 1084 3967 raserunt,
1102 3903 1139 3950 ut

122 3984 245 4045 “anun
258 3983 380 4070 capillis
395 3997 641 4070 torquerentur3
657 4004 733 4045 nrox
747 3982 843 4045 etiarn
862 4000 1016 4048 matronae
1034 3989 1139 4050 crines

122 4076 425 4149 uulneratorum
442 4084 631 4148 contulere:
650 4082 736 4145 ferro
759 4080 876 4145 deinde
899 4100 932 4146 et
950 4108 1025 4163 aere,
1045 4087 1137 4164 cujus

122 4170 256 4261 uiuus„
267 4185 315 4248 ris
327 4206 442 4272 magna
451 4185 484 4249 in
500 4184 656 4249 thesauris
667 4183 804 4271 publicis
817 4184 1034 4271 superfuerat,
1055 4185 1136 4249 ‹leli-

145 4346 261 4418 luxn.
274 4368 329 4417 tu.
340 4367 407 4432 spa.
421 4394 455 4405 -
466 4366 680 4425 nor.11,1s.-
690 4366 751 4415 zon.
765 4392 800 4403 -
816 4366 923 4429 appan.

193 4458 242 4526 IX.
949 4482 967 4551 7
