<?xml version="1.0" encoding="UTF-8"?>
<!DOCTYPE html PUBLIC "-//W3C//DTD XHTML 1.0 Transitional//EN"
    "http://www.w3.org/TR/xhtml1/DTD/xhtml1-transitional.dtd">
<html xmlns="http://www.w3.org/1999/xhtml" xml:lang="en" lang="en">
 <head>
  <title>
</title>
<meta http-equiv="Content-Type" content="text/html;charset=utf-8" />
  <meta name='ocr-system' content='tesseract 3.04.00' />
  <meta name='ocr-capabilities' content='ocr_page ocr_carea ocr_par ocr_line ocrx_word'/>
</head>
<body>
  <div class='ocr_page' id='page_1' title='image "./titusliviuspata00freigoog_0395.png"; bbox 0 0 2594 4980; ppageno 0'>
   <div class='ocr_carea' id='block_1_1' title="bbox 166 719 1055 818">
    <p class='ocr_par' dir='ltr' id='par_1_1' title="bbox 166 719 1055 818">
     <span class='ocr_line' id='line_1_1' title="bbox 166 719 1055 818; baseline -0.004 -16"><span class='ocrx_word' id='word_1_1' title='bbox 166 736 239 818; x_wconf 70' lang='lat'><strong>404</strong></span> <span class='ocrx_word' id='word_1_2' title='bbox 342 732 409 800; x_wconf 85' lang='lat' dir='ltr'><strong>Jo.</strong></span> <span class='ocrx_word' id='word_1_3' title='bbox 437 727 780 800; x_wconf 77' lang='lat' dir='ltr'><strong>rnnmsnnnnr</strong></span> <span class='ocrx_word' id='word_1_4' title='bbox 812 719 1055 800; x_wconf 78' lang='lat' dir='ltr'><strong>surrttnt.</strong></span> 
     </span>
    </p>
   </div>
   <div class='ocr_carea' id='block_1_2' title="bbox 38 847 1244 4183">
    <p class='ocr_par' dir='ltr' id='par_1_2' title="bbox 159 847 1244 1427">
     <span class='ocr_line' id='line_1_2' title="bbox 165 847 1244 941; baseline 0.002 -23"><span class='ocrx_word' id='word_1_5' title='bbox 165 854 368 919; x_wconf 89' lang='lat' dir='ltr'><strong>tribunatum</strong></span> <span class='ocrx_word' id='word_1_6' title='bbox 383 849 520 939; x_wconf 88' lang='lat' dir='ltr'><strong>adeptus</strong></span> <span class='ocrx_word' id='word_1_7' title='bbox 538 864 596 914; x_wconf 88' lang='lat' dir='ltr'><strong>est.</strong></span> <span class='ocrx_word' id='word_1_8' title='bbox 613 847 715 914; x_wconf 85' lang='lat' dir='ltr'><strong>Erant</strong></span> <span class='ocrx_word' id='word_1_9' title='bbox 726 847 792 930; x_wconf 87' lang='lat' dir='ltr'><strong>jam</strong></span> <span class='ocrx_word' id='word_1_10' title='bbox 808 864 881 915; x_wconf 89' lang='lat' dir='ltr'><strong>tum</strong></span> <span class='ocrx_word' id='word_1_11' title='bbox 897 850 931 914; x_wconf 90' lang='lat' dir='ltr'><strong>iu</strong></span> <span class='ocrx_word' id='word_1_12' title='bbox 946 850 1067 939; x_wconf 86' lang='lat' dir='ltr'><strong>jurene</strong></span> <span class='ocrx_word' id='word_1_13' title='bbox 1081 852 1244 941; x_wconf 81' lang='lat' dir='ltr'><strong>spiritus,</strong></span> 
     </span>
     <span class='ocr_line' id='line_1_3' title="bbox 164 948 1242 1046; baseline -0.002 -26"><span class='ocrx_word' id='word_1_14' title='bbox 164 955 274 1046; x_wconf 86' lang='lat' dir='ltr'><strong>quales</strong></span> <span class='ocrx_word' id='word_1_15' title='bbox 288 954 385 1019; x_wconf 88' lang='lat' dir='ltr'><strong>rebus</strong></span> <span class='ocrx_word' id='word_1_16' title='bbox 400 951 549 1041; x_wconf 81' lang='lat' dir='ltr'><strong>gerendis</strong></span> <span class='ocrx_word' id='word_1_17' title='bbox 560 967 671 1040; x_wconf 83' lang='lat' dir='ltr'><strong>postea</strong></span> <span class='ocrx_word' id='word_1_18' title='bbox 682 951 909 1023; x_wconf 82' lang='lat' dir='ltr'><strong>emicuerunt:</strong></span> <span class='ocrx_word' id='word_1_19' title='bbox 924 950 1023 1041; x_wconf 81' lang='lat' dir='ltr'><strong>igitur</strong></span> <span class='ocrx_word' id='word_1_20' title='bbox 1030 948 1242 1035; x_wconf 76' lang='lat' dir='ltr'><strong>judicicium</strong></span> 
     </span>
     <span class='ocr_line' id='line_1_4' title="bbox 163 1046 1243 1143; baseline 0.002 -22"><span class='ocrx_word' id='word_1_21' title='bbox 163 1072 196 1122; x_wconf 91' lang='lat' dir='ltr'><strong>et</strong></span> <span class='ocrx_word' id='word_1_22' title='bbox 211 1054 316 1142; x_wconf 88' lang='lat' dir='ltr'><strong>campi</strong></span> <span class='ocrx_word' id='word_1_23' title='bbox 330 1052 499 1142; x_wconf 83' lang='lat' dir='ltr'><strong>perfidiam</strong></span> <span class='ocrx_word' id='word_1_24' title='bbox 513 1074 666 1141; x_wconf 88' lang='lat' dir='ltr'><strong>perosus,</strong></span> <span class='ocrx_word' id='word_1_25' title='bbox 680 1046 936 1142; x_wconf 82' lang='lat' dir='ltr'><strong>quampluribus</strong></span> <span class='ocrx_word' id='word_1_26' title='bbox 948 1052 983 1117; x_wconf 90' lang='lat' dir='ltr'><strong>in</strong></span> <span class='ocrx_word' id='word_1_27' title='bbox 993 1046 1243 1143; x_wconf 73' lang='lat' dir='ltr'><strong>quaesmrte&#39;tti·</strong></span> 
     </span>
     <span class='ocr_line' id='line_1_5' title="bbox 162 1152 1240 1245; baseline -0.001 -22"><span class='ocrx_word' id='word_1_28' title='bbox 162 1159 373 1244; x_wconf 89' lang='lat' dir='ltr'><strong>bunatusque</strong></span> <span class='ocrx_word' id='word_1_29' title='bbox 390 1155 545 1245; x_wconf 89' lang='lat' dir='ltr'><strong>petitione</strong></span> <span class='ocrx_word' id='word_1_30' title='bbox 567 1153 721 1241; x_wconf 72' lang='lat' dir='ltr'>repulsis,</span> <span class='ocrx_word' id='word_1_31' title='bbox 740 1175 843 1242; x_wconf 88' lang='lat' dir='ltr'><strong>quum</strong></span> <span class='ocrx_word' id='word_1_32' title='bbox 859 1152 1019 1218; x_wconf 85' lang='lat' dir='ltr'><strong>industria</strong></span> <span class='ocrx_word' id='word_1_33' title='bbox 1036 1152 1240 1238; x_wconf 83' lang='lat' dir='ltr'><strong>confideret,</strong></span> 
     </span>
     <span class='ocr_line' id='line_1_6' title="bbox 160 1254 1238 1346; baseline -0.004 -21"><span class='ocrx_word' id='word_1_34' title='bbox 160 1259 327 1326; x_wconf 84' lang='lat' dir='ltr'><strong>adversam</strong></span> <span class='ocrx_word' id='word_1_35' title='bbox 346 1274 506 1338; x_wconf 82' lang='lat' dir='ltr'><strong>senserat,</strong></span> <span class='ocrx_word' id='word_1_36' title='bbox 523 1256 683 1320; x_wconf 89' lang='lat' dir='ltr'><strong>ambitum</strong></span> <span class='ocrx_word' id='word_1_37' title='bbox 702 1277 851 1320; x_wconf 85' lang='lat' dir='ltr'><strong>coercere</strong></span> <span class='ocrx_word' id='word_1_38' title='bbox 867 1254 938 1344; x_wconf 79' lang='lat' dir='ltr'><strong>lege</strong></span> <span class='ocrx_word' id='word_1_39' title='bbox 957 1255 1165 1346; x_wconf 82' lang='lat' dir='ltr'><strong>promulgata</strong></span> <span class='ocrx_word' id='word_1_40' title='bbox 1182 1257 1238 1321; x_wconf 89' lang='lat' dir='ltr'><strong>in-</strong></span> 
     </span>
     <span class='ocr_line' id='line_1_7' title="bbox 159 1361 276 1427; baseline -0.009 0"><span class='ocrx_word' id='word_1_41' title='bbox 159 1361 276 1427; x_wconf 89' lang='lat' dir='ltr'><strong>stituit.</strong></span> 
     </span>
    </p>

    <p class='ocr_par' dir='ltr' id='par_1_3' title="bbox 152 1456 1237 2438">
     <span class='ocr_line' id='line_1_8' title="bbox 203 1456 1237 1549; baseline 0 -22"><span class='ocrx_word' id='word_1_42' title='bbox 203 1459 354 1527; x_wconf 84' lang='lat' dir='ltr'><strong>LXXIX.</strong></span> <span class='ocrx_word' id='word_1_43' title='bbox 371 1460 410 1523; x_wconf 90' lang='lat' dir='ltr'><strong>ln</strong></span> <span class='ocrx_word' id='word_1_44' title='bbox 429 1482 464 1523; x_wconf 89' lang='lat' dir='ltr'><strong>ea</strong></span> <span class='ocrx_word' id='word_1_45' title='bbox 482 1479 607 1522; x_wconf 89' lang='lat' dir='ltr'><strong>novum</strong></span> <span class='ocrx_word' id='word_1_46' title='bbox 619 1457 685 1522; x_wconf 89' lang='lat' dir='ltr'><strong>hoc</strong></span> <span class='ocrx_word' id='word_1_47' title='bbox 694 1473 728 1523; x_wconf 90' lang='lat' dir='ltr'><strong>et</strong></span> <span class='ocrx_word' id='word_1_48' title='bbox 737 1458 900 1549; x_wconf 74' lang='lat' dir='ltr'><strong>singulare</strong></span> <span class='ocrx_word' id='word_1_49' title='bbox 913 1456 993 1540; x_wconf 82' lang='lat' dir='ltr'><strong>fuit,</strong></span> <span class='ocrx_word' id='word_1_50' title='bbox 1008 1457 1099 1547; x_wconf 87' lang='lat' dir='ltr'><strong>quod</strong></span> <span class='ocrx_word' id='word_1_51' title='bbox 1113 1476 1237 1549; x_wconf 81' lang='lat' dir='ltr'><strong>pontes</strong></span> 
     </span>
     <span class='ocr_line' id='line_1_9' title="bbox 156 1559 1236 1651; baseline -0.001 -22"><span class='ocrx_word' id='word_1_52' title='bbox 156 1563 227 1629; x_wconf 86' lang='lat' dir='ltr'><strong>fieri</strong></span> <span class='ocrx_word' id='word_1_53' title='bbox 239 1564 334 1644; x_wconf 88' lang='lat' dir='ltr'><strong>jussit</strong></span> <span class='ocrx_word' id='word_1_54' title='bbox 347 1561 571 1650; x_wconf 85' lang='lat' dir='ltr'><strong>angustiores,</strong></span> <span class='ocrx_word' id='word_1_55' title='bbox 589 1581 650 1643; x_wconf 90' lang='lat' dir='ltr'><strong>ne,</strong></span> <span class='ocrx_word' id='word_1_56' title='bbox 671 1581 775 1648; x_wconf 88' lang='lat' dir='ltr'><strong>quum</strong></span> <span class='ocrx_word' id='word_1_57' title='bbox 792 1560 834 1625; x_wconf 89' lang='lat' dir='ltr'><strong>ad</strong></span> <span class='ocrx_word' id='word_1_58' title='bbox 849 1559 1002 1651; x_wconf 76' lang='lat' dir='ltr'><strong>suffragia</strong></span> <span class='ocrx_word' id='word_1_59' title='bbox 1018 1561 1236 1647; x_wconf 80' lang='lat' dir='ltr'><strong>transiretur,</strong></span> 
     </span>
     <span class='ocr_line' id='line_1_10' title="bbox 156 1660 1235 1754; baseline -0.003 -23"><span class='ocrx_word' id='word_1_60' title='bbox 156 1666 273 1754; x_wconf 89' lang='lat' dir='ltr'><strong>inspici</strong></span> <span class='ocrx_word' id='word_1_61' title='bbox 290 1664 436 1743; x_wconf 84' lang='lat' dir='ltr'><strong>tabellae,</strong></span> <span class='ocrx_word' id='word_1_62' title='bbox 454 1663 600 1752; x_wconf 80' lang='lat' dir='ltr'><strong>rogarire</strong></span> <span class='ocrx_word' id='word_1_63' title='bbox 623 1677 682 1746; x_wconf 85' lang='lat' dir='ltr'><strong>aut</strong></span> <span class='ocrx_word' id='word_1_64' title='bbox 700 1661 855 1750; x_wconf 84' lang='lat' dir='ltr'><strong>appellari</strong></span> <span class='ocrx_word' id='word_1_65' title='bbox 874 1660 1025 1726; x_wconf 87' lang='lat' dir='ltr'><strong>homines</strong></span> <span class='ocrx_word' id='word_1_66' title='bbox 1042 1661 1235 1728; x_wconf 88' lang='lat' dir='ltr'><strong>clanculum</strong></span> 
     </span>
     <span class='ocr_line' id='line_1_11' title="bbox 155 1760 1233 1856; baseline -0.003 -25"><span class='ocrx_word' id='word_1_67' title='bbox 155 1781 300 1856; x_wconf 88' lang='lat' dir='ltr'><strong>possent.</strong></span> <span class='ocrx_word' id='word_1_68' title='bbox 314 1765 353 1829; x_wconf 93' lang='lat' dir='ltr'><strong>ld</strong></span> <span class='ocrx_word' id='word_1_69' title='bbox 367 1787 470 1852; x_wconf 88' lang='lat' dir='ltr'><strong>quum</strong></span> <span class='ocrx_word' id='word_1_70' title='bbox 485 1762 526 1826; x_wconf 90' lang='lat' dir='ltr'><strong>ad</strong></span> <span class='ocrx_word' id='word_1_71' title='bbox 538 1760 749 1826; x_wconf 83' lang='lat' dir='ltr'><strong>minuendam</strong></span> <span class='ocrx_word' id='word_1_72' title='bbox 761 1760 948 1850; x_wconf 83' lang='lat' dir='ltr'><strong>principum</strong></span> <span class='ocrx_word' id='word_1_73' title='bbox 962 1761 1141 1850; x_wconf 85' lang='lat' dir='ltr'><strong>potentiam</strong></span> <span class='ocrx_word' id='word_1_74' title='bbox 1152 1784 1233 1851; x_wconf 87' lang='lat' dir='ltr'><strong>per-</strong></span> 
     </span>
     <span class='ocr_line' id='line_1_12' title="bbox 154 1858 1233 1952; baseline -0.006 -21"><span class='ocrx_word' id='word_1_75' title='bbox 154 1867 289 1949; x_wconf 87' lang='lat' dir='ltr'><strong>tineret,</strong></span> <span class='ocrx_word' id='word_1_76' title='bbox 306 1867 342 1930; x_wconf 89' lang='lat' dir='ltr'><strong>L.</strong></span> <span class='ocrx_word' id='word_1_77' title='bbox 353 1866 446 1928; x_wconf 90' lang='lat' dir='ltr'><strong>Cotta</strong></span> <span class='ocrx_word' id='word_1_78' title='bbox 459 1863 594 1927; x_wconf 87' lang='lat' dir='ltr'><strong>consule</strong></span> <span class='ocrx_word' id='word_1_79' title='bbox 610 1861 763 1926; x_wconf 81' lang='lat' dir='ltr'><strong>hortante</strong></span> <span class='ocrx_word' id='word_1_80' title='bbox 773 1861 901 1942; x_wconf 86' lang='lat' dir='ltr'><strong>Patres,</strong></span> <span class='ocrx_word' id='word_1_81' title='bbox 916 1876 949 1925; x_wconf 91' lang='lat' dir='ltr'><strong>et</strong></span> <span class='ocrx_word' id='word_1_82' title='bbox 960 1862 1064 1952; x_wconf 81' lang='lat' dir='ltr'><strong>legem</strong></span> <span class='ocrx_word' id='word_1_83' title='bbox 1078 1858 1233 1952; x_wconf 83' lang='lat' dir='ltr'><strong>impediri</strong></span> 
     </span>
     <span class='ocr_line' id='line_1_13' title="bbox 154 1961 1232 2057; baseline -0.002 -25"><span class='ocrx_word' id='word_1_84' title='bbox 154 1968 294 2057; x_wconf 81' lang='lat' dir='ltr'><strong>placuit,</strong></span> <span class='ocrx_word' id='word_1_85' title='bbox 312 1982 361 2047; x_wconf 91' lang='lat' dir='ltr'><strong>et,</strong></span> <span class='ocrx_word' id='word_1_86' title='bbox 380 1964 421 2027; x_wconf 90' lang='lat' dir='ltr'><strong>ad</strong></span> <span class='ocrx_word' id='word_1_87' title='bbox 438 1961 639 2028; x_wconf 86' lang='lat' dir='ltr'><strong>reddendam</strong></span> <span class='ocrx_word' id='word_1_88' title='bbox 654 1961 777 2050; x_wconf 90' lang='lat' dir='ltr'><strong>incepti</strong></span> <span class='ocrx_word' id='word_1_89' title='bbox 791 1961 971 2044; x_wconf 83' lang='lat' dir='ltr'><strong>rationem,</strong></span> <span class='ocrx_word' id='word_1_90' title='bbox 988 1964 1025 2028; x_wconf 92' lang='lat' dir='ltr'><strong>C.</strong></span> <span class='ocrx_word' id='word_1_91' title='bbox 1036 1962 1180 2049; x_wconf 87' lang='lat' dir='ltr'><strong>Marium</strong></span> <span class='ocrx_word' id='word_1_92' title='bbox 1194 1967 1232 2030; x_wconf 90' lang='lat' dir='ltr'><strong>in</strong></span> 
     </span>
     <span class='ocr_line' id='line_1_14' title="bbox 160 2063 1230 2154; baseline 0 -21"><span class='ocrx_word' id='word_1_93' title='bbox 160 2068 284 2133; x_wconf 89' lang='lat' dir='ltr'><strong>curiam</strong></span> <span class='ocrx_word' id='word_1_94' title='bbox 304 2065 431 2130; x_wconf 84' lang='lat' dir='ltr'><strong>arcessi.</strong></span> <span class='ocrx_word' id='word_1_95' title='bbox 447 2064 544 2127; x_wconf 84' lang='lat' dir='ltr'><strong>Venit</strong></span> <span class='ocrx_word' id='word_1_96' title='bbox 557 2063 629 2146; x_wconf 86' lang='lat' dir='ltr'><strong>ille,</strong></span> <span class='ocrx_word' id='word_1_97' title='bbox 640 2085 708 2126; x_wconf 92' lang='lat' dir='ltr'><strong>uon</strong></span> <span class='ocrx_word' id='word_1_98' title='bbox 726 2078 881 2151; x_wconf 86' lang='lat' dir='ltr'><strong>tanquam</strong></span> <span class='ocrx_word' id='word_1_99' title='bbox 902 2063 1052 2154; x_wconf 83' lang='lat' dir='ltr'><strong>ignobilis</strong></span> <span class='ocrx_word' id='word_1_100' title='bbox 1068 2081 1101 2129; x_wconf 93' lang='lat' dir='ltr'><strong>et</strong></span> <span class='ocrx_word' id='word_1_101' title='bbox 1115 2064 1230 2133; x_wconf 87' lang='lat' dir='ltr'><strong>adole-</strong></span> 
     </span>
     <span class='ocr_line' id='line_1_15' title="bbox 152 2165 1228 2258; baseline -0.002 -22"><span class='ocrx_word' id='word_1_102' title='bbox 152 2194 245 2237; x_wconf 89' lang='lat' dir='ltr'><strong>scens</strong></span> <span class='ocrx_word' id='word_1_103' title='bbox 255 2170 393 2234; x_wconf 89' lang='lat' dir='ltr'><strong>sollicito</strong></span> <span class='ocrx_word' id='word_1_104' title='bbox 403 2167 525 2247; x_wconf 90' lang='lat' dir='ltr'><strong>animo,</strong></span> <span class='ocrx_word' id='word_1_105' title='bbox 536 2165 594 2230; x_wconf 86' lang='lat' dir='ltr'><strong>sed</strong></span> <span class='ocrx_word' id='word_1_106' title='bbox 602 2165 796 2254; x_wconf 87' lang='lat' dir='ltr'><strong>imperiosus</strong></span> <span class='ocrx_word' id='word_1_107' title='bbox 807 2181 840 2229; x_wconf 90' lang='lat' dir='ltr'><strong>et</strong></span> <span class='ocrx_word' id='word_1_108' title='bbox 850 2165 959 2229; x_wconf 81' lang='lat' dir='ltr'><strong>minax</strong></span> <span class='ocrx_word' id='word_1_109' title='bbox 969 2189 977 2230; x_wconf 94' lang='lat'><strong>:</strong></span> <span class='ocrx_word' id='word_1_110' title='bbox 988 2166 1228 2258; x_wconf 84' lang='lat' dir='ltr'><strong>consulemque,</strong></span> 
     </span>
     <span class='ocr_line' id='line_1_16' title="bbox 152 2265 1228 2358; baseline 0.002 -22"><span class='ocrx_word' id='word_1_111' title='bbox 152 2274 189 2336; x_wconf 84' lang='lat' dir='ltr'><strong>ui</strong></span> <span class='ocrx_word' id='word_1_112' title='bbox 210 2273 395 2335; x_wconf 83' lang='lat' dir='ltr'><strong>sententiam</strong></span> <span class='ocrx_word' id='word_1_113' title='bbox 419 2279 574 2348; x_wconf 86' lang='lat' dir='ltr'><strong>mutaret,</strong></span> <span class='ocrx_word' id='word_1_114' title='bbox 592 2268 626 2331; x_wconf 81' lang='lat' dir='ltr'><strong>in</strong></span> <span class='ocrx_word' id='word_1_115' title='bbox 647 2288 805 2332; x_wconf 82' lang='lat' dir='ltr'><strong>carcerem</strong></span> <span class='ocrx_word' id='word_1_116' title='bbox 824 2265 945 2333; x_wconf 85' lang='lat' dir='ltr'><strong>abduci</strong></span> <span class='ocrx_word' id='word_1_117' title='bbox 958 2269 1143 2358; x_wconf 87' lang='lat' dir='ltr'><strong>jussurum,</strong></span> <span class='ocrx_word' id='word_1_118' title='bbox 1167 2271 1228 2338; x_wconf 87' lang='lat' dir='ltr'><strong>de·</strong></span> 
     </span>
     <span class='ocr_line' id='line_1_17' title="bbox 153 2374 294 2438; baseline 0.007 -1"><span class='ocrx_word' id='word_1_119' title='bbox 153 2374 294 2438; x_wconf 88' lang='lat' dir='ltr'><strong>nuntiat.</strong></span> 
     </span>
    </p>

    <p class='ocr_par' dir='ltr' id='par_1_4' title="bbox 150 2468 1229 3268">
     <span class='ocr_line' id='line_1_18' title="bbox 198 2468 1226 2564; baseline 0.004 -28"><span class='ocrx_word' id='word_1_120' title='bbox 198 2471 330 2536; x_wconf 89' lang='lat' dir='ltr'><strong>LXXX.</strong></span> <span class='ocrx_word' id='word_1_121' title='bbox 350 2472 494 2552; x_wconf 90' lang='lat' dir='ltr'><strong>Consul,</strong></span> <span class='ocrx_word' id='word_1_122' title='bbox 518 2470 600 2535; x_wconf 86' lang='lat' dir='ltr'><strong>nihil</strong></span> <span class='ocrx_word' id='word_1_123' title='bbox 622 2468 773 2553; x_wconf 88' lang='lat' dir='ltr'><strong>territus,</strong></span> <span class='ocrx_word' id='word_1_124' title='bbox 793 2493 908 2561; x_wconf 80' lang='lat' dir='ltr'><strong>rogare</strong></span> <span class='ocrx_word' id='word_1_125' title='bbox 928 2487 1077 2537; x_wconf 89' lang='lat' dir='ltr'><strong>senatum</strong></span> <span class='ocrx_word' id='word_1_126' title='bbox 1097 2473 1226 2564; x_wconf 88' lang='lat' dir='ltr'><strong>incipit.</strong></span> 
     </span>
     <span class='ocr_line' id='line_1_19' title="bbox 152 2573 1229 2665; baseline 0.003 -26"><span class='ocrx_word' id='word_1_127' title='bbox 152 2574 322 2651; x_wconf 89' lang='lat' dir='ltr'><strong>Metellus,</strong></span> <span class='ocrx_word' id='word_1_128' title='bbox 337 2574 430 2652; x_wconf 90' lang='lat' dir='ltr'><strong>cujus</strong></span> <span class='ocrx_word' id='word_1_129' title='bbox 443 2573 548 2660; x_wconf 88' lang='lat' dir='ltr'><strong>prima</strong></span> <span class='ocrx_word' id='word_1_130' title='bbox 561 2573 722 2639; x_wconf 88' lang='lat' dir='ltr'><strong>sententia</strong></span> <span class='ocrx_word' id='word_1_131' title='bbox 737 2575 862 2656; x_wconf 87' lang='lat' dir='ltr'><strong>fuerat,</strong></span> <span class='ocrx_word' id='word_1_132' title='bbox 876 2576 1159 2640; x_wconf 86' lang='lat' dir='ltr'><strong>senatusconsulto</strong></span> <span class='ocrx_word' id='word_1_133' title='bbox 1173 2600 1229 2665; x_wconf 82' lang='lat' dir='ltr'><strong>pa·</strong></span> 
     </span>
     <span class='ocr_line' id='line_1_20' title="bbox 153 2673 1228 2767; baseline 0.005 -29"><span class='ocrx_word' id='word_1_134' title='bbox 153 2674 294 2739; x_wconf 89' lang='lat' dir='ltr'><strong>rendum</strong></span> <span class='ocrx_word' id='word_1_135' title='bbox 312 2696 381 2738; x_wconf 86' lang='lat' dir='ltr'><strong>esse</strong></span> <span class='ocrx_word' id='word_1_136' title='bbox 393 2690 504 2737; x_wconf 88' lang='lat' dir='ltr'><strong>censet</strong></span> <span class='ocrx_word' id='word_1_137' title='bbox 517 2696 525 2737; x_wconf 88' lang='lat'><strong>:</strong></span> <span class='ocrx_word' id='word_1_138' title='bbox 540 2690 612 2737; x_wconf 90' lang='lat' dir='ltr'><strong>tum</strong></span> <span class='ocrx_word' id='word_1_139' title='bbox 623 2697 721 2756; x_wconf 84' lang='lat' dir='ltr'><strong>vero,</strong></span> <span class='ocrx_word' id='word_1_140' title='bbox 737 2675 872 2739; x_wconf 84' lang='lat' dir='ltr'><strong>consule</strong></span> <span class='ocrx_word' id='word_1_141' title='bbox 889 2673 1039 2753; x_wconf 89' lang='lat' dir='ltr'><strong>dimisso,</strong></span> <span class='ocrx_word' id='word_1_142' title='bbox 1054 2677 1143 2742; x_wconf 88' lang='lat' dir='ltr'><strong>hunc</strong></span> <span class='ocrx_word' id='word_1_143' title='bbox 1153 2701 1228 2767; x_wconf 93' lang='lat' dir='ltr'><strong>pre·</strong></span> 
     </span>
     <span class='ocr_line' id='line_1_21' title="bbox 150 2775 1225 2868; baseline 0.004 -28"><span class='ocrx_word' id='word_1_144' title='bbox 150 2775 251 2840; x_wconf 88' lang='lat' dir='ltr'><strong>hendi</strong></span> <span class='ocrx_word' id='word_1_145' title='bbox 263 2798 320 2863; x_wconf 93' lang='lat' dir='ltr'><strong>per</strong></span> <span class='ocrx_word' id='word_1_146' title='bbox 332 2775 488 2838; x_wconf 86' lang='lat' dir='ltr'><strong>viatorem</strong></span> <span class='ocrx_word' id='word_1_147' title='bbox 498 2775 621 2840; x_wconf 88' lang='lat' dir='ltr'><strong>Marius</strong></span> <span class='ocrx_word' id='word_1_148' title='bbox 629 2775 725 2856; x_wconf 88' lang='lat' dir='ltr'><strong>jubet</strong></span> <span class='ocrx_word' id='word_1_149' title='bbox 736 2776 959 2865; x_wconf 86' lang='lat' dir='ltr'><strong>:nequcprius</strong></span> <span class='ocrx_word' id='word_1_150' title='bbox 968 2778 1107 2860; x_wconf 89' lang='lat' dir='ltr'><strong>abstitit,</strong></span> <span class='ocrx_word' id='word_1_151' title='bbox 1119 2802 1225 2868; x_wconf 89' lang='lat' dir='ltr'><strong>quum</strong></span> 
     </span>
     <span class='ocr_line' id='line_1_22' title="bbox 150 2877 1225 2966; baseline 0.003 -23"><span class='ocrx_word' id='word_1_152' title='bbox 150 2878 281 2943; x_wconf 85' lang='lat' dir='ltr'><strong>Metello</strong></span> <span class='ocrx_word' id='word_1_153' title='bbox 304 2893 434 2941; x_wconf 71' lang='lat' dir='ltr'><strong>caeteros</strong></span> <span class='ocrx_word' id='word_1_154' title='bbox 456 2877 608 2942; x_wconf 88' lang='lat' dir='ltr'><strong>tribunus</strong></span> <span class='ocrx_word' id='word_1_155' title='bbox 634 2878 834 2966; x_wconf 84' lang='lat' dir='ltr'><strong>appellante,</strong></span> <span class='ocrx_word' id='word_1_156' title='bbox 861 2878 980 2943; x_wconf 85' lang='lat' dir='ltr'><strong>auxilio</strong></span> <span class='ocrx_word' id='word_1_157' title='bbox 1000 2901 1099 2945; x_wconf 87' lang='lat' dir='ltr'><strong>neruo</strong></span> <span class='ocrx_word' id='word_1_158' title='bbox 1120 2897 1225 2964; x_wconf 87' lang='lat' dir='ltr'><strong>esset,</strong></span> 
     </span>
     <span class='ocr_line' id='line_1_23' title="bbox 151 2976 1224 3070; baseline 0.006 -28"><span class='ocrx_word' id='word_1_159' title='bbox 151 3002 249 3067; x_wconf 89' lang='lat' dir='ltr'><strong>quam</strong></span> <span class='ocrx_word' id='word_1_160' title='bbox 264 2994 379 3042; x_wconf 86' lang='lat' dir='ltr'><strong>senatu</strong></span> <span class='ocrx_word' id='word_1_161' title='bbox 392 2976 527 3041; x_wconf 86' lang='lat' dir='ltr'><strong>cedente</strong></span> <span class='ocrx_word' id='word_1_162' title='bbox 538 2979 642 3066; x_wconf 83' lang='lat' dir='ltr'><strong>legem</strong></span> <span class='ocrx_word' id='word_1_163' title='bbox 658 2978 826 3066; x_wconf 84' lang='lat' dir='ltr'><strong>perferret.</strong></span> <span class='ocrx_word' id='word_1_164' title='bbox 842 2981 988 3070; x_wconf 79' lang='lat' dir='ltr'><strong>Inclytus</strong></span> <span class='ocrx_word' id='word_1_165' title='bbox 1004 2981 1045 3045; x_wconf 89' lang='lat' dir='ltr'><strong>ab</strong></span> <span class='ocrx_word' id='word_1_166' title='bbox 1060 2982 1125 3047; x_wconf 88' lang='lat' dir='ltr'><strong>hoc</strong></span> <span class='ocrx_word' id='word_1_167' title='bbox 1137 2983 1224 3048; x_wconf 83' lang='lat' dir='ltr'><strong>facto</strong></span> 
     </span>
     <span class='ocr_line' id='line_1_24' title="bbox 152 3077 1225 3173; baseline 0.005 -27"><span class='ocrx_word' id='word_1_168' title='bbox 152 3080 241 3169; x_wconf 86' lang='lat' dir='ltr'><strong>apud</strong></span> <span class='ocrx_word' id='word_1_169' title='bbox 258 3077 500 3142; x_wconf 84' lang='lat' dir='ltr'><strong>multitudinem</strong></span> <span class='ocrx_word' id='word_1_170' title='bbox 514 3078 637 3143; x_wconf 86' lang='lat' dir='ltr'><strong>Marius</strong></span> <span class='ocrx_word' id='word_1_171' title='bbox 652 3103 739 3164; x_wconf 80' lang='lat' dir='ltr'><strong>esse3</strong></span> <span class='ocrx_word' id='word_1_172' title='bbox 751 3104 823 3170; x_wconf 83' lang='lat' dir='ltr'><strong>quae</strong></span> <span class='ocrx_word' id='word_1_173' title='bbox 840 3105 1033 3173; x_wconf 84' lang='lat' dir='ltr'><strong>oppressum</strong></span> <span class='ocrx_word' id='word_1_174' title='bbox 1044 3084 1085 3149; x_wconf 86' lang='lat' dir='ltr'><strong>ab</strong></span> <span class='ocrx_word' id='word_1_175' title='bbox 1097 3108 1133 3150; x_wconf 88' lang='lat' dir='ltr'><strong>se</strong></span> <span class='ocrx_word' id='word_1_176' title='bbox 1146 3088 1225 3151; x_wconf 90' lang='lat' dir='ltr'><strong>Car·</strong></span> 
     </span>
     <span class='ocr_line' id='line_1_25' title="bbox 152 3180 1070 3268; baseline 0.007 -23"><span class='ocrx_word' id='word_1_177' title='bbox 152 3183 293 3257; x_wconf 87' lang='lat' dir='ltr'><strong>bouem,</strong></span> <span class='ocrx_word' id='word_1_178' title='bbox 312 3181 482 3245; x_wconf 88' lang='lat' dir='ltr'><strong>dimissum</strong></span> <span class='ocrx_word' id='word_1_179' title='bbox 497 3180 667 3268; x_wconf 90' lang='lat' dir='ltr'><strong>Opimium</strong></span> <span class='ocrx_word' id='word_1_180' title='bbox 684 3182 862 3247; x_wconf 86' lang='lat' dir='ltr'><strong>mirabatur</strong></span> <span class='ocrx_word' id='word_1_181' title='bbox 877 3208 914 3248; x_wconf 91' lang='lat' dir='ltr'><strong>ac</strong></span> <span class='ocrx_word' id='word_1_182' title='bbox 930 3185 1070 3251; x_wconf 86' lang='lat' dir='ltr'><strong>dolebat.</strong></span> 
     </span>
    </p>

    <p class='ocr_par' dir='ltr' id='par_1_5' title="bbox 140 3283 1224 3980">
     <span class='ocr_line' id='line_1_26' title="bbox 194 3283 1221 3375; baseline 0.006 -29"><span class='ocrx_word' id='word_1_183' title='bbox 194 3283 343 3346; x_wconf 85' lang='lat' dir='ltr'><strong>LXXXI.</strong></span> <span class='ocrx_word' id='word_1_184' title='bbox 360 3283 494 3346; x_wconf 80' lang='lat' dir='ltr'><strong>Patrmn</strong></span> <span class='ocrx_word' id='word_1_185' title='bbox 506 3284 654 3346; x_wconf 77' lang='lat' dir='ltr'><strong>ntinimm</strong></span> <span class='ocrx_word' id='word_1_186' title='bbox 666 3283 784 3347; x_wconf 83' lang='lat' dir='ltr'><strong>artibus</strong></span> <span class='ocrx_word' id='word_1_187' title='bbox 796 3300 893 3372; x_wconf 76' lang='lat' dir='ltr'><strong>atque</strong></span> <span class='ocrx_word' id='word_1_188' title='bbox 903 3284 1053 3350; x_wconf 78' lang='lat' dir='ltr'><strong>clientelis</strong></span> <span class='ocrx_word' id='word_1_189' title='bbox 1060 3284 1221 3375; x_wconf 68' lang='lat' dir='ltr'><strong>effectuum,</strong></span> 
     </span>
     <span class='ocr_line' id='line_1_27' title="bbox 151 3384 1224 3477; baseline 0.007 -31"><span class='ocrx_word' id='word_1_190' title='bbox 151 3400 186 3447; x_wconf 89' lang='lat' dir='ltr'><strong>ut</strong></span> <span class='ocrx_word' id='word_1_191' title='bbox 203 3388 299 3447; x_wconf 85' lang='lat' dir='ltr'><strong>etiam</strong></span> <span class='ocrx_word' id='word_1_192' title='bbox 315 3387 346 3446; x_wconf 83' lang='lat' dir='ltr'><strong>ira</strong></span> <span class='ocrx_word' id='word_1_193' title='bbox 359 3384 477 3472; x_wconf 78' lang='lat' dir='ltr'><strong>populi</strong></span> <span class='ocrx_word' id='word_1_194' title='bbox 483 3384 618 3473; x_wconf 76' lang='lat' dir='ltr'><strong>judiciis</strong></span> <span class='ocrx_word' id='word_1_195' title='bbox 631 3407 745 3448; x_wconf 85' lang='lat' dir='ltr'><strong>nomen</strong></span> <span class='ocrx_word' id='word_1_196' title='bbox 755 3390 920 3474; x_wconf 85' lang='lat' dir='ltr'><strong>potestatis</strong></span> <span class='ocrx_word' id='word_1_197' title='bbox 925 3409 1022 3476; x_wconf 81' lang='lat' dir='ltr'><strong>perses</strong></span> <span class='ocrx_word' id='word_1_198' title='bbox 1035 3390 1136 3477; x_wconf 86' lang='lat' dir='ltr'><strong>ipsum</strong></span> <span class='ocrx_word' id='word_1_199' title='bbox 1142 3438 1153 3470; x_wconf 88' lang='lat'><strong>,</strong></span> <span class='ocrx_word' id='word_1_200' title='bbox 1173 3392 1224 3454; x_wconf 80' lang='lat' dir='ltr'><strong>aris</strong></span> 
     </span>
     <span class='ocr_line' id='line_1_28' title="bbox 148 3486 1221 3578; baseline 0.007 -30"><span class='ocrx_word' id='word_1_201' title='bbox 148 3507 188 3548; x_wconf 87' lang='lat' dir='ltr'><strong>ac</strong></span> <span class='ocrx_word' id='word_1_202' title='bbox 201 3486 297 3549; x_wconf 89' lang='lat' dir='ltr'><strong>robur</strong></span> <span class='ocrx_word' id='word_1_203' title='bbox 301 3509 396 3572; x_wconf 86' lang='lat' dir='ltr'><strong>penes</strong></span> <span class='ocrx_word' id='word_1_204' title='bbox 409 3488 574 3571; x_wconf 82' lang='lat' dir='ltr'><strong>optimates</strong></span> <span class='ocrx_word' id='word_1_205' title='bbox 588 3499 673 3549; x_wconf 87' lang='lat' dir='ltr'><strong>esset.</strong></span> <span class='ocrx_word' id='word_1_206' title='bbox 685 3486 904 3569; x_wconf 80' lang='lat' dir='ltr'><strong>Auctoritate,</strong></span> <span class='ocrx_word' id='word_1_207' title='bbox 920 3490 1029 3576; x_wconf 82' lang='lat' dir='ltr'><strong>gratia</strong></span> <span class='ocrx_word' id='word_1_208' title='bbox 1039 3537 1050 3571; x_wconf 89' lang='lat'><strong>,</strong></span> <span class='ocrx_word' id='word_1_209' title='bbox 1061 3492 1202 3578; x_wconf 84' lang='lat' dir='ltr'><strong>pecuru‘a</strong></span> <span class='ocrx_word' id='word_1_210' title='bbox 1209 3539 1221 3571; x_wconf 91' lang='lat'><strong>,</strong></span> 
     </span>
     <span class='ocr_line' id='line_1_29' title="bbox 140 3584 1224 3677; baseline 0.007 -28"><span class='ocrx_word' id='word_1_211' title='bbox 140 3586 357 3677; x_wconf 85' lang='lat' dir='ltr'><strong>plurimorum</strong></span> <span class='ocrx_word' id='word_1_212' title='bbox 377 3586 481 3650; x_wconf 79' lang='lat' dir='ltr'><strong>studia</strong></span> <span class='ocrx_word' id='word_1_213' title='bbox 496 3601 671 3674; x_wconf 82' lang='lat' dir='ltr'><strong>pervertere</strong></span> <span class='ocrx_word' id='word_1_214' title='bbox 680 3584 787 3676; x_wconf 70' lang='lat' dir='ltr'><strong>saccale</strong></span> <span class='ocrx_word' id='word_1_215' title='bbox 808 3587 890 3668; x_wconf 50' lang='lat' dir='ltr'><strong>ittig</strong></span> <span class='ocrx_word' id='word_1_216' title='bbox 911 3592 1097 3656; x_wconf 73' lang='lat' dir='ltr'><strong>nuicontru</strong></span> <span class='ocrx_word' id='word_1_217' title='bbox 1111 3614 1224 3657; x_wconf 84' lang='lat' dir='ltr'><strong>corru-</strong></span> 
     </span>
     <span class='ocr_line' id='line_1_30' title="bbox 143 3687 1224 3778; baseline 0.005 -26"><span class='ocrx_word' id='word_1_218' title='bbox 143 3691 289 3778; x_wconf 71' lang='lat' dir='ltr'><strong>percnum</strong></span> <span class='ocrx_word' id='word_1_219' title='bbox 292 3688 432 3773; x_wconf 79' lang='lat' dir='ltr'><strong>fraudes</strong></span> <span class='ocrx_word' id='word_1_220' title='bbox 445 3687 575 3751; x_wconf 83' lang='lat' dir='ltr'><strong>consilio</strong></span> <span class='ocrx_word' id='word_1_221' title='bbox 583 3701 615 3751; x_wconf 87' lang='lat' dir='ltr'><strong>et</strong></span> <span class='ocrx_word' id='word_1_222' title='bbox 625 3689 764 3752; x_wconf 65' lang='lat' dir='ltr'><strong>audactis</strong></span> <span class='ocrx_word' id='word_1_223' title='bbox 771 3704 944 3778; x_wconf 76' lang='lat' dir='ltr'><strong>pugnetur.</strong></span> <span class='ocrx_word' id='word_1_224' title='bbox 961 3691 1001 3753; x_wconf 85' lang='lat' dir='ltr'><strong>ln</strong></span> <span class='ocrx_word' id='word_1_225' title='bbox 1014 3691 1085 3771; x_wconf 77' lang='lat' dir='ltr'><strong>hoc,</strong></span> <span class='ocrx_word' id='word_1_226' title='bbox 1097 3715 1224 3757; x_wconf 75' lang='lat' dir='ltr'><strong>nutum</strong></span> 
     </span>
     <span class='ocr_line' id='line_1_31' title="bbox 148 3789 1222 3879; baseline 0.005 -26"><span class='ocrx_word' id='word_1_227' title='bbox 148 3791 261 3869; x_wconf 86' lang='lat' dir='ltr'><strong>deum,</strong></span> <span class='ocrx_word' id='word_1_228' title='bbox 277 3789 419 3877; x_wconf 79' lang='lat' dir='ltr'><strong>obtigisse</strong></span> <span class='ocrx_word' id='word_1_229' title='bbox 431 3790 588 3853; x_wconf 81' lang='lat' dir='ltr'><strong>tribunum</strong></span> <span class='ocrx_word' id='word_1_230' title='bbox 604 3793 748 3871; x_wconf 83' lang='lat' dir='ltr'><strong>unicum,</strong></span> <span class='ocrx_word' id='word_1_231' title='bbox 764 3793 865 3878; x_wconf 83' lang='lat' dir='ltr'><strong>quiet</strong></span> <span class='ocrx_word' id='word_1_232' title='bbox 878 3794 940 3879; x_wconf 85' lang='lat' dir='ltr'><strong>ipse</strong></span> <span class='ocrx_word' id='word_1_233' title='bbox 952 3815 1016 3855; x_wconf 84' lang='lat' dir='ltr'><strong>nou</strong></span> <span class='ocrx_word' id='word_1_234' title='bbox 1027 3795 1134 3857; x_wconf 75' lang='lat' dir='ltr'><strong>aurirro</strong></span> <span class='ocrx_word' id='word_1_235' title='bbox 1144 3806 1222 3858; x_wconf 83' lang='lat' dir='ltr'><strong>tun·</strong></span> 
     </span>
     <span class='ocr_line' id='line_1_32' title="bbox 148 3888 1222 3980; baseline 0.005 -24"><span class='ocrx_word' id='word_1_236' title='bbox 148 3907 236 3972; x_wconf 85' lang='lat' dir='ltr'><strong>tum,</strong></span> <span class='ocrx_word' id='word_1_237' title='bbox 251 3891 306 3954; x_wconf 85' lang='lat' dir='ltr'><strong>sed</strong></span> <span class='ocrx_word' id='word_1_238' title='bbox 317 3913 429 3975; x_wconf 80' lang='lat' dir='ltr'><strong>genere</strong></span> <span class='ocrx_word' id='word_1_239' title='bbox 446 3906 530 3954; x_wconf 86' lang='lat' dir='ltr'><strong>totus</strong></span> <span class='ocrx_word' id='word_1_240' title='bbox 533 3888 674 3979; x_wconf 84' lang='lat' dir='ltr'><strong>plebeius</strong></span> <span class='ocrx_word' id='word_1_241' title='bbox 687 3938 698 3971; x_wconf 95' lang='lat'><strong>,</strong></span> <span class='ocrx_word' id='word_1_242' title='bbox 711 3893 788 3955; x_wconf 87' lang='lat' dir='ltr'><strong>satis</strong></span> <span class='ocrx_word' id='word_1_243' title='bbox 800 3907 832 3956; x_wconf 87' lang='lat' dir='ltr'><strong>et</strong></span> <span class='ocrx_word' id='word_1_244' title='bbox 843 3893 892 3956; x_wconf 87' lang='lat' dir='ltr'><strong>ad</strong></span> <span class='ocrx_word' id='word_1_245' title='bbox 901 3896 1119 3980; x_wconf 72' lang='lat' dir='ltr'><strong>excogitando</strong></span> <span class='ocrx_word' id='word_1_246' title='bbox 1131 3894 1222 3961; x_wconf 85' lang='lat' dir='ltr'><strong>salu·</strong></span> 
     </span>
    </p>

    <p class='ocr_par' dir='ltr' id='par_1_6' title="bbox 38 3988 1222 4183">
     <span class='ocr_line' id='line_1_33' title="bbox 38 3988 1222 4082; baseline 0.007 -27"><span class='ocrx_word' id='word_1_247' title='bbox 38 4015 40 4018; x_wconf 71' lang='grc'>’</span> <span class='ocrx_word' id='word_1_248' title='bbox 148 3994 218 4056; x_wconf 86' lang='lat' dir='ltr'><strong>bria</strong></span> <span class='ocrx_word' id='word_1_249' title='bbox 233 3993 354 4079; x_wconf 79' lang='lat' dir='ltr'><strong>ingenii</strong></span> <span class='ocrx_word' id='word_1_250' title='bbox 361 4039 370 4069; x_wconf 93' lang='lat'><strong>,</strong></span> <span class='ocrx_word' id='word_1_251' title='bbox 387 4004 418 4054; x_wconf 84' lang='lat' dir='ltr'><strong>et</strong></span> <span class='ocrx_word' id='word_1_252' title='bbox 432 3992 480 4054; x_wconf 79' lang='lat' dir='ltr'><strong>ad</strong></span> <span class='ocrx_word' id='word_1_253' title='bbox 489 3988 684 4079; x_wconf 75' lang='lat' dir='ltr'><strong>perficienda</strong></span> <span class='ocrx_word' id='word_1_254' title='bbox 695 3993 819 4056; x_wconf 72' lang='lat' dir='ltr'><strong>uirtutis</strong></span> <span class='ocrx_word' id='word_1_255' title='bbox 833 3991 983 4082; x_wconf 84' lang='lat' dir='ltr'><strong>afferret,</strong></span> <span class='ocrx_word' id='word_1_256' title='bbox 1000 3995 1161 4061; x_wconf 70' lang='lat' dir='ltr'><strong>blanditus</strong></span> <span class='ocrx_word' id='word_1_257' title='bbox 1171 3999 1222 4063; x_wconf 72' lang='grc' dir='ltr'><strong>ἰη-</strong></span> 
     </span>
     <span class='ocr_line' id='line_1_34' title="bbox 148 4094 1222 4183; baseline 0.006 -26"><span class='ocrx_word' id='word_1_258' title='bbox 148 4109 332 4183; x_wconf 85' lang='lat' dir='ltr'><strong>corruptus,</strong></span> <span class='ocrx_word' id='word_1_259' title='bbox 354 4104 466 4155; x_wconf 83' lang='lat' dir='ltr'><strong>contra</strong></span> <span class='ocrx_word' id='word_1_260' title='bbox 485 4107 600 4155; x_wconf 88' lang='lat' dir='ltr'><strong>metum</strong></span> <span class='ocrx_word' id='word_1_261' title='bbox 614 4094 849 4182; x_wconf 71' lang='lat' dir='ltr'><strong>inperterritus.</strong></span> <span class='ocrx_word' id='word_1_262' title='bbox 867 4095 990 4160; x_wconf 86' lang='lat' dir='ltr'><strong>Verum</strong></span> <span class='ocrx_word' id='word_1_263' title='bbox 1007 4112 1116 4161; x_wconf 89' lang='lat' dir='ltr'><strong>tamen</strong></span> <span class='ocrx_word' id='word_1_264' title='bbox 1132 4096 1222 4163; x_wconf 86' lang='lat' dir='ltr'><strong>haud</strong></span> 
     </span>
    </p>
   </div>
   <div class='ocr_carea' id='block_1_3' title="bbox 144 4309 1223 4545">
    <p class='ocr_par' dir='ltr' id='par_1_7' title="bbox 144 4309 1223 4545">
     <span class='ocr_line' id='line_1_35' title="bbox 182 4309 1222 4383; baseline 0.009 -23"><span class='ocrx_word' id='word_1_265' title='bbox 182 4312 198 4376; x_wconf 69' lang='grc'>5</span> <span class='ocrx_word' id='word_1_266' title='bbox 212 4314 352 4362; x_wconf 83' lang='lat' dir='ltr'><strong>LXXVIII.</strong></span> <span class='ocrx_word' id='word_1_267' title='bbox 364 4311 418 4358; x_wconf 82' lang='lat' dir='ltr'><strong>Val.</strong></span> <span class='ocrx_word' id='word_1_268' title='bbox 433 4310 534 4358; x_wconf 71' lang='lat' dir='ltr'><strong>Maxim.</strong></span> <span class='ocrx_word' id='word_1_269' title='bbox 548 4312 599 4370; x_wconf 89' lang='lat'><strong>111,</strong></span> <span class='ocrx_word' id='word_1_270' title='bbox 611 4327 635 4372; x_wconf 76' lang='lat'><strong>7,</strong></span> <span class='ocrx_word' id='word_1_271' title='bbox 649 4312 675 4372; x_wconf 82' lang='lat'><strong>6,</strong></span> <span class='ocrx_word' id='word_1_272' title='bbox 686 4322 711 4361; x_wconf 82' lang='lat' dir='ltr'><strong>et</strong></span> <span class='ocrx_word' id='word_1_273' title='bbox 721 4312 770 4373; x_wconf 81' lang='lat' dir='ltr'><strong>vt,</strong></span> <span class='ocrx_word' id='word_1_274' title='bbox 784 4315 799 4361; x_wconf 77' lang='grc' dir='ltr'>Β</span> <span class='ocrx_word' id='word_1_275' title='bbox 812 4324 836 4363; x_wconf 85' lang='lat' dir='ltr'><strong>ct</strong></span> <span class='ocrx_word' id='word_1_276' title='bbox 851 4309 875 4364; x_wconf 73' lang='grc'><strong>5.</strong></span> <span class='ocrx_word' id='word_1_277' title='bbox 886 4338 922 4353; x_wconf 84' lang='lat'><em>—</em></span> <span class='ocrx_word' id='word_1_278' title='bbox 934 4313 988 4365; x_wconf 78' lang='lat' dir='ltr'><strong>cte.</strong></span> <span class='ocrx_word' id='word_1_279' title='bbox 1001 4314 1033 4365; x_wconf 80' lang='lat' dir='ltr'><strong>ad</strong></span> <span class='ocrx_word' id='word_1_280' title='bbox 1046 4317 1131 4366; x_wconf 81' lang='lat' dir='ltr'><strong>Famil.</strong></span> <span class='ocrx_word' id='word_1_281' title='bbox 1141 4318 1222 4383; x_wconf 74' lang='lat' dir='ltr'><strong>Epist.</strong></span> 
     </span>
     <span class='ocr_line' id='line_1_36' title="bbox 146 4394 1223 4463; baseline 0.006 -19"><span class='ocrx_word' id='word_1_282' title='bbox 146 4397 200 4452; x_wconf 69' lang='lat'><strong>11,</strong></span> <span class='ocrx_word' id='word_1_283' title='bbox 214 4412 263 4454; x_wconf 74' lang='lat'><strong>213</strong></span> <span class='ocrx_word' id='word_1_284' title='bbox 281 4397 308 4444; x_wconf 88' lang='lat' dir='ltr'><strong>in</strong></span> <span class='ocrx_word' id='word_1_285' title='bbox 326 4398 420 4447; x_wconf 81' lang='lat' dir='ltr'><strong>Bruto.</strong></span> <span class='ocrx_word' id='word_1_286' title='bbox 437 4396 554 4452; x_wconf 78' lang='lat' dir='ltr'><strong>xxvu,</strong></span> <span class='ocrx_word' id='word_1_287' title='bbox 568 4394 635 4444; x_wconf 85' lang='lat' dir='ltr'><strong>etde</strong></span> <span class='ocrx_word' id='word_1_288' title='bbox 649 4398 724 4461; x_wconf 74' lang='lat' dir='ltr'><strong>Lagg.</strong></span> <span class='ocrx_word' id='word_1_289' title='bbox 738 4398 789 4454; x_wconf 89' lang='lat'><strong>111,</strong></span> <span class='ocrx_word' id='word_1_290' title='bbox 806 4412 848 4459; x_wconf 73' lang='lat'><strong>12·</strong></span> <span class='ocrx_word' id='word_1_291' title='bbox 861 4423 896 4436; x_wconf 89' lang='lat'>-</span> <span class='ocrx_word' id='word_1_292' title='bbox 910 4397 1034 4450; x_wconf 79' lang='lat' dir='ltr'><strong>Plutarch.</strong></span> <span class='ocrx_word' id='word_1_293' title='bbox 1047 4399 1074 4448; x_wconf 89' lang='lat' dir='ltr'><strong>in</strong></span> <span class='ocrx_word' id='word_1_294' title='bbox 1087 4395 1223 4463; x_wconf 63' lang='lat' dir='ltr'><strong>Memno,</strong></span> 
     </span>
     <span class='ocr_line' id='line_1_37' title="bbox 144 4486 254 4545; baseline 0 -20"><span class='ocrx_word' id='word_1_295' title='bbox 144 4493 198 4545; x_wconf 80' lang='lat' dir='ltr'><strong>cap.</strong></span> <span class='ocrx_word' id='word_1_296' title='bbox 217 4486 254 4534; x_wconf 66' lang='lat' dir='ltr'><strong>rt.</strong></span> 
     </span>
    </p>
   </div>
   <div class='ocr_carea' id='block_1_4' title="bbox 0 0 1302 4980">
    <p class='ocr_par' dir='ltr' id='par_1_8' title="bbox 0 0 1302 4980">
     <span class='ocr_line' id='line_1_38' title="bbox 0 0 1302 4980; baseline 0 5"><span class='ocrx_word' id='word_1_297' title='bbox 0 0 1302 4980; x_wconf 95' lang='lat' dir='ltr'><strong> </strong></span> 
     </span>
    </p>
   </div>
  </div>
 </body>
</html>
