2594 4980
282 682 335 751 m
367 683 480 749 noc.
503 638 596 750 1213.
620 683 761 751 nxxv
791 684 1004 753 mvmnr.
1109 708 1174 778 71¹

116 823 274 889 «quoque
286 801 387 880 scire,
404 801 532 887 qualern
549 799 688 882 ducem,
706 817 738 865 et
751 802 871 889 quibus
888 800 1043 890 praesidiis
1061 800 1180 866 fultum

116 936 128 958 a
140 902 366 989 sequeremini.

160 1008 217 1068 xl.
236 1007 384 1068 «Caetera
402 1007 467 1084 jam
488 1004 579 1068 vobis
607 1022 685 1069 nota
709 1021 803 1086 sum,
827 1005 992 1092 rebusque
1016 1004 1092 1092 ipsis
1114 1029 1183 1093 per-

116 1122 262 1193 «specta3
284 1127 391 1192 neque
404 1104 484 1167 mihi
494 1106 695 1169 severitatem
706 1108 740 1168 in
753 1106 886 1181 noxios,
901 1127 962 1169 nec
973 1129 1049 1194 erga
1057 1106 1182 1171 fortiter

116 1208 219 1271 «facta
232 1208 453 1270 liberalitatem
466 1206 622 1272 defuisse:
633 1231 821 1296 quanquam
831 1225 863 1272 et
874 1208 938 1272 lroc
949 1207 1098 1273 adscribo
1105 1211 1184 1273 Fon

117 1325 243 1383 «tunae,
263 1307 353 1395 quod
374 1309 454 1371 mibi
479 1309 524 1372 sic
548 1311 706 1373 animatos
729 1310 846 1374 milites
870 1309 979 1391 dedit,
1001 1327 1039 1374 ut
1054 1312 1181 1398 praemia

116 1409 347 1488 «creberrime,
359 1411 514 1499 supplicia
527 1433 595 1474 non
607 1434 692 1499 saepe
703 1427 973 1499 repraesentarem.
986 1413 1183 1499 Quanquam

115 1533 214 1574 nsane
227 1512 359 1575 incusor
374 1535 392 1574 a
408 1512 535 1593 multis,
549 1512 640 1599 quod
655 1536 749 1600 aeqno
766 1514 913 1595 mollior,
933 1514 1028 1577 etiam
1047 1512 1183 1576 lindissi-

116 1635 268 1676 ·morum
289 1613 468 1676 facinorum
489 1635 598 1700 poenas
613 1637 632 1677 a
651 1613 800 1677 sontibus
817 1636 884 1676 non
904 1614 1049 1702 exigam:
1067 1636 1183 1676 verum

73 1785 75 1788 .
116 1715 324 1796 «enimvero,
342 1715 473 1796 milites,
491 1715 535 1777 ita
548 1737 676 1778 meeum
693 1715 750 1777 inii
764 1714 941 1795 rationem,
959 1713 1104 1778 dandum
1115 1736 1185 1778 esse
1239 1796 1242 1801 ⁴

115 1815 326 1880 «hominibus
349 1816 507 1904 spatium,
531 1832 569 1880 ut
592 1831 811 1895 contractam,
828 1815 938 1903 nescio
961 1837 1028 1902 quo
1053 1814 1185 1896 furore,

116 1949 130 1974 ιι
139 1940 274 1997 noxam,
288 1918 476 2007 poenitentia
490 1918 608 2005 magis,
619 1940 717 2004 quam
733 1939 845 2004 poena,
857 1915 984 1980 eluant:
997 1932 1029 1979 et
1040 1915 1184 1980 ubiforti

115 2019 289 2082 «adversus
317 2020 445 2082 hostem
468 2041 588 2106 opera,
614 2035 742 2082 tantum
770 2018 954 2106 profuerint
969 2018 1185 2105 reipublicae,

41 2139 46 2147 ’
115 2137 298 2207 aquantum
310 2121 445 2184 crimine
459 2137 492 2183 et
504 2120 652 2208 exemplo
666 2134 867 2199 nocuerunt,
882 2119 945 2206 ipsi
958 2119 1103 2200 veniam,
1118 2140 1184 2182 res-

115 2254 127 2275 «
139 2222 268 2308 publica
284 2236 333 2285 tot
349 2223 434 2285 cives
450 2221 630 2285 incolumes
648 2220 784 2299 habeat3
802 2220 853 2283 sin
871 2242 949 2284 vero
964 2220 1077 2284 sceleri
1093 2218 1184 2283 addi-

116 2320 247 2386 ·derint
268 2323 449 2412 ignaviam,
472 2344 513 2385 ne
533 2322 594 2410 ipsi
617 2321 750 2411 quidem
776 2336 947 2403 recusent,
972 2322 1052 2409 quin
1078 2322 1186 2388 servili

114 2448 212 2487 «cum
227 2425 372 2488 cruciatu
386 2440 555 2489 necentur.

157 2526 232 2589 ΧΗ.
250 2527 351 2589 «Haec
364 2526 457 2590 vobis
475 2548 528 2588 me
543 2525 668 2604 dicere,
688 2525 809 2611 quibus
825 2546 932 2611 nuper
942 2525 980 2589 Α.
995 2524 1187 2587 Postumius

113 2627 274 2689 «Albinus
297 2627 447 2713 praefuit,
473 2648 540 2688 non
566 2625 730 2713 ignoratis.
751 2624 850 2712 Apud
874 2624 1011 2704 majores
1032 2639 1183 2703 nostros,

114 2748 242 2812 «quum
263 2726 359 2788 simili
382 2725 525 2789 facinore
546 2726 693 2788 sublatus
713 2725 754 2788 ab
773 2725 917 2789 exercitu
932 2724 977 2788 M.
995 2725 1182 2788 Postumius

114 2824 325 2914 «Regillensis
338 2841 438 2906 esset,
452 2825 544 2903 jussu
560 2826 674 2913 populi
690 2826 806 2890 acriter
822 2825 961 2889 exercita
972 2825 1107 2913 quaestio
1123 2842 1181 2890 est.

114 2924 235 2989 «Nunc
258 2927 362 2989 aliena
386 2924 506 3006 judicia
530 2947 573 2989 ne
599 2926 793 3009 timueritis;
814 2943 920 2990 vestra
943 2927 977 2990 in
998 2949 1098 2990 manu
1114 2943 1181 3007 est,

114 3028 238 3114 ·qualis
266 3050 397 3091 manere
418 3050 475 3091 vos
492 3029 596 3094 exitus
617 3028 758 3093 debeat:
781 3031 886 3107 ferro,
910 3051 976 3092 non
1000 3029 1182 3117 suffragiis,

114 3159 127 3181 ι
139 3129 207 3192 haec
220 3150 314 3192 causa
325 3126 504 3193 decidetur.
522 3130 669 3194 Victores
681 3131 783 3195 virtus
795 3130 959 3212 absolvet3
975 3131 1125 3218 ignavos,
1145 3146 1181 3194 ut

114 3227 253 3292 abostlle
280 3229 402 3292 ferrum
432 3232 634 3317 pepercerit,
665 3233 772 3319 legum
802 3231 944 3296 vindicta
968 3248 1181 3297 consumet.»

53 3410 57 3416 ἢ
115 3332 228 3410 Quum
244 3330 403 3410 ejusmodi
419 3332 566 3396 oratione
584 3334 619 3397 L.
636 3334 724 3397 Sulla
743 3333 859 3397 milites
876 3333 1065 3397 cohortatus
1082 3350 1181 3415 esset,

114 3431 259 3496 eamdem
277 3432 499 3498 conditionem
518 3434 677 3517 maxime,
703 3435 760 3522 qui
783 3457 892 3521 poenas
911 3435 1072 3498 interfecti
1088 3434 1181 3499 ducis

115 3533 292 3614 timebant,
311 3534 429 3623 cupide
447 3535 663 3623 accepissent,
681 3550 849 3623 promptos
866 3551 1077 3623 paratosque,
1091 3551 1125 3599 et
1140 3534 1182 3598 ad

114 3635 221 3697 omnia
238 3635 362 3723 prolixe
380 3657 511 3724 operam
528 3635 717 3722 pollicentes
733 3636 766 3698 in
782 3635 883 3699 aciem
899 3634 1020 3700 eduxit.

158 3737 250 3799 Xlll.
273 3737 322 3798 Eo
341 3751 507 3823 tempore,
526 3752 565 3800 ut
583 3737 714 3799 maximi
733 3737 856 3824 quique
877 3738 1061 3801 mortalium
1080 3760 1178 3801 cona-

114 3851 165 3898 tus
181 3837 242 3899 levi
260 3835 400 3899 subinde
418 3859 495 3900 casu
513 3835 711 3917 eluduntur,
725 3860 776 3902 res
792 3860 851 3926 per
872 3861 905 3902 sc
925 3839 1178 3926 haudquaquam

113 3938 221 4025 magni
246 3937 423 4018 momenti,
441 3939 603 4027 praecipua
628 3955 736 4002 tamen
762 3941 894 4004 sullanae
919 3941 1063 4004 victoriae
1084 3964 1179 4004 eausa

112 4040 196 4119 fuit,
219 4039 441 4102 Romanorum
468 4040 586 4129 insigni
613 4039 731 4104 fiducia
756 4040 961 4104 inflammatis
986 4041 1124 4119 animis,
1148 4059 1180 4104 et

111 4140 256 4202 hostium
271 4139 431 4202 alacritate
446 4141 612 4205 exstincta.
630 4142 740 4205 Gallus
756 4141 889 4229 quidam
906 4143 1022 4230 insigni
1039 4144 1180 4231 proceri-

112 4256 195 4320 tate,
215 4241 271 4328 qui
288 4241 373 4303 inter
388 4243 506 4306 auxilia
526 4243 668 4307 Cluentii
688 4243 850 4326 merebat,
871 4266 975 4330 quum
995 4266 1035 4308 ex
1057 4243 1180 4307 diversa

147 4427 164 4496 s
178 4429 209 4475 x.
222 4428 346 4477 Plutarch.
357 4428 385 4476 in
395 4429 476 4487 soth,
490 4446 512 4476 c.
527 4443 552 4490 9.
563 4429 623 4494 -S
638 4432 777 4479 tutores.
789 4432 820 4486 V,
834 4431 873 4479 18.
886 4430 979 4479 -Liu
988 4432 1033 4489 Ν,
1044 4431 1076 4478 50
1085 4441 1109 4478 et
1122 4431 1163 4477 51.
