2594 4980
241 718 294 787 IN
323 716 438 786 LOC.
464 717 555 784 LIB.
582 716 727 785 XLVII
755 717 967 789 LlVlANl.
1093 718 1139 790 33

66 853 166 929 μω,
183 837 362 926 Sophenen
377 836 514 918 adjicere
529 855 679 926 cuperet,
694 839 852 927 legatione
869 842 963 905 missa
980 843 1141 909 conditio·

69 963 149 1004 nem
168 939 330 1004 Ariarathi
347 936 485 1020 obtulit,
505 953 541 1003 ut
559 938 611 1002 ille
627 939 898 1004 Mithrobuaanem
923 946 1092 1023 occiderem
1110 969 1141 1008 se

62 1045 191 1131 parr'ter
205 1038 351 1128 fratrem
372 1040 457 1104 allius
484 1039 747 1128 interfecturum:
769 1044 816 1105 ita
840 1042 940 1105 diuidi
955 1047 1037 1110 ‚inter
1061 1050 1141 1134 ipsos

73 1164 206 1232 regnum
217 1143 370 1231 Sophenes
377 1165 479 1231 posse.
492 1144 562 1206 Hoc
575 1144 679 1207 scelus
696 1159 856 1207 aversatus
873 1143 1063 1231 Cappadox,
1073 1168 1140 1210 non

72 1243 318 1334 mod0,legatis
332 1245 685 1332 increpitis,Artaxiam
702 1247 847 1321 monuit,
858 1246 898 1308 ab
912 1246 1070 1325 ejusmodi
1087 1271 1142 1311 co·

72 1348 232 1438 gitatione
246 1347 429 1425 desisteret;
440 1368 553 1409 verum
566 1347 661 1409 etiam
675 1347 955 1411 lllitlrroburanem
969 1371 1036 1411 non
1050 1347 1142 1413 dese·

73 1450 161 1527 ruit,
179 1449 370 1536 priusquam
388 1448 421 1510 in
446 1470 495 1509 res
512 1448 643 1510 amissas
659 1469 734 1510 cum
754 1449 944 1512 restitueret.

122 1549 210 1612 xvl.
222 1548 291 1612 Hac
302 1549 385 1611 fama
397 1562 430 1610 et
440 1549 591 1611 societate
602 1570 733 1611 romana
746 1549 958 1635 conspicuus,
972 1549 1041 1612 sine
1055 1564 1145 1611 metu

75 1647 253 1737 regnabat,
270 1646 377 1712 donee
393 1671 448 1711 rex
463 1649 562 1736 Syriae
580 1649 763 1713 Demetrius
782 1649 998 1714 adversarium
1017 1652 1046 1714 ei
1062 1652 1146 1714 Oro·

75 1749 238 1837 phemem
248 1750 418 1813 excitavit:
433 1751 578 1812 oll'ensus
590 1799 599 1831 ,
614 1749 703 1836 quod
715 1751 749 1813 in
761 1752 893 1840 gratiam
905 1754 1145 1835 Romanorum,

76 1853 140 1940 qui
154 1852 322 1916 Demetrio
338 1853 589 1933 succensebant,
602 1853 802 1935 Ariarathes,
820 1855 937 1919 foedere
952 1856 1036 1919 inter
1048 1856 1146 1943 Syriae

78 1952 358 2042 Cappadociaeque
368 1976 464 2042 reges
478 1953 597 2016 abolito
610 2001 619 2036 ,
633 1955 738 2017 sorori
754 1978 885 2042 quoque
902 1957 970 2036 ejus
994 1959 1148 2021 nuntium

78 2057 257 2120 remiserat.
281 2056 340 2119 His
364 2056 532 2135 incensus,
553 2070 586 2119 et
610 2054 696 2118 mille
719 2057 913 2120 talentorum
936 2060 1059 2145 pretio,
1076 2082 1149 2145 quae

80 2157 292 2245 Orophernes
315 2156 345 2221 ei
370 2155 595 2244 promittebat,
623 2155 777 2242 impetere
804 2157 945 2220 consiliis
971 2174 1003 2220 et
1028 2159 1149 2223 viribus

81 2259 276 2324 Ariarathen
291 2280 359 2322 non
373 2274 448 2321 ante
463 2257 601 2337 destitit,
613 2278 710 2343 quarn
725 2279 825 2344 regno
841 2258 932 2321 illum
951 2275 1081 2346 cogeret
1097 2282 1152 2322 ex·

79 2360 222 2426 cedere:
241 2382 350 2448 neque
367 2359 515 2447 pulsum,
536 2373 568 2421 et
581 2357 782 2446 Cappadocia
804 2360 1000 2448 profugum,
1021 2362 1150 2449 segnius

83 2465 196 2527 Romae
206 2486 266 2551 per
277 2463 401 2551 legatos
413 2459 564 2549 urgebat,
579 2482 721 2546 quorum
736 2460 886 2548 princeps
901 2460 1061 2525 Miltiades
1078 2463 1150 2526 fuit.

83 2564 229 2629 Aderant
252 2579 286 2627 et
308 2562 349 2625 ab
371 2562 564 2649 Oropherne
588 2559 683 2649 legati
706 2560 896 2623 Timotheus
921 2577 953 2624 et
972 2562 1153 2650 Diogenes,

82 2663 212 2729 donum
229 2662 353 2751 populo
376 2684 512 2725 romano
535 2684 689 2737 coronam
715 2683 844 2725 auream
866 2660 1025 2741 ferentes3
1043 2666 1152 2726 amict-

82 2770 224 2852 tt'amque
248 2766 393 2828 nnovari
414 2785 485 2826 eum
510 2784 582 2847 rege
597 2762 770 2851 petebant,
790 2784 861 2849 quoe
878 2761 998 2849 populo
1020 2776 1151 2826 romano

84 2887 158 2928 aare
174 2876 270 2952 patre
290 2864 354 2952 q’us
376 2864 548 2927 Ariarathe
562 2861 691 2948 sur'sset.

132 2964 241 3027 xvrl.
256 2963 298 3027 lli
310 2984 471 3027 consensu
484 2964 718 3053 oppugnabant
727 2964 915 3028 Ariarathen
927 3013 936 3045 ,
950 2982 982 3028 et
999 2967 1154 3053 quoniam

86 3064 280 3154 despectum
295 3081 327 3130 et
342 3067 474 3154 inopem
490 3066 552 3153 ipsi
569 3064 721 3131 llorentes
737 3067 854 3155 opibus
869 3082 900 3129 et
913 3069 1010 3155 gratia
1027 3092 1155 3155 preme-

88 3167 186 3247 bant,
200 3164 292 3255 apud
306 3167 477 3255 plerosque
490 3166 628 3231 divitum
645 3184 678 3232 et
693 3168 882 3258 largitorum
901 3169 1068 3233 calumniae
1082 3172 1155 3259 plus

88 3282 257 3355 poterant,
268 3291 367 3356 quam
380 3269 478 3333 unius
488 3270 596 3333 miseri
608 3278 687 3335 vera
699 3271 855 3335 defensio.
871 3273 1033 3336 Hactenus
1047 3290 1155 3340 tamen
1260 3344 1263 3350 ,

89 3366 286 3451 eausa'ejus,
297 3384 329 3433 et
343 3371 513 3434 meliorum
526 3394 565 3434 ex
580 3388 694 3435 senatu
710 3374 891 3453 contentio,
903 3374 1110 3461 profecit,·ut
1123 3379 1156 3439 in

89 3495 224 3557 regmen
241 3474 339 3560 reeq'oi
354 3472 533 3553 juberetur,
544 3473 601 3537 sad
614 3494 685 3536 etun
706 3474 884 3561 Oropherne
888 3473 999 3561 fratre
1016 3477 1156 3540 dividere·
1251 3512 1254 3517 ·

89 3575 177 3638 dum.
192 3572 309 3661 Neque
324 3574 413 3637 enim
426 3595 465 3637 eo
476 3588 621 3661 ternpore
632 3573 811 3661 quidquam
826 3591 882 3638 aut
898 3576 1017 3663 gratius
1035 3577 1154 3640 lloma-

92 3677 160 3757 nis,
178 3692 235 3739 aut
258 3675 408 3739 usitatius
428 3691 512 3767 erat,
532 3698 630 3761 quarn
653 3672 730 3739 dare
754 3698 903 3763 operam,
921 3692 957 3739 ut
980 3700 1155 3765 regnorum

91 3778 255 3867 potentia,
270 3774 396 3864 partitis
405 3777 438 3839 in
450 3776 557 3864 plures
570 3776 704 3863 opibus,
715 3775 920 3840 divideretur.
933 3776 996 3840 Sed
1006 3801 1071 3842 non
1083 3778 1157 3843 diu·

92 3896 230 3944 turnum
247 3878 294 3943 ob
308 3878 384 3941 vitia
400 3878 476 3942 novi
491 3876 573 3965 regis
589 3876 836 3940 incommodum
853 3868 972 3964 'prioris
990 3881 1058 3943 fuit.
1072 3882 1158 3944 Oro·

92 3980 234 4068 phemes
259 3981 367 4059 euim,
388 4002 490 4066 quum
517 3979 549 4042 in
578 3980 699 4043 recenti
726 3980 929 4066 possessione
951 3980 1076 4044 firmare
1094 3981 1157 4045 sibi

93 4086 240 4148 latorem
253 4082 428 4147 homiuum
438 4080 610 4169 prudentia
624 4079 852 4168 beneficiisque
861 4081 1008 4164 deberet,
1024 4083 1092 4168 pari
1108 4083 1158 4145 in·

134 4265 454 4345 sxv.se.s.1.x1.-
470 4280 569 4347 srvi.
587 4279 661 4328 uror.
680 4280 747 4346 qua
763 4282 874 4330 rutarum
889 4281 1012 4328 anuum.
1024 4281 1161 4330 -Juma

95 4365 211 4425 xm,
226 4381 251 4413 1.
260 4391 296 4402 -
305 4365 415 4430 Appian.
426 4365 518 4429 Syriae.
531 4391 566 4403 -
579 4363 633 4414 ttv.
644 4365 709 4429 Epit.
722 4365 812 4413 vat.
824 4390 859 4403 -
873 4362 960 4426 Polyb.
973 4363 1025 4420 111,
1036 4362 1061 4409 5.
1076 4388 1112 4400 ·-·
1124 4364 1161 4423 Ei.

97 4448 216 4512 Excerpe
227 4448 310 4511 laegtt.
324 4448 380 4495 126.

222 4546 284 4613 rx.
893 4518 895 4523 ’
972 4539 994 4612 3
