2594 4980
271 669 328 738 tn
357 671 475 738 too.
501 672 600 738 nm.
627 670 697 737 Lx
727 671 949 754 ttvmnr.
1074 674 1145 776 369

76 793 217 855 amentia
239 808 304 871 est,
325 791 376 854 vel
397 790 514 878 opibus
539 791 656 871 injuste
678 791 776 877 partis
800 814 945 858 securam
968 803 1145 883 possessio·

76 914 167 971 nem,
183 894 231 955 vel
252 893 285 954 in
304 914 339 954 ea
356 890 583 979 inquietudine
598 891 714 972 animi,
729 894 887 958 felicitatis
903 914 1028 983 partem
1043 902 1143 967 ullam

74 992 240 1081 quaerere?

119 1095 232 1158 LXIV.
246 1095 317 1157 Nisi
328 1094 412 1157 forte
424 1114 458 1156 se
471 1095 610 1180 quisque
624 1094 860 1180 nequissimum
876 1099 1061 1164 mortalium
1078 1126 1144 1168 ere·

74 1196 143 1278 dit;
162 1197 284 1261 caeteris
306 1218 413 1282 neque
436 1195 645 1283 cupiditatem
670 1195 833 1278 eamdem,
860 1221 965 1286 neque
989 1203 1141 1269 malitiam

74 1298 144 1361 fore
162 1299 336 1361 arbitratur
356 1322 363 1362 :
384 1298 571 1384 quasivero
591 1296 728 1360 maxima
752 1296 903 1362 maleficia
924 1301 1066 1387 plurimo
1090 1306 1142 1368 in·

73 1399 169 1488 genio
187 1415 318 1488 egeant3
334 1413 390 1461 aut
406 1396 508 1460 fidum
527 1398 588 1461 sibi
606 1396 804 1485 quemquam
819 1422 946 1487 sperare
960 1405 1073 1491 possit,
1085 1408 1142 1494 qui

72 1500 214 1587 perfidus
238 1503 271 1564 in
296 1500 577 1579 conjunctissimos
594 1501 663 1587 ipse
681 1501 873 1565 exstitisset!
896 1502 1019 1568 Verum
1037 1509 1141 1572 enim·

70 1701 187 1765 vicaria
204 1705 235 1765 in
255 1705 388 1766 exitium
405 1702 628 1789 praecipitant:
649 1726 715 1765 non
731 1704 895 1790 sapientire
910 1709 1058 1790 monitis,
1073 1733 1140 1774 non

70 1805 274 1890 experientiae
289 1802 494 1866 documentis
508 1803 647 1865 coercita
662 1804 859 1884 temeritatc;
872 1805 927 1868 sed
942 1811 1140 1896 argumentis

71 1926 199 1990 usuque
213 1927 323 1967 rerum
337 1902 557 1989 nequidquam
571 1903 929 1990 circumstrepentibus,
944 1909 1060 1974 rationi
1072 1934 1139 1976 non

71 2007 262 2093 relinquunt
287 2006 412 2083 locum,
434 2004 578 2091 exempla
603 2003 737 2068 horrent
763 2021 795 2068 et
820 2007 997 2074 imitantur.
1024 2013 1141 2100 Neque

68 2107 157 2168 eninr
179 2122 337 2169 cessatum
361 2105 402 2168 ab
421 2104 470 2167 bis
489 2104 612 2167 artibus
630 2120 742 2192 postea
762 2121 829 2189 est,
851 2108 956 2173 donec
977 2112 1140 2202 pleraeque

68 2231 184 2271 omnes
201 2208 261 2271 illae
278 2231 390 2298 regum
408 2208 535 2271 familie
554 2207 700 2294 stirpitus
720 2230 796 2271 curn
816 2211 922 2298 regnis
940 2213 1017 2301 ipsis
1035 2215 1137 2280 inter-

67 2327 163 2373 trent.

112 2412 208 2475 LXV.
232 2412 294 2476 Sed
319 2414 360 2475 ab
384 2428 591 2476 externorum
614 2410 886 2501 contemplatione
912 2417 1072 2482 malorum
1095 2419 1136 2485 ad

67 2536 117 2576 res
135 2513 274 2576 urbanas
291 2511 504 2577 reflectendus
524 2528 572 2576 est
587 2514 733 2595 animus,
749 2536 821 2599 quae
838 2530 870 2577 et
887 2515 962 2602 ipsae
980 2520 1015 2582 C.
1035 2519 1135 2584 Grac·

67 2614 120 2675 clti
138 2617 240 2678 altero
254 2616 320 2694 jam
338 2615 508 2678 tribunatu
525 2614 678 2692 majorem
699 2614 731 2675 in
754 2614 889 2679 modum
909 2619 1134 2687 turbabantur.

64 2717 117 2778 Sic
134 2719 220 2780 eninr
235 2718 299 2796 jam
317 2715 533 2779 declaraverat
550 2715 697 2777 animum
715 2737 811 2778 suum
830 2717 941 2799 Caius,
958 2736 995 2781 ut
1010 2739 1136 2787 certum

64 2816 282 2880 adversarium
307 2832 454 2879 senatum
475 2816 503 2878 ei
530 2817 599 2877 fore
621 2814 771 2878 dubitare
793 2838 890 2880 nemo
911 2837 1029 2907 posset.
1050 2822 1135 2912 Ergo

66 2918 104 2981 ad
123 2921 222 2997 hujus
241 2916 478 3006 infringendam
499 2916 741 2995 auctoritatem,
759 2916 907 2981 conferre
928 2922 1060 2985 consilia
1077 2946 1135 2988 sua

65 3044 207 3109 opesque
227 3043 339 3083 ornnes
354 3018 515 3082 instituit:
535 3032 567 3080 et
583 3016 659 3103 quia
675 3014 921 3082 honestissimus
937 3020 1074 3108 quisque
1093 3022 1134 3089 de

63 3125 187 3209 populo
203 3139 300 3209 atque
316 3119 588 3207 locupletissimus
605 3134 711 3204 partes
728 3134 859 3180 senatus
879 3120 1046 3203 tuebatur,
1066 3124 1133 3211 ipse

65 3246 197 3310 qnoque
216 3225 275 3286 sibi
294 3221 499 3309 displicebat,
520 3220 642 3283 nullam
658 3219 841 3284 actionibus
859 3221 925 3285 suis
942 3221 1132 3311 dignitatem

64 3325 104 3386 ab
119 3326 237 3388 infimae
253 3342 377 3388 tanturn
395 3324 496 3411 plebis
511 3344 643 3386 assensu
660 3337 809 3387 constare
825 3323 1007 3389 arbitratus.

108 3426 220 3490 vat.
244 3429 319 3507 Quo
336 3429 436 3516 igitur
452 3442 599 3489 senatum
619 3425 671 3488 illa
687 3442 777 3512 parte
790 3426 908 3490 virium
925 3428 1081 3514 privaret,
1101 3446 1133 3494 et

64 3528 302 3590 eonsentientes
319 3528 475 3591 hactenus
495 3550 570 3590 cum
590 3526 645 3589 illo
661 3525 773 3615 populi
789 3528 946 3614 primores
964 3530 1131 3614 avelleret,

64 3626 198 3712 vestigia
215 3628 320 3690 fratris
342 3645 517 3714 sequutus,
537 3627 627 3714 quod
644 3628 697 3691 ille
713 3629 960 3714 concupiverat,
976 3632 1132 3718 perfecit,

64 3743 100 3789 ut
123 3728 337 3813 appellatione
354 3728 501 3808 judicum
524 3730 649 3816 equites
668 3752 687 3791 a
710 3728 841 3814 reliquis
862 3729 986 3794 civibus
1007 3756 1133 3824 separa-

63 3845 186 3892 rentur.
215 3829 309 3892 Prius
337 3845 444 3892 tamen
471 3830 574 3910 majus
602 3827 710 3891 adbuc
735 3849 851 3890 ausum
878 3845 1071 3914 tentaverat,
1097 3849 1131 3898 ut

61 3933 201 3994 trecentis
226 3931 418 3993 senatoribus
439 3935 553 4018 equites
575 3931 715 3992 sexcenti
736 3928 944 4010 adderentur,
968 3932 1129 3999 ferendo:

61 4056 129 4119 quo
146 4034 189 4095 illi
207 4047 302 4118 pacto
320 4030 483 4117 duplicem
500 4031 533 4094 in
551 4044 665 4093 senatu
682 4044 805 4116 partem
824 4028 940 4095 virium
960 4049 1051 4095 erant
1070 4033 1128 4097 ha·

61 4132 171 4197 bituri.
197 4130 337 4212 Deinde,
355 4152 459 4218 quum
477 4130 541 4194 hoc
557 4129 712 4210 atrocius,
727 4152 824 4215 quarn
844 4147 881 4193 ut
898 4129 1036 4196 obtineri
1054 4157 1129 4221 pos.

94 4337 110 4402 s
124 4339 214 4386 Lxltl.
228 4336 308 4386 strab.
318 4334 363 4384 lib.
374 4336 414 4395 X,
428 4350 453 4400 p.
466 4341 527 4396 ⁴7⁷·
544 4359 578 4370 -
593 4331 797 4398 Appianarum.
811 4354 846 4369 -
858 4328 875 4396 S
889 4332 966 4382 LXV.
975 4335 1008 4384 U.
1019 4336 1048 4386 C.
1060 4339 1123 4396 6303

60 4425 89 4468 Α.
103 4425 131 4471 C.
148 4438 202 4470 raa.

157 4537 217 4604 rr.
911 4530 955 4611 at
