2640 5046
279 753 333 820 IN
365 752 477 820 LOC.
505 754 598 821 LIB.
627 753 794 822 XLVIII
824 758 1034 828 LIVIANI.
1143 762 1189 834 65

122 869 264 952 haustis,
276 871 317 937 ad
334 894 448 936 manus
465 889 497 937 et
512 872 634 963 gladios
649 884 782 939 veritum
794 926 803 957 ,
814 878 932 959 hostis,
944 898 979 943 ut
994 883 1027 944 in
1048 884 1136 947 nulla
1154 909 1190 951 re

123 974 211 1064 pari,
226 975 384 1038 continuo
408 990 497 1064 terga
513 978 628 1060 vertit,
648 977 763 1041 urbem
787 979 876 1043 haud
897 982 992 1070 longe
1016 981 1190 1050 distantem

123 1076 288 1140 concitato
299 1098 397 1140 cursu
405 1092 528 1164 petens.
539 1078 658 1142 Aderat
673 1081 844 1161 Lucullus,
860 1081 946 1145 baud
960 1086 1100 1172 segniter
1116 1111 1189 1174 per-

110 1176 221 1244 culsis
235 1179 376 1244 instans:
388 1179 448 1261 ita,
461 1180 541 1244 dum
554 1204 614 1267 pro
628 1203 663 1244 se
673 1183 829 1270 quisque,
843 1185 927 1248 inter
939 1187 1061 1272 primos
1076 1189 1191 1253 nititur

122 1280 304 1370 irrumpere
315 1329 323 1362 ,
336 1281 508 1370 constipati
525 1282 558 1344 in
575 1284 732 1372 angustiis
752 1300 917 1371 portarum
935 1286 1069 1374 impune
1082 1311 1116 1351 se
1131 1312 1190 1353 cre·
1223 1283 1225 1294 ’

122 1381 250 1449 dendos
259 1384 372 1447 victori
382 1384 548 1471 praebuere
561 1409 568 1449 ε
580 1386 638 1449 tria
656 1385 753 1449 millia
765 1410 805 1450 eo
820 1408 896 1450 casu
910 1404 987 1450 sunt
1001 1387 1188 1455 desiderata.

168 1486 242 1549 XX.
261 1486 337 1568 Quo
354 1510 456 1574 quum
473 1486 662 1552 cecidissent
678 1488 793 1568 animi,
807 1489 961 1576 postridie
984 1489 1053 1571 ejus
1074 1514 1190 1580 pugnae

123 1607 200 1651 cum
223 1588 352 1651 coronis
379 1605 411 1652 et
432 1591 614 1677 supplicum
637 1591 823 1654 velamentis
849 1591 992 1662 seniores
1015 1594 1188 1675 Lucullum

121 1686 262 1771 adeunt,
279 1689 400 1776 quibus
417 1689 580 1778 obsequiis
595 1691 712 1778 placari
728 1709 907 1779 pateretur,
924 1693 1111 1782 rogitantes.
1131 1696 1190 1759 llle

121 1790 265 1878 primum
277 1790 421 1870 obsides,
434 1807 466 1853 et
474 1794 597 1881 argenti
609 1793 727 1884 talenta
737 1809 886 1873 centum,
898 1794 1088 1881 postulavit;
1099 1796 1191 1881 equi-

122 1890 212 1956 tibus
236 1892 330 1955 etiam
357 1914 470 1955 eorum
499 1892 584 1956 inter
606 1916 663 1956 suu
677 1888 803 1962 ‘’auxilia
825 1894 962 1958 militare
988 1893 1095 1972 jussis.
1120 1897 1191 1959 Hoc
1265 1956 1268 1969 ,

123 1993 180 2056 ubi
195 2009 343 2082 prompte
355 2016 373 2056 a
387 1993 529 2058 barbaris
544 1994 684 2076 factum,
702 1995 834 2074 adjecit,
854 1994 1004 2082 praesidio
1021 1996 1054 2057 in
1074 1994 1190 2058 urbem

121 2092 311 2158 introducto
336 2095 395 2158 sibi
425 2118 508 2183 opus
532 2118 610 2160 esse.
635 2092 865 2164 Anubentibus
891 2114 922 2160 et
946 2097 1010 2160 hoc
1033 2098 1191 2176 Caucreis,

123 2194 323 2261 delectorum
349 2221 387 2261 ex
410 2214 481 2261 toto
503 2199 645 2262 exercitu
659 2197 726 2262 duo
745 2199 843 2261 millia
866 2220 924 2285 per
946 2198 1031 2261 hanc
1052 2198 1192 2284 speciem

123 2295 350 2363 introiverunt.
379 2298 443 2362 Sed
467 2298 551 2363 l'oeda
574 2300 716 2364 consulis
740 2300 868 2364 avaritia
895 2299 1057 2362 moenibus
1085 2299 1134 2379 hi,
1155 2316 1194 2364 ut

123 2397 313 2463 mandatum
323 2415 406 2480 erat,
425 2402 606 2490 occupatis,
621 2404 711 2466 omni
727 2401 853 2489 reliquo
865 2403 1019 2466 exercitui
1031 2403 1192 2489 patefece-

122 2515 203 2563 runt
217 2498 357 2583 aditum,
375 2503 534 2591 signoque
552 2504 630 2568 tuba
649 2504 743 2586 dato,
761 2526 876 2567 omnes
900 2505 1110 2568 Caucaeorum
1129 2525 1192 2590 pu·

124 2600 217 2665 beres
229 2601 270 2666 ad
282 2604 378 2667 millia
391 2605 562 2668 hominum
575 2606 688 2694 viginti
702 2603 957 2668 interficiuntur:
970 2602 1108 2666 imbellis
1119 2617 1193 2665 aetas

124 2725 301 2790 sexusque,
317 2708 487 2791 praemium
503 2706 663 2792 perfidias,
679 2708 713 2769 iu
733 2707 950 2793 captivitatem
970 2703 1191 2767 abstrahitur:

124 2819 279 2889 tantaque
295 2828 334 2867 ex
350 2806 559 2868 multitudine
578 2806 700 2892 oppido
720 2807 833 2891 pauci,
849 2828 917 2891 per,
925 2821 1084 2893 praerupta
1103 2826 1192 2889 quae-

124 2903 216 2985 dam,
226 2926 331 2988 eoque
346 2905 488 2989 neglecta
502 2905 703 2983 custodibus,
715 2907 803 2982 loca,
817 2906 910 2982 jactis
923 2907 955 2965 in
971 2927 1110 2992 praeceps
1123 2927 1193 2966 cor·

124 3002 275 3092 poribus,
293 3024 431 3066 evasere.
451 3003 539 3065 Urbe
560 3003 701 3089 direpta,
720 3026 823 3090 quum
845 3005 996 3067 facinoris
1016 3005 1085 3083 ejus
1107 3004 1193 3091 fama

123 3126 239 3167 omnes
253 3103 342 3181 juxta
352 3104 492 3191 populos
504 3103 658 3167 velociter
670 3104 899 3191 percurrisset,
910 3105 966 3191 qui
981 3105 1098 3192 apertis
1114 3105 1192 3168 locis

125 3205 329 3296 habitabant,
354 3207 389 3267 in
417 3206 566 3292 praealtos
595 3221 739 3287 montes,
769 3222 825 3270 aut
855 3207 980 3268 munita
1010 3206 1128 3295 oppida
1160 3230 1193 3271 se

123 3306 351 3387 contulerunt,
374 3307 553 3393 corruptis,
578 3330 650 3393 quae
677 3307 770 3370 avehi
792 3329 860 3369 non
886 3323 1077 3395 potuerant,
1095 3308 1192 3371 rebus

124 3408 208 3488 suis,
228 3430 270 3471 ne
296 3406 375 3494 quitl
401 3408 487 3471 hosti
512 3425 576 3472 tam
600 3407 723 3472 crudeli
744 3424 875 3495 tamque
900 3408 1074 3496 perfidioso
1097 3408 1194 3471 relin-

124 3524 289 3598 queretur.

168 3611 260 3674 XXI.
278 3610 330 3673 Sic
343 3609 532 3696 aliquandiu
547 3612 619 3698 plus
635 3611 789 3675 exercitui
807 3611 926 3675 laboris
937 3662 944 3686 ‚
956 3634 1014 3698 per
1031 3610 1192 3674 desertam

124 3712 291 3800 regionem
310 3711 419 3792 eunti,
444 3735 541 3799 quarn
569 3713 610 3775 ab
628 3711 800 3775 hostilibus
823 3713 920 3776 armis
950 3712 1085 3800 periculi
1108 3711 1192 3792 fuit,

125 3812 231 3877 donec
254 3812 458 3875 Intercatiam
481 3830 693 3902 perventum,
714 3814 921 3877 Vaccaeorum
941 3829 973 3876 et
997 3815 1115 3901 ipsam,
1136 3812 1193 3875 ubi

124 3915 345 4002 Hispanorum
358 3915 476 4001 copiae,
490 3914 613 4001 pedites
627 3915 742 4003 viginti
752 3915 849 3977 millia
859 3962 867 3995 ,
879 3914 946 3976 duo
957 3915 1102 4000 equiturn
1116 3933 1195 3975 con-

124 4015 285 4081 sederant.
300 4013 341 4077 Hi
353 4037 455 4101 quum
468 4040 486 4079 a
500 4016 633 4079 consule
646 4015 687 4078 ad
699 4014 901 4079 conditiones
914 4015 1139 4091 invitarentur,
1154 4011 1194 4073 il·

124 4117 274 4182 ludentes
291 4117 549 4203 interrogarunt,
573 4117 711 4178 ridemur
730 4113 821 4199 fidei
835 4115 983 4177 credituri
1004 4125 1101 4175 esseut
1112 4158 1122 4189 ,
1144 4112 1197 4174 cui

128 4217 259 4283 career·
272 4216 495 4279 credidissent?
508 4217 584 4278 Erat
597 4217 732 4279 omnino
749 4238 862 4278 eorum
881 4215 1054 4277 hominum
1072 4211 1193 4274 Lucul-

124 4318 194 4398 lus,
214 4318 288 4404 qui,
306 4318 434 4404 quoties
450 4315 573 4402 aliquid
592 4317 780 4403 exprobrari
794 4317 957 4396 sentiunt,
977 4315 1113 4377 aliorum
1132 4335 1193 4400 po·

159 4506 263 4571 sm.
274 4508 353 4556 suab.
366 4509 411 4559 lib.
422 4511 471 4567 111,
481 4525 506 4573 p.
520 4508 576 4554 16².
587 4534 621 4543 -
632 4509 686 4557 liv.
701 4509 766 4572 Epir.
779 4534 811 4545 --
828 4507 936 4571 Appian.
948 4532 983 4544 -
992 4505 1058 4554 rlor.
1067 4506 1105 4564 11,
1119 4519 1159 4563 ¹7·

250 4606 311 4674 IX.
1006 4599 1025 4668 5
