2594 4980
10 39 1288 369 u

313 712 366 779 IN
397 711 509 778 LOC.
537 710 630 776 LIB.
659 710 785 776 LXVI
817 711 1031 780 LIVlANl.
1133 714 1205 810 499

139 835 305 896 voluntate
323 830 490 920 Iugurthae
504 829 640 893 consilio
656 845 802 911 mutato,
821 850 913 917 reges
928 829 1062 897 diversis
1079 833 1205 901 itineri·

139 935 200 998 bus
217 934 250 996 in
269 931 451 996 difficiliora
471 932 540 994 loca
557 930 786 995 discesserunt.
801 931 891 994 Inter
905 931 965 995 hos
979 951 1150 1020 apparatus
1163 935 1206 1002 ad

138 1035 307 1101 Metellum
324 1033 486 1114 defertur,
502 1032 641 1097 Marium
662 1032 831 1095 consulem
851 1031 990 1107 factum,
1014 1035 1110 1122 eique
1126 1061 1205 1126 pro.

138 1138 276 1201 vinciam
301 1133 489 1199 Numidiam
507 1133 644 1198 datam:
664 1154 728 1220 qua
746 1157 781 1198 re
797 1155 894 1219 supra
916 1134 1053 1199 modum
1073 1139 1205 1221 anxius,

139 1262 246 1327 neque
259 1237 427 1325 lacrymis,
447 1259 554 1323 neque
570 1235 705 1300 vocibus
723 1232 938 1321 temperabat,
959 1236 1024 1317 vir,
1040 1252 1078 1300 ut
1091 1256 1206 1304 caetera

139 1339 306 1428 egregius,
323 1339 367 1401 ita
384 1338 511 1417 injuriae
529 1337 714 1424 impatiens:

181 1442 255 1521 vll.
273 1441 359 1530 Ergo
376 1462 484 1503 rerum
503 1437 737 1527 gerendarum,
753 1460 832 1526 quas
846 1439 957 1502 alienae
970 1440 1079 1527 gloriae
1096 1463 1207 1506 cessu-

139 1566 189 1606 ras
211 1541 444 1621 arbitrabatur,
468 1540 594 1620 abjecto
617 1540 806 1629 proposito,
830 1541 952 1628 legatos
975 1539 1017 1605 ad
1039 1543 1204 1608 bocchum

139 1644 254 1725 mittit,
265 1659 297 1706 et
310 1667 327 1706 a
338 1643 424 1706 bello
434 1643 586 1705 Maurum
603 1639 804 1706 dehortatur.
818 1641 877 1705 Ille
888 1642 1045 1724 vicissim,
1059 1645 1207 1733 cupidum

138 1770 169 1810 sc
184 1749 291 1834 pacis,
309 1742 503 1831 respondet;
522 1743 617 1806 modo
630 1744 800 1829 Iugurthae
818 1746 972 1808 rationem
985 1744 1129 1834 aliqtsam
1141 1747 1206 1812 lto·

138 1850 228 1911 niani
242 1847 388 1910 habeant.
406 1846 456 1910 lta
477 1845 672 1910 missitandis
694 1847 782 1910 ultro
803 1847 952 1934 citroque
972 1848 1206 1936 legationibus,

138 1951 234 2014 sicuti
255 1949 404 2013 Metellus
427 1948 587 2027 voluerat,
611 1962 739 2036 tempus
764 1948 797 2011 in
815 1948 884 2011 otio
903 1948 1099 2014 trahebatur.
1118 1952 1205 2017 llum

138 2052 170 2115 in
186 2076 226 2115 eo
238 2069 324 2115 statu
342 2073 392 2116 res
409 2049 571 2114 Numidiae
588 2066 682 2131 sunt,
697 2050 739 2114 .C.
754 2049 859 2114 Mario
876 2051 1142 2138 supplementum
1155 2077 1207 2120 se·

140 2172 234 2219 natus
256 2154 373 2218 lubens
394 2153 599 2234 decreverat,
624 2175 692 2216 non
712 2167 750 2216 ut
769 2169 897 2241 gratum
921 2153 1047 2217 consuli
1070 2155 1206 2241 faceret,

139 2280 236 2344 quem
248 2256 336 2321 haud
348 2256 555 2321 mediocriter
571 2254 702 2336 oderat,
716 2253 772 2319 sed
783 2256 901 2319 astutia
912 2253 1072 2341 quadam,
1086 2273 1123 2320 ut
1136 2257 1209 2322 irri-

140 2375 210 2422 tum
225 2358 293 2440 ejus
312 2360 497 2446 inceptum,
511 2372 567 2420 aut
576 2357 645 2445 ipse
658 2356 782 2446 populo
799 2357 922 2421 invisus
939 2354 1047 2438 fieret,
1065 2359 1122 2445 qui
1134 2383 1207 2450 gra-

139 2476 210 2522 vate
227 2473 350 2522 novutn
367 2457 529 2522 delectum
547 2480 702 2545 passurus
720 2456 900 2522 videbatur.
919 2458 984 2522 Sed
1002 2458 1072 2523 haec
1094 2483 1208 2551 exspe-

138 2562 236 2624 ctatio
260 2561 379 2623 frustra
402 2559 484 2623 fuit:
509 2580 583 2621 nam
600 2559 743 2637 Marius,
764 2559 924 2622 concione
943 2558 1120 2640 advocata,
1140 2562 1207 2625 suis

139 2662 236 2725 rebus
259 2659 450 2725 extollendis
468 2660 513 2722 ita
535 2657 682 2722 accendit
702 2657 876 2721 hominum
899 2657 1029 2737 studia,
1048 2675 1087 2722 ut
1111 2681 1208 2749 supra

138 2761 308 2825 decretum
336 2781 512 2822 numerum
536 2759 632 2820 etiam
655 2757 830 2820 voluntarii
852 2758 946 2820 multi
969 2759 1111 2846 auspicia
1137 2762 1207 2844 ejus

139 2876 362 2947 sequerentur.

182 2962 272 3025 Vlll.
290 2961 346 3024 llla
363 2959 510 3047 inprimis
526 2960 674 3022 oratione
690 2982 887 3048 magnopere
908 2961 1109 3027 nobilitatem
1131 2988 1206 3030 exa·

139 3064 255 3151 gitasse
275 3061 413 3143 dicitur,
432 3061 546 3125 solitus
566 3075 599 3123 et
618 3076 713 3125 antea
734 3083 792 3150 per
806 3061 987 3149 quamlibet
1001 3065 1205 3145 occasionem

139 3164 287 3253 superbis
300 3180 333 3228 et
344 3162 590 3228 contumeliosis
602 3161 696 3226 dictis
710 3163 879 3227 incessere.
898 3163 982 3227 Nam
999 3182 1047 3247 et,
1060 3168 1208 3233 consula·

138 3283 207 3330 tum
217 3291 261 3330 ex
275 3270 366 3331 vt'ctis
379 3264 443 3329 illis
456 3263 559 3354 spolia
568 3266 695 3353 cepisse,
708 3264 891 3347 dictitabat,
903 3288 966 3328 non
977 3266 1204 3357 alienasacta,

138 3384 169 3432 et
183 3384 376 3434 mortuorum
391 3367 513 3448 titulos,
533 3366 591 3430 sed
600 3390 671 3430 srws
687 3365 825 3447 labores,
839 3389 911 3432 suas
923 3370 1083 3433 cicatrices
1091 3369 1207 3460 priese-

139 3472 237 3534 rendo
257 3496 268 3533 :
288 3471 517 3559 quaerebatque
533 3492 573 3532 ex
588 3469 891 3567 circumstantibus,
907 3471 937 3532 si
949 3469 1084 3559 majores
1097 3470 1213 3537 Albini

139 3582 197 3633 aut
212 3572 325 3634 Bestiae
345 3571 526 3659 respondere
543 3583 691 3659 possent,
712 3585 857 3634 utrumne
879 3570 1025 3653 ilhnsm,
1046 3595 1092 3636 aa
1108 3574 1212 3640 Marii

139 3671 252 3734 simiks
261 3686 401 3759 posteros
414 3675 555 3761 optaturi
564 3673 768 3737 videremur?
779 3670 880 3753 Quod
894 3695 963 3735 non
978 3674 1079 3763 magis
1095 3692 1209 3742 contu·

140 3774 241 3837 macia
257 3773 380 3861 ingenii
399 3773 582 3856 factitabat,
602 3795 700 3862 quam
718 3788 756 3837 ut
770 3772 856 3860 plebi
878 3794 913 3836 se
932 3771 1039 3854 daret,
1058 3798 1131 3862 quae
1146 3776 1207 3841 hac

140 3876 268 3939 licentia
286 3875 462 3939 nobilitatis
481 3878 698 3966 arrogantiam
721 3875 790 3938 laeta
811 3874 995 3962 lubensque
1010 3876 1204 3954 vindicabat.

140 3979 254 4063 Neque
277 3998 317 4039 eo
335 3976 465 4066 segnius
483 4000 596 4066 parare
616 3992 834 4056 commeatus,
854 3998 990 4040 onerare
1010 4000 1123 4059 nares,
1147 3980 1206 4043 sti·

139 4078 275 4166 pendia,
292 4101 399 4159 arma,
418 4094 531 4142 caetera
554 4078 640 4143 bello
660 4078 771 4155 utilia,
796 4101 871 4142 cum
890 4077 996 4167 legato
1012 4083 1051 4143 A.
1066 4079 1206 4166 Manlio,

139 4180 290 4267 praetorio
313 4180 404 4260 viro,
427 4181 461 4242 in
485 4179 627 4245 Africam
648 4179 800 4244 mittere:
818 4181 886 4269 ipse
907 4180 1024 4244 milites
1046 4181 1205 4266 scribere,

140 4305 207 4345 non
229 4304 267 4345 ex
286 4281 440 4347 classibus
457 4297 489 4346 et
509 4304 600 4345 more
622 4281 797 4363 majorum,
814 4281 872 4347 sed
888 4281 992 4369 capite
1007 4303 1122 4347 censos
1137 4284 1207 4373 ple·

140 4405 276 4469 rosque,
292 4382 382 4470 quod
398 4406 501 4473 genus
517 4383 642 4470 antiqui
657 4381 757 4448 duces
773 4399 976 4473 spreverant,
990 4384 1154 4471 militiam,
1169 4404 1207 4452 ut

971 4490 1033 4563 32.
