2594 4980
141 704 208 774 312
313 708 380 772 JO.
408 707 744 774 FRElNSllEb‘llI
775 707 1016 775 SUPPLEM.

139 825 244 912 «agit,
267 840 303 887 ut
321 848 394 887 eum
418 825 568 887 ormribns
590 826 712 914 legibus
736 848 905 889 romanum
928 828 1098 915 imperium
1119 851 1202 895 cora

136 956 149 979 ιι
159 943 249 1005 ruat,
266 927 321 1010 qui
333 926 562 1012 rempublicam
577 928 694 990 salvam
705 927 835 1006 volunt,
848 949 899 990 me
916 944 1102 1013 sequantur.
1113 930 1194 993 »His

136 1025 245 1106 dietis,
265 1026 376 1088 lacinia
386 1043 482 1113 eaput
495 1026 668 1090 obvolvens
682 1026 748 1089 ibat
759 1049 767 1089 :
778 1026 973 1112 sequebatur
990 1028 1194 1115 optimatium

136 1147 267 1213 agmen,
285 1128 366 1214 togis
385 1126 513 1190 sinistro
531 1126 661 1189 brachio
678 1125 899 1207 circumdatis,
916 1126 1028 1191 obvios
1046 1151 1194 1215 quosque

135 1226 312 1305 disjiciens:
329 1229 448 1315 quippe
463 1227 649 1315 dignitatem
665 1227 807 1290 virorum
822 1229 948 1291 reveriti
964 1228 1111 1293 homines
1125 1251 1191 1293 non

138 1329 346 1409 resistebant,
364 1329 436 1408 sed,
455 1352 518 1414 qua
535 1328 671 1414 quisque
685 1345 823 1415 poterat,
839 1350 873 1391 se
892 1328 1121 1415 proripientes,
1141 1330 1191 1392 lo·

135 1452 210 1492 cum
229 1429 348 1492 dabant
359 1429 537 1493 ruentibus.
549 1431 589 1491 At
607 1429 668 1509 illi,
679 1429 776 1515 raptis
792 1427 1017 1492 subselliorum
1033 1428 1193 1517 fragmen·
1235 1489 1238 1493 ,

137 1529 196 1607 tis,
217 1507 290 1590 nain
312 1529 460 1591 subsellia
478 1529 577 1591 multa
594 1529 747 1616 fugientis
764 1528 866 1593 turbae
885 1529 1024 1616 impetus
1047 1545 1192 1616 ruperat,

136 1631 301 1693 Tiberium
312 1630 464 1717 petebant
475 1655 482 1709 3
495 1631 647 1692 clientum
659 1629 958 1716 mancipiorumque
968 1628 1191 1712 multitudiue,

135 1754 209 1794 cum
227 1731 360 1794 sudibus
386 1750 417 1794 et
440 1732 550 1812 clavis,
572 1753 649 1817 quas
668 1730 767 1795 domo
787 1731 975 1812 attulerant,
997 1731 1191 1796 comitante:

131 1832 262 1917 jamque
272 1832 357 1894 ccede
370 1832 539 1895 obviorum
551 1848 652 1919 coepta
663 1847 772 1912 ,tanto
784 1832 939 1895 intentius
950 1833 1054 1896 caeteri
1066 1833 1192 1920 fugere,

136 1953 237 2016 quum
255 1933 286 1994 iu
298 1933 393 1994 turba
410 1934 575 2013 Tiberius,
593 1956 695 2019 quum
709 1933 773 2012 jam
788 1932 1126 2019 comprehenderetur,
1144 1934 1193 1997 di·

136 2032 231 2094 missa
247 2050 319 2118 toga
336 2034 496 2095 tunicatus
509 2034 613 2096 effuso
627 2056 739 2114 cursu,
753 2055 811 2119 per
827 2032 961 2121 gradus,
978 2034 1034 2118 qui
1047 2048 1124 2097 sunt
1136 2055 1193 2097 su·

136 2155 192 2219 per
211 2133 420 2219 Calpurnium
436 2135 591 2196 fornicem
603 2184 611 2215 ,
622 2135 748 2214 abibat,
764 2135 797 2197 ni
813 2133 1003 2222 corporibus
1014 2135 1192 2215 jacentium

135 2234 364 2312 retinentibus,
382 2259 554 2321 oppressus
570 2251 768 2321 necatusque
785 2249 877 2296 esset.

178 2334 261 2396 LIX.
275 2333 370 2396 Haud
385 2335 534 2421 equidem
550 2333 757 2416 crediderim,
773 2334 895 2397 Nasicae
911 2356 1009 2397 mauu
1022 2334 1191 2413 cecidisse,

135 2456 321 2519 quanquam
337 2430 489 2497 traditum
507 2459 525 2498 a
540 2434 732 2522 quibusdam
747 2450 812 2514 est,
831 2435 887 2520 qui
901 2436 1005 2516 sorte,
1022 2432 1112 2522 quod
1129 2457 1192 2521 op·

134 2556 280 2619 pressum
293 2558 309 2597 a
326 2535 359 2597 P.
371 2535 520 2622 Scipione
531 2535 697 2598 Tiberium·
707 2549 946 2622 compererant,
963 2534 1030 2612 ejus
1041 2555 1108 2598 uon
1118 2556 1196 2599 con·

134 2633 204 2695 silio
222 2650 346 2696 tautum
366 2652 396 2696 et
414 2637 616 2715 auctoritate,
636 2635 803 2699 sedetiam
818 2636 949 2698 vulnere
963 2651 1116 2722 patratam
1132 2656 1194 2698 eae·

135 2733 209 2795 dem
232 2757 300 2797 esse
325 2753 529 2821 putaverunt.
552 2736 649 2824 Apud
673 2735 889 2826 diligentiores
919 2736 1065 2817 invenio,
1091 2758 1195 2822 quum

135 2857 170 2896 ex
191 2836 392 2922 prolapsione
403 2861 436 2899 se
454 2839 627 2916 attolleret,
638 2836 720 2925 pede
733 2835 875 2900 subsellii
894 2859 911 2898 a
927 2836 963 2900 P.
974 2836 1120 2900 Satureio
1137 2859 1194 2899 oc·
1251 2884 1254 2890 -

135 2951 286 3021 eupatum
301 2960 385 3018 esse,
402 2939 497 3000 altera
517 2937 633 3001 deinde
650 2938 742 3026 plaga
758 2939 793 3000 L.
818 2935 977 2999 Rubrium
994 2935 1121 3025 gloriari
1139 2958 1194 2999 so·

134 3035 250 3100 litum:
277 3039 318 3099 ita
338 3062 354 3099 a
374 3039 501 3125 collegis
525 3039 591 3101 suis
614 3038 800 3101 interfectus
820 3052 886 3118 est,
912 3058 1018 3123 neque
1037 3036 1196 3100 tribunitii
1237 3026 1244 3039 ’

132 3137 213 3216 juris
227 3139 375 3200 sanctitas
393 3139 419 3199 ei
434 3139 641 3224 profuit,qui
657 3130 745 3226 prior
756 3137 835 3200 illud
850 3138 882 3199 in
900 3137 945 3200 M.
961 3137 1092 3202 Octavio
1107 3137 1195 3202 vide-

135 3236 229 3298 batur
244 3238 386 3298 violasse.
409 3237 621 3299 Observatum
638 3259 713 3300 sane
734 3254 801 3317 est,
818 3237 939 3303 nemini
956 3260 1118 3329 unquam,
1135 3239 1195 3325 qui

134 3337 262 3422 collegae
280 3338 497 3423 magistratum
514 3336 714 3423 abrogasset,
737 3337 833 3399 vitam
860 3335 900 3399 ad
917 3337 1051 3400 alterum
1071 3360 1193 3401 annum

136 3434 307 3500 duravisse.

179 3538 244 3600 Lx.
260 3536 329 3599 Hoc
339 3537 424 3599 exitu
440 3560 538 3623 seque
552 3553 583 3600 et
596 3539 826 3626 rempublicam
843 3539 995 3608 turbandi
1008 3538 1104 3602 finem
1118 3541 1196 3604 fecit

132 3638 275 3716 juvenis,
298 3639 322 3699 si
347 3662 445 3725 pauca
470 3655 500 3700 et
525 3654 684 3724 postrema
703 3639 879 3725 exceperis,
899 3639 1086 3702 innocentia
1106 3639 1193 3720 ritae,

135 3738 323 3801 claritudine
343 3741 477 3827 ingenii,
495 3740 661 3802 sanctitate
686 3741 855 3827 propositi,
872 3739 992 3801 nemini
1012 3739 1194 3825 postferen-

135 3839 205 3903 dus.
220 3840 450 3903 Occubueruut
468 3865 541 3904 eum
555 3864 593 3903 eo
609 3841 755 3904 homines
773 3841 908 3928 amplius
923 3840 1072 3903 trecentis
1083 3842 1195 3921 ,fusti-

129 3931 196 4004 bus
220 3963 331 4003 omnes
356 3958 388 4002 et
407 3942 565 4029 lapidibus
584 3942 769 4019 interfecti:
795 3964 868 4003 nam
891 3941 1012 4003 ferrum
1032 3941 1194 4022 abluerat,

136 4041 329 4105 modestiore
344 4044 440 4129 paulo
454 4032 611 4131 principio
624 4042 742 4106 littaris
759 4041 900 4105 cladibus
913 4040 1110 4130 praeludente
1126 4040 1194 4106 dis·

167 4267 284 4330 §svnt
297 4271 351 4317 Vel.
366 4273 432 4318 Max.
448 4298 481 4305 —
497 4271 568 4318 Auct.
587 4269 616 4318 de
629 4271 684 4317 Vir.
700 4270 735 4316 ill.
750 4297 785 4306 -
799 4270 863 4317 Vell.
879 4273 904 4319 ΙΙ
913 4306 921 4329 ,
934 4272 958 4318 3.
971 4294 1006 4306 —·
1020 4268 1143 4317 Plutarch.
1157 4294 1195 4304 —

136 4349 187 4394 Lir.
201 4351 265 4413 Epir.
276 4380 310 4389 -
321 4353 426 4417 Appian.
437 4380 471 4388 —
482 4354 552 4402 Oros.
564 4354 595 4409 V,
609 4367 634 4413 9.
646 4379 681 4388 -—
696 4352 712 4416 S
725 4354 791 4399 ux.
805 4352 879 4401 Diod.
890 4353 1010 4418 apNalcs.
1020 4381 1055 4391 -
1068 4350 1194 4402 Plutarch.

140 4433 244 4481 -Vell
260 4464 293 4472 -
306 4437 367 4493 Dio,
380 4436 422 4485 lib.
433 4437 522 4485 va1.
534 4464 568 4472 —
577 4436 627 4484 Jul.
636 4434 726 4499 Obseq.
737 4450 789 4501 cap.
800 4436 842 4482 68.
861 4458 864 4464 ·
