2594 4980
149 701 219 817 '294
324 725 754 799 10.rnu1nsuuu11
783 724 1028 801 suescunt.

147 868 299 935 agrorum
323 846 427 908 colere
452 847 638 931 nequirent,
656 867 714 932 per
731 844 944 908 mercenarios
964 841 1088 932 generis
1113 842 1210 907 italici

148 948 290 1010 colerent
303 969 310 1009 :
325 947 414 1033 quod
432 970 533 1033 quum
548 947 665 1010 laboris
677 946 861 1032 militiaque
870 944 1140 1034 patientissimum
1157 967 1209 1007 es·

145 1062 209 1127 set,
224 1069 260 1110 ea
279 1047 482 1135 potissimum
499 1049 623 1111 ratione
644 1047 803 1111 contineri
817 1045 914 1109 simul
932 1045 1037 1132 alique
1056 1067 1150 1133 posse
1166 1043 1209 1108 ad

146 1148 377 1212 continuorum
407 1150 565 1212 bellorum
593 1149 761 1213 auxiliares
790 1147 933 1211 delectus
960 1145 1207 1212 arbitrabantur.

144 1249 208 1315 Sed
231 1274 282 1314 res
298 1252 360 1314 alio
383 1251 495 1332 vertit,
512 1253 641 1316 avaritia
664 1268 697 1316 et
713 1266 785 1314 astu
805 1249 963 1330 divitum,
985 1250 1039 1336 qui
1060 1248 1207 1336 publicos

143 1371 256 1439 agros,
267 1369 304 1414 ut
318 1353 505 1440 longissimo
516 1370 661 1442 tempore
673 1374 836 1441 possessos
845 1402 853 1433 ,
863 1375 924 1439 pro
933 1351 998 1414 suis
1009 1349 1206 1433 retinebant,

143 1453 378 1541 augebantque.
401 1455 565 1529 submotis
585 1456 672 1518 enim
694 1453 846 1543 paulatim
864 1468 921 1516 aut
940 1452 994 1534 vi,
1012 1468 1068 1514 aut
1083 1451 1207 1539 pretio,

142 1550 305 1631 veteribus
323 1556 483 1637 dominis,
501 1581 566 1619 non
582 1557 774 1646 jamagros,
791 1553 847 1620 sed
863 1552 1030 1618 latifundia
1046 1555 1205 1635 colentes,

140 1654 360 1743 ingenuorum
387 1682 517 1746 operam
538 1659 802 1747 aspernabantur,
822 1657 1023 1743 servitiisque
1048 1656 1206 1742 coemptis

141 1779 216 1820 rura
234 1761 422 1824 exercebant
440 1783 448 1823 ε
463 1760 497 1824 id
509 1761 595 1824 enim
609 1776 677 1824 erat
687 1760 790 1824 multo
801 1757 1030 1846 quaestuosius,
1048 1771 1117 1820 tuin
1130 1755 1206 1842 quia

141 1855 234 1934 liberi
263 1860 412 1924 homines
439 1862 479 1924 ab
501 1862 695 1951 agricultura
719 1858 885 1948 stipendiis
912 1857 1102 1922 militaribus
1122 1878 1205 1943 saepc

141 1960 369 2040 avocabantur,
384 1963 482 2025 servis
494 1962 527 2024 in
536 1961 650 2026 eodem
660 1976 807 2061 tempore
819 1959 1037 2039 manentibus;
1049 1972 1119 2021 tum
1130 1957 1206 2044 quia

142 2060 237 2123 etiam
260 2083 299 2124 ex
315 2079 409 2150 partu
429 2064 615 2127 ancillarum
636 2079 730 2139 aucta
749 2062 886 2142 familia,
904 2060 945 2125 ad
966 2061 1063 2126 heros
1078 2060 1204 2123 lucrum

141 2160 175 2223 in
200 2185 257 2224 ens
273 2161 409 2237 redibat.

178 2183 223 2326 ξ’.
244 2264 314 2327 Hoc
330 2264 430 2328 modo
455 2264 563 2345 fiebat,
579 2281 616 2328 ut
632 2285 855 2352 possessorum
873 2285 923 2326 res
940 2261 1119 2343 familiaris,
1136 2283 1204 2324 ser·

139 2384 322 2451 torumque
342 2387 496 2428 numerus
519 2366 550 2428 in
574 2365 770 2428 immensum
790 2362 1204 2452 augeretur,'paucioribus

139 2464 173 2526 in
190 2464 257 2528 dies
274 2465 439 2557 ingenuis,
460 2467 513 2552 qui
534 2481 648 2552 praeter
665 2466 807 2553 inopiam
825 2463 1056 2539 domesticam,
1073 2462 1203 2527 tributis

140 2566 236 2629 etiam
256 2582 288 2628 et
303 2563 481 2629 delentibus
499 2566 729 2631 atterebantur.
748 2566 838 2648 Quin
857 2582 907 2645 et,
924 2564 1051 2650 quoties
1073 2585 1092 2626 a
1111 2563 1203 2628 bellis
1227 2570 1233 2593 '

139 2668 260 2730 vacatio
278 2685 358 2741 erat,
375 2668 505 2762 pigrum
522 2669 598 2756 ipsis
615 2668 920 2754 infructuosumque
938 2681 1066 2752 tempus
1080 2663 1202 2745 abibat,

139 2790 241 2863 quum
267 2790 360 2856 agros
378 2770 524 2857 proprios
544 2792 613 2833 non
627 2769 802 2848 haberent,
820 2784 869 2848 et,
889 2765 1075 2831 abundante
1095 2787 1202 2830 servo·

139 2894 211 2934 rum
239 2895 397 2953 numero,
419 2873 615 2936 conductitia
638 2873 775 2937 istorum
802 2893 898 2957 opera
924 2891 1021 2931 nemo
1046 2882 1200 2932 uteretur.

137 2972 213 3036 Non
231 2989 298 3036 crat
316 2975 509 3054 obscurum,
534 2988 657 3061 quanto
674 2972 858 3060 reipublicae
876 2969 1020 3058 periculo
1038 2967 1201 3031 sociorum

139 3073 285 3162 quotidie
300 3075 407 3137 minor
420 3075 512 3162 copia
531 3075 639 3152 fieret;
651 3074 753 3152 servi,
770 3073 832 3135 orti
852 3072 892 3134 ab
908 3069 1077 3148 hostibus,
1091 3085 1123 3130 et
1139 3067 1202 3155 ipsi

138 3174 239 3239 futuri
256 3175 383 3249 hostes,
400 3176 425 3237 si
440 3175 566 3237 occasio
579 3175 733 3254 venisset,
750 3187 967 3262 augescerent.

181 3278 239 3339 Vl.
248 3275 311 3338 Sed
323 3276 475 3338 adversus
487 3275 640 3338 ditiorum
649 3273 824 3363 potentiam
833 3271 890 3336 diu
902 3274 1019 3335 fmstra
1029 3284 1106 3334 sunt
1115 3292 1201 3358 quas·

136 3375 196 3439 sita
212 3376 371 3439 remedia:
388 3400 509 3467 neque,
521 3375 595 3441 licet
604 3374 849 3437 vehementibus
860 3370 1076 3459 quorumdam
1085 3369 1199 3434 studiis

135 3478 319 3555 instaretur,
336 3477 400 3537 vim
419 3477 516 3538 ullam
531 3477 621 3565 prius
639 3475 868 3554 obtinuerunt,
887 3495 983 3562 quam
1000 3473 1062 3537 sub
1076 3495 1198 3535 annum

135 3575 224 3640 urbis
246 3578 448 3639 CCCLXXX
465 3577 630 3666 rogatione
647 3577 767 3640 Licinia
783 3591 957 3656 caveretur,
973 3598 1012 3638 ne
1029 3577 1096 3662 quis
1112 3573 1200 3638 ultra

133 3679 306 3764 quingenta
319 3679 520 3765 agrijugera
532 3678 726 3767 possideret:
745 3701 819 3741 neve
828 3677 903 3766 plus
920 3679 1096 3764 qutitgentis
1112 3678 1199 3763 capi·

132 3777 213 3841 tibm
230 3801 398 3865 pecorum,
419 3792 600 3868 centumque
621 3780 748 3869 metieris
767 3781 902 3842 armenti
907 3793 1051 3866 pasceret
1071 3802 1083 3840 :
1106 3790 1200 3865 utque

133 3892 231 3951 certus
245 3884 502 3943 mercenariorum
520 3903 664 3945 nwnerus
680 3906 724 3945 ex
735 3885 869 3969 ingenua
880 3880 973 3969 plebe
984 3903 1007 3942 a
1015 3882 1197 3967 possessori·

133 3979 188 4042 bus
206 3980 350 4042 aleretur.
365 3983 439 4044 ttaec
456 4007 521 4045 non
537 3984 636 4048 modo
648 3985 792 4048 tribuum
807 3984 967 4071 suffragiis
984 3983 1120 4062 sancita,
1139 3981 1198 4046 sed

133 4079 228 4142 etiam
246 4080 455 4159 jurejurando
472 4085 674 4167 confirmata,
689 4086 815 4176 egregie
831 4084 1026 4173 pauperibus
1043 4098 1075 4146 et
1088 4084 1196 4172 publi·

133 4203 177 4244 cae
186 4183 231 4244 rei
246 4183 477 4265 subvenerant,
488 4187 521 4248 ni
536 4187 622 4275 apud
634 4187 783 4252 homines
793 4209 894 4274 opum
902 4182 1075 4249 dulcedine
1085 4202 1196 4274 captos

167 4378 182 4441 5
196 4384 239 4429 IV·
251 4385 311 4431 1⁴¹⁰·
326 4387 352 4441 ¹»
370 4386 425 4444 1⁶7·
440 4412 475 4421 -
488 4388 595 4452 Aliphe.
608 4416 645 4427 -
657 4389 779 4450 Plutarch,
791 4362 818 4447 in
828 4386 886 4447 Tib.
897 4387 1025 4446 Graccho,
1039 4404 1093 4453 οφ.
1106 4403 1145 4446 so.
1160 4413 1193 4433 ‹-

160 4464 192 4511 V.
207 4466 329 4514 Plutarch.
341 4496 376 4505 -
387 4470 497 4533 Appian.
734 4457 739 4468 ’
