2594 4980
311 757 362 824 IN
395 757 505 826 LOC.
533 759 628 825 LIB.
655 758 781 825 LXVI
812 756 1025 824 LlVlANI.
1131 750 1203 824 503

134 880 195 943 lius
214 895 348 964 excepta
368 879 471 942 oratio
489 894 561 943 est:
581 900 641 942 nec
656 878 842 965 triumphus
866 876 966 941 modo
989 877 1202 957 clarissimus,

134 979 191 1042 scd
216 980 313 1042 etiarn
344 980 496 1044 meritum
524 980 645 1045 virtute
673 980 842 1046 Numidici
865 1002 1050 1068 cognomen
1077 978 1203 1043 datum.

134 1083 248 1169 Neque
266 1083 384 1147 minori
406 1081 525 1147 deinde
544 1084 644 1171 gloria
666 1085 701 1146 in
725 1085 798 1147 l'oro
819 1081 860 1146 de
882 1081 1043 1146 calumnia
1061 1080 1204 1162 inimici,

134 1208 232 1272 quarn
249 1186 283 1247 in
294 1185 455 1273 Capitolio
467 1183 510 1250 de
526 1185 621 1249 hoste
631 1186 738 1265 ricto,
752 1183 974 1273 triumphavit.
989 1183 1102 1263 Quum
1115 1181 1204 1246 enim

135 1286 390 1374 repetundarum
404 1309 499 1367 reus,
519 1287 660 1362 tabidas,
682 1303 720 1351 ut
740 1310 811 1352 mos
825 1302 908 1366 erat,
924 1284 1089 1367 judicibus
1103 1285 1205 1372 inspi-

134 1387 269 1452 ciundas
287 1389 455 1470 edidisset,
470 1390 535 1463 viri
546 1390 743 1479 gaavissimi,
758 1389 884 1476 equites
900 1387 1044 1467 romani,
1061 1386 1120 1474 qui
1134 1401 1205 1448 turn

135 1508 211 1554 unte
240 1491 342 1580 legem
365 1492 527 1579 Caepionis
551 1491 659 1556 adhuc
680 1490 887 1571 judicabant,
909 1490 1036 1553 vultum
1065 1486 1207 1552 universi

134 1607 337 1670 averterunt,
353 1614 393 1656 ne
403 1591 445 1656 de
455 1591 520 1656 fide
530 1593 724 1681 cujusquam
735 1594 781 1656 rei
791 1640 800 1674 ,
810 1615 883 1680 quae
892 1593 991 1656 relata
1000 1592 1033 1654 in
1045 1591 1095 1655 his
1105 1605 1206 1669 esset,

136 1693 287 1757 dubitare
310 1693 500 1758 viderentur
517 1718 524 1759 :
542 1712 631 1759 tanta
647 1695 786 1775 Metelli,
804 1711 936 1782 tamque
952 1708 1066 1758 testata
1082 1690 1207 1756 civibus

136 1796 222 1876 suis,
242 1797 410 1884 integritas
428 1797 506 1862 fuit!

179 1900 265 1961 xvi.
282 1900 431 1964 Comitiis
450 1914 558 1964 tamen
576 1899 820 1979 consularibus,
835 1921 894 1988 pro
910 1899 945 1962 P.
956 1898 1082 1961 Rutilio
1098 1896 1204 1975 Rufo,

137 2023 238 2086 (luem
256 2000 398 2089 legatum
412 2001 446 2064 in
459 2000 568 2065 Africa
581 2000 755 2081 habuerat,
772 2018 805 2064 et
817 2000 919 2087 quiin
935 2000 1044 2063 locum
1057 1999 1094 2061 L.
1105 1997 1207 2083 Cassii

138 2101 282 2188 petebat,
301 2103 436 2191 gratiam
458 2125 550 2166 suam
570 2126 687 2191 parum
706 2101 878 2167 efficaciter
892 2101 1107 2188 interposuit;
1125 2121 1208 2187 pras·

138 2204 266 2267 valente
284 2203 329 2268 Μ.
342 2203 475 2268 AEmilio
492 2206 614 2270 Scauro
630 2207 852 2293 competitore.
878 2205 963 2268 Hinc
982 2225 1107 2291 magnae
1123 2203 1208 2267 inter

136 2305 196 2368 hos
212 2305 389 2371 simultates
406 2306 698 2397 :designatumque
709 2309 869 2373 Scaurum
879 2307 1020 2371 Rutilius
1032 2304 1209 2394 postrdavit

135 2408 293 2487 ambitus,
317 2424 350 2471 et
369 2410 409 2472 ab
428 2409 490 2474 hoc
511 2411 662 2475 absoluto
684 2412 824 2475 vicissim
842 2410 1026 2499 postulatus
1046 2424 1104 2471 est.
1128 2407 1207 2488 Quo

136 2510 169 2571 in
181 2510 326 2590 judicio,
344 2533 448 2597 quum
465 2513 499 2574 in
517 2510 592 2575 Rufi
608 2513 726 2576 tabulis
742 2512 868 2575 nomini
885 2510 1014 2575 cuidam
1030 2506 1207 2594 adscriptas

136 2612 241 2675 literas
260 2615 304 2676 A.
321 2612 357 2676 F.
380 2614 418 2675 P.
437 2613 476 2675 Ii.
500 2613 640 2676 Scaurus
658 2611 862 2691 ostenderet,
879 2611 973 2699 idque
992 2607 1117 2672 diceret
1131 2628 1208 2684 ests,

135 2715 254 2776 Actum
259 2711 337 2793 fide
354 2713 394 2775 P.
406 2712 519 2775 [lumbi
522 2738 536 2792 ;
554 2713 696 2777 Rutilius
716 2730 848 2791 autem,
870 2713 955 2776 Arate
962 2709 1115 2797 factwn,
1133 2723 1209 2796 post

136 2813 498 2889 1·elutmn,·C.Cannius
521 2836 621 2900 eques
640 2835 816 2888 romanus,
831 2814 887 2900 qui
905 2813 992 2875 Rufo
1009 2809 1135 2890 aderat,
1154 2832 1211 2874 ex·

136 2912 301 2993 clamavit,
315 2926 460 2976 neutrum
475 2912 538 2976 r'lls's
552 2913 649 2978 literis
663 2913 834 2977 declarari.
847 2943 859 2966 a
872 2912 961 2994 Quid
970 2911 1091 3001 ergol»
1102 2910 1211 2998 inquit

136 3013 297 3080 Scaurus:
315 3030 386 3078 tum
403 3013 474 3093 ille,
485 3045 498 3069 ι
508 3014 661 3079 AEmilius
677 3015 771 3095 fecit,
786 3015 940 3104 plectitur
957 3013 1110 3078 Rutilius.
1122 3044 1135 3070 υ

180 3117 285 3179 XVII.
301 3117 377 3179 Haec
394 3136 434 3178 eo
450 3136 538 3178 anno
558 3116 591 3179 in
608 3117 697 3181 Urbe
712 3132 782 3181 acta
796 3116 959 3204 comperi,
978 3132 1011 3180 et
1027 3115 1111 3179 duos
1127 3136 1209 3202 prte-

138 3233 222 3280 terea
242 3216 428 3304 triumphos
452 3239 492 3280 ex
510 3217 664 3306 Hispania
679 3219 882 3305 Thraciaque
904 3218 1031 3283 ductos.
1050 3218 1092 3298 Q.
1107 3216 1212 3282 Servi·

136 3320 199 3382 lius
225 3319 334 3409 Caepio
360 3317 403 3382 de
431 3320 613 3400 Lusitanis,
642 3336 675 3385 et
698 3321 833 3385 clariore
858 3321 944 3384 fama
969 3318 1010 3383 de
1035 3317 1211 3383 Scordiscis

137 3422 181 3483 Μ.
201 3421 366 3485 Minucius
389 3424 511 3504 Rufus,
535 3422 789 3511 triumpharunt.
815 3421 879 3487 Sed
903 3423 939 3486 in
961 3420 1117 3486 Numidia
1138 3420 1211 3485 Ma·

139 3523 222 3597 rins,
241 3545 452 3611 magnacum
468 3524 633 3589 veteribus
651 3525 798 3590 exerdtis
818 3523 940 3611 copiis,
961 3522 1148 3587 assuefactis
1168 3519 1211 3585 ad

139 3645 275 3685 munera
293 3646 452 3712 casusque
470 3627 592 3690 militiae
609 3626 791 3706 tironibus,
808 3647 913 3711 quum
932 3622 1075 3688 Goetulos
1097 3639 1132 3686 et
1153 3623 1211 3686 Ju-

138 3724 290 3813 gurtham
304 3746 388 3811 saepe
405 3726 531 3791 levibus
545 3725 662 3815 praeliis
676 3725 828 3806 fudisset,
844 3724 964 3804 majora
980 3724 1086 3787 moliri
1099 3722 1210 3810 coepit:

138 3848 206 3912 quo
223 3824 417 3911 Iugurtham
434 3824 475 3890 de
493 3850 623 3892 summa
639 3849 749 3890 rerum
767 3825 921 3889 dimicare
936 3841 1084 3915 cogeret,
1103 3824 1211 3912 prius·

136 3950 233 4014 quarn
263 3927 455 3991 contrahere
480 3952 499 3991 a
527 3929 649 3992 Mauris
675 3927 792 3992 auxilia
815 3927 984 4014 potuisset.
1013 3927 1097 3991 Nam
1127 3925 1210 3987 Boc·

137 4029 235 4112 chus,
254 4053 337 4119 saepe
362 4030 467 4092 missis
487 4029 529 4093 ad
549 4032 719 4096 consulem
745 4029 886 4110 nuntiis,
910 4027 1090 4116 quidquam
1114 4024 1155 4089 ab
1176 4045 1211 4089 se

138 4130 255 4196 hostile
276 4132 400 4212 timeri,
421 4131 560 4196 vetabat.
589 4132 695 4219 Igitur
719 4131 831 4195 moltis
856 4129 985 4220 oppidis
1009 4126 1211 4216 castellisque

173 4351 486 4414 §xv.vell.11‚11.-
505 4353 558 4401 Val.
572 4354 638 4400 Max.
653 4355 690 4412 11,
711 4368 748 4400 ro.
767 4378 801 4389 -
817 4352 869 4400 Cic.
884 4349 915 4397 ad
929 4348 1005 4397 Attic.
1019 4352 1043 4405 l,
1066 4350 1108 4406 sti,
1123 4359 1148 4397 et
1162 4364 1209 4412 pro

142 4434 230 4492 Balbo,
244 4453 297 4502 cap.
310 4438 332 4485 5.
349 4465 384 4474 —
398 4435 413 4501 S
426 4436 722 4499 xvt.1›igh.anmt.-
737 4437 790 4488 Cic.
801 4437 827 4484 in
841 4436 929 4493 Bruto,
944 4450 997 4498 esp.
1010 4436 1055 4492 so,
1067 4443 1091 4482 st
1101 4432 1133 4481 ds
1142 4435 1211 4479 (irat.

144 4517 231 4579 ll³59·
