<?xml version="1.0" encoding="UTF-8"?>
<!DOCTYPE html PUBLIC "-//W3C//DTD XHTML 1.0 Transitional//EN"
    "http://www.w3.org/TR/xhtml1/DTD/xhtml1-transitional.dtd">
<html xmlns="http://www.w3.org/1999/xhtml" xml:lang="en" lang="en">
 <head>
  <title>
</title>
<meta http-equiv="Content-Type" content="text/html;charset=utf-8" />
  <meta name='ocr-system' content='tesseract 3.04.00' />
  <meta name='ocr-capabilities' content='ocr_page ocr_carea ocr_par ocr_line ocrx_word'/>
</head>
<body>
  <div class='ocr_page' id='page_1' title='image "./titusliviuspata00freigoog_0465.png"; bbox 0 0 2594 4980; ppageno 0'>
   <div class='ocr_carea' id='block_1_1' title="bbox 127 582 1125 748">
    <p class='ocr_par' dir='ltr' id='par_1_1' title="bbox 127 582 1125 748">
     <span class='ocr_line' id='line_1_1' title="bbox 127 582 1125 748; baseline 0 -27"><span class='ocrx_word' id='word_1_1' title='bbox 127 650 198 748; x_wconf 75' lang='lat'><strong>478</strong></span> <span class='ocrx_word' id='word_1_2' title='bbox 302 652 369 719; x_wconf 78' lang='lat'><strong>10.</strong></span> <span class='ocrx_word' id='word_1_3' title='bbox 397 596 740 724; x_wconf 69' lang='lat' dir='ltr'><strong>rnsru&#39;snmm</strong></span> <span class='ocrx_word' id='word_1_4' title='bbox 767 582 1019 723; x_wconf 72' lang='lat' dir='ltr'><strong>suprema</strong></span> <span class='ocrx_word' id='word_1_5' title='bbox 1121 606 1125 613; x_wconf 73' lang='grc'><strong>’</strong></span> 
     </span>
    </p>
   </div>
   <div class='ocr_carea' id='block_1_2' title="bbox 35 768 1265 4115">
    <p class='ocr_par' dir='ltr' id='par_1_2' title="bbox 35 768 1265 4115">
     <span class='ocr_line' id='line_1_2' title="bbox 127 768 1213 861; baseline 0.003 -26"><span class='ocrx_word' id='word_1_6' title='bbox 127 784 300 860; x_wconf 81' lang='lat' dir='ltr'><strong>geruntur,</strong></span> <span class='ocrx_word' id='word_1_7' title='bbox 317 769 518 857; x_wconf 81' lang='lat' dir='ltr'><strong>gravioribus</strong></span> <span class='ocrx_word' id='word_1_8' title='bbox 532 768 741 835; x_wconf 81' lang='lat' dir='ltr'>Cimbrorum</span> <span class='ocrx_word' id='word_1_9' title='bbox 755 769 856 837; x_wconf 82' lang='lat' dir='ltr'><strong>armis</strong></span> <span class='ocrx_word' id='word_1_10' title='bbox 871 770 1065 861; x_wconf 77' lang='lat' dir='ltr'><strong>septemtrio</strong></span> <span class='ocrx_word' id='word_1_11' title='bbox 1079 770 1213 839; x_wconf 56' lang='lat' dir='ltr'><strong>iubos*</strong></span> 
     </span>
     <span class='ocr_line' id='line_1_3' title="bbox 126 866 1213 965; baseline 0.004 -29"><span class='ocrx_word' id='word_1_12' title='bbox 126 873 210 955; x_wconf 89' lang='lat' dir='ltr'><strong>ruit,</strong></span> <span class='ocrx_word' id='word_1_13' title='bbox 229 869 481 958; x_wconf 81' lang='lat' dir='ltr'><strong>haudquaquam</strong></span> <span class='ocrx_word' id='word_1_14' title='bbox 500 871 569 958; x_wconf 86' lang='lat' dir='ltr'><strong>pari</strong></span> <span class='ocrx_word' id='word_1_15' title='bbox 591 870 735 952; x_wconf 81' lang='lat' dir='ltr'><strong>consulis</strong></span> <span class='ocrx_word' id='word_1_16' title='bbox 750 866 883 938; x_wconf 82' lang='lat' dir='ltr'><strong>alterius</strong></span> <span class='ocrx_word' id='word_1_17' title='bbox 902 872 1046 939; x_wconf 76' lang='lat' dir='ltr'><strong>forulus.</strong></span> <span class='ocrx_word' id='word_1_18' title='bbox 1062 872 1213 965; x_wconf 76' lang='lat' dir='ltr'><strong>Quippe</strong></span> 
     </span>
     <span class='ocr_line' id='line_1_4' title="bbox 126 972 1211 1060; baseline 0.004 -20"><span class='ocrx_word' id='word_1_19' title='bbox 126 974 173 1040; x_wconf 79' lang='lat' dir='ltr'><strong>M.</strong></span> <span class='ocrx_word' id='word_1_20' title='bbox 181 973 299 1038; x_wconf 85' lang='lat' dir='ltr'><strong>lunius</strong></span> <span class='ocrx_word' id='word_1_21' title='bbox 309 973 455 1053; x_wconf 83' lang='lat' dir='ltr'><strong>Silanus,</strong></span> <span class='ocrx_word' id='word_1_22' title='bbox 472 994 575 1060; x_wconf 91' lang='lat' dir='ltr'><strong>quum</strong></span> <span class='ocrx_word' id='word_1_23' title='bbox 589 973 631 1037; x_wconf 84' lang='lat' dir='ltr'><strong>ad</strong></span> <span class='ocrx_word' id='word_1_24' title='bbox 642 994 721 1037; x_wconf 75' lang='lat' dir='ltr'><strong>eun</strong></span> <span class='ocrx_word' id='word_1_25' title='bbox 731 972 767 1039; x_wconf 87' lang='lat' dir='ltr'><strong>in</strong></span> <span class='ocrx_word' id='word_1_26' title='bbox 778 972 889 1039; x_wconf 83' lang='lat' dir='ltr'><strong>Galliis</strong></span> <span class='ocrx_word' id='word_1_27' title='bbox 901 988 1006 1040; x_wconf 73' lang='lat' dir='ltr'><strong>mm</strong></span> <span class='ocrx_word' id='word_1_28' title='bbox 1016 972 1211 1045; x_wconf 62' lang='lat' dir='ltr'><strong>babemus</strong></span> 
     </span>
     <span class='ocr_line' id='line_1_5' title="bbox 126 1062 1211 1165; baseline 0.006 -26"><span class='ocrx_word' id='word_1_29' title='bbox 126 1074 222 1163; x_wconf 77' lang='lat' dir='ltr'><strong>legati</strong></span> <span class='ocrx_word' id='word_1_30' title='bbox 228 1073 433 1138; x_wconf 86' lang='lat' dir='ltr'><strong>Cimbrorum</strong></span> <span class='ocrx_word' id='word_1_31' title='bbox 445 1074 626 1155; x_wconf 87' lang='lat' dir='ltr'><strong>venissent,</strong></span> <span class='ocrx_word' id='word_1_32' title='bbox 639 1074 747 1165; x_wconf 70' lang='lat' dir='ltr'><strong>siagri</strong></span> <span class='ocrx_word' id='word_1_33' title='bbox 755 1062 1103 1159; x_wconf 53' lang='lat' dir='ltr'><strong>durentiam-mannia</strong></span> <span class='ocrx_word' id='word_1_34' title='bbox 1111 1076 1211 1145; x_wconf 71' lang='grc' dir='ltr'><strong>πῖιι</strong></span> 
     </span>
     <span class='ocr_line' id='line_1_6' title="bbox 126 1174 1210 1271; baseline 0.005 -32"><span class='ocrx_word' id='word_1_35' title='bbox 126 1198 183 1239; x_wconf 85' lang='lat' dir='ltr'><strong>sua</strong></span> <span class='ocrx_word' id='word_1_36' title='bbox 196 1175 341 1257; x_wconf 87' lang='lat' dir='ltr'><strong>romanis</strong></span> <span class='ocrx_word' id='word_1_37' title='bbox 350 1175 500 1263; x_wconf 85' lang='lat' dir='ltr'><strong>auspiciis</strong></span> <span class='ocrx_word' id='word_1_38' title='bbox 511 1174 706 1260; x_wconf 52' lang='lat' dir='ltr'><strong>offerentem</strong></span> <span class='ocrx_word' id='word_1_39' title='bbox 716 1196 826 1265; x_wconf 70' lang='lat' dir='ltr'><strong>neque</strong></span> <span class='ocrx_word' id='word_1_40' title='bbox 838 1198 934 1267; x_wconf 71' lang='lat' dir='ltr'><strong>agros</strong></span> <span class='ocrx_word' id='word_1_41' title='bbox 945 1176 1023 1243; x_wconf 70' lang='lat' dir='ltr'><strong>dare</strong></span> <span class='ocrx_word' id='word_1_42' title='bbox 1033 1180 1210 1271; x_wconf 77' lang='lat' dir='ltr'><strong>populun</strong></span> 
     </span>
     <span class='ocr_line' id='line_1_7' title="bbox 126 1276 1143 1369; baseline 0.008 -30"><span class='ocrx_word' id='word_1_43' title='bbox 126 1299 316 1357; x_wconf 89' lang='lat' dir='ltr'><strong>romanum,</strong></span> <span class='ocrx_word' id='word_1_44' title='bbox 336 1298 444 1363; x_wconf 90' lang='lat' dir='ltr'><strong>neque</strong></span> <span class='ocrx_word' id='word_1_45' title='bbox 457 1276 520 1339; x_wconf 89' lang='lat' dir='ltr'><strong>illis</strong></span> <span class='ocrx_word' id='word_1_46' title='bbox 533 1276 661 1349; x_wconf 74' lang='lat' dir='ltr'><strong>auxiliis</strong></span> <span class='ocrx_word' id='word_1_47' title='bbox 675 1276 823 1369; x_wconf 76' lang='lat' dir='ltr'><strong>indigere</strong></span> <span class='ocrx_word' id='word_1_48' title='bbox 836 1278 1066 1369; x_wconf 72' lang='lat' dir='ltr'><strong>respondent·</strong></span> <span class='ocrx_word' id='word_1_49' title='bbox 1135 1312 1143 1325; x_wconf 93' lang='lat'><strong>·</strong></span> 
     </span>
     <span class='ocr_line' id='line_1_8' title="bbox 171 1379 1211 1475; baseline 0.005 -32"><span class='ocrx_word' id='word_1_50' title='bbox 171 1380 276 1443; x_wconf 88' lang='lat' dir='ltr'>XVII.</span> <span class='ocrx_word' id='word_1_51' title='bbox 295 1379 344 1443; x_wconf 92' lang='lat' dir='ltr'><strong>Illi</strong></span> <span class='ocrx_word' id='word_1_52' title='bbox 361 1379 393 1441; x_wconf 85' lang='lat' dir='ltr'><strong>vi</strong></span> <span class='ocrx_word' id='word_1_53' title='bbox 415 1394 594 1462; x_wconf 88' lang='lat' dir='ltr'><strong>tentantes,</strong></span> <span class='ocrx_word' id='word_1_54' title='bbox 611 1379 704 1469; x_wconf 87' lang='lat' dir='ltr'><strong>quod</strong></span> <span class='ocrx_word' id='word_1_55' title='bbox 718 1380 893 1470; x_wconf 79' lang='lat' dir='ltr'><strong>impetrare</strong></span> <span class='ocrx_word' id='word_1_56' title='bbox 904 1381 1059 1470; x_wconf 82' lang='lat' dir='ltr'><strong>precibus</strong></span> <span class='ocrx_word' id='word_1_57' title='bbox 1077 1386 1211 1475; x_wconf 83' lang='lat' dir='ltr'><strong>nequi·</strong></span> 
     </span>
     <span class='ocr_line' id='line_1_9' title="bbox 125 1466 1210 1573; baseline 0.009 -30"><span class='ocrx_word' id='word_1_58' title='bbox 125 1496 253 1560; x_wconf 81' lang='lat' dir='ltr'><strong>verant,</strong></span> <span class='ocrx_word' id='word_1_59' title='bbox 271 1478 490 1567; x_wconf 82' lang='lat' dir='ltr'><strong>egredientem</strong></span> <span class='ocrx_word' id='word_1_60' title='bbox 510 1486 624 1546; x_wconf 84' lang='lat' dir='ltr'><strong>contra</strong></span> <span class='ocrx_word' id='word_1_61' title='bbox 641 1481 829 1564; x_wconf 80' lang='lat' dir='ltr'><strong>consulem,</strong></span> <span class='ocrx_word' id='word_1_62' title='bbox 845 1466 945 1573; x_wconf 78' lang='lat' dir='ltr'><strong>siguis</strong></span> <span class='ocrx_word' id='word_1_63' title='bbox 967 1484 1096 1551; x_wconf 81' lang='lat' dir='ltr'><strong>collatis</strong></span> <span class='ocrx_word' id='word_1_64' title='bbox 1120 1486 1210 1553; x_wconf 76' lang='lat' dir='ltr'><strong>luu-</strong></span> 
     </span>
     <span class='ocr_line' id='line_1_10' title="bbox 127 1580 1265 1672; baseline 0.001 -27"><span class='ocrx_word' id='word_1_65' title='bbox 127 1582 213 1646; x_wconf 91' lang='lat' dir='ltr'><strong>dunt</strong></span> <span class='ocrx_word' id='word_1_66' title='bbox 228 1582 428 1670; x_wconf 76' lang='lat' dir='ltr'><strong>fugantque:</strong></span> <span class='ocrx_word' id='word_1_67' title='bbox 448 1580 584 1664; x_wconf 89' lang='lat' dir='ltr'><strong>deinde,</strong></span> <span class='ocrx_word' id='word_1_68' title='bbox 603 1584 708 1672; x_wconf 86' lang='lat' dir='ltr'><strong>qulun</strong></span> <span class='ocrx_word' id='word_1_69' title='bbox 725 1582 768 1647; x_wconf 78' lang='lat' dir='ltr'><strong>ab</strong></span> <span class='ocrx_word' id='word_1_70' title='bbox 785 1582 851 1649; x_wconf 90' lang='lat' dir='ltr'><strong>hoc</strong></span> <span class='ocrx_word' id='word_1_71' title='bbox 870 1602 1030 1657; x_wconf 84' lang='lat' dir='ltr'><strong>successu·</strong></span> <span class='ocrx_word' id='word_1_72' title='bbox 1038 1584 1210 1669; x_wconf 63' lang='lat' dir='ltr'><strong>majorum</strong></span> <span class='ocrx_word' id='word_1_73' title='bbox 1262 1632 1265 1637; x_wconf 86' lang='lat'>.</span> 
     </span>
     <span class='ocr_line' id='line_1_11' title="bbox 35 1682 1210 1778; baseline 0.006 -32"><span class='ocrx_word' id='word_1_74' title='bbox 35 1694 40 1709; x_wconf 92' lang='grc'>·</span> <span class='ocrx_word' id='word_1_75' title='bbox 127 1684 246 1772; x_wconf 90' lang='lat' dir='ltr'><strong>cupitis</strong></span> <span class='ocrx_word' id='word_1_76' title='bbox 261 1682 415 1770; x_wconf 87' lang='lat' dir='ltr'><strong>potiundi</strong></span> <span class='ocrx_word' id='word_1_77' title='bbox 436 1705 526 1771; x_wconf 86' lang='lat' dir='ltr'><strong>spem</strong></span> <span class='ocrx_word' id='word_1_78' title='bbox 543 1684 787 1775; x_wconf 72' lang='lat' dir='ltr'><strong>concepissem,</strong></span> <span class='ocrx_word' id='word_1_79' title='bbox 802 1684 853 1751; x_wconf 82' lang='lat' dir='ltr'><strong>sd·</strong></span> <span class='ocrx_word' id='word_1_80' title='bbox 866 1702 1017 1759; x_wconf 81' lang='lat' dir='ltr'><strong>ssuatum</strong></span> <span class='ocrx_word' id='word_1_81' title='bbox 1034 1688 1210 1778; x_wconf 69' lang='lat' dir='ltr'><strong>quosdam</strong></span> 
     </span>
     <span class='ocr_line' id='line_1_12' title="bbox 126 1784 1212 1875; baseline 0.003 -25"><span class='ocrx_word' id='word_1_82' title='bbox 126 1784 376 1874; x_wconf 78' lang='lat' dir='ltr'><strong>exprincipibus</strong></span> <span class='ocrx_word' id='word_1_83' title='bbox 389 1785 514 1874; x_wconf 83' lang='lat' dir='ltr'><strong>legant,</strong></span> <span class='ocrx_word' id='word_1_84' title='bbox 527 1787 601 1873; x_wconf 91' lang='lat' dir='ltr'><strong>qui,</strong></span> <span class='ocrx_word' id='word_1_85' title='bbox 610 1788 739 1875; x_wconf 62' lang='lat' dir='ltr'><strong>pacans</strong></span> <span class='ocrx_word' id='word_1_86' title='bbox 749 1788 866 1852; x_wconf 68' lang='lat' dir='ltr'><strong>anuuit</strong></span> <span class='ocrx_word' id='word_1_87' title='bbox 876 1788 1212 1859; x_wconf 67' lang='lat' dir='ltr'><strong>vembrstssomule</strong></span> 
     </span>
     <span class='ocr_line' id='line_1_13' title="bbox 125 1885 1210 1981; baseline 0.009 -31"><span class='ocrx_word' id='word_1_88' title='bbox 125 1901 249 1950; x_wconf 85' lang='lat' dir='ltr'><strong>coactos</strong></span> <span class='ocrx_word' id='word_1_89' title='bbox 260 1885 462 1974; x_wconf 81' lang='lat' dir='ltr'><strong>adproelium</strong></span> <span class='ocrx_word' id='word_1_90' title='bbox 469 1934 480 1967; x_wconf 93' lang='lat'><strong>,</strong></span> <span class='ocrx_word' id='word_1_91' title='bbox 493 1886 640 1953; x_wconf 83' lang='lat' dir='ltr'><strong>dicerent</strong></span> <span class='ocrx_word' id='word_1_92' title='bbox 652 1902 840 1981; x_wconf 81' lang='lat' dir='ltr'><strong>:postquam</strong></span> <span class='ocrx_word' id='word_1_93' title='bbox 854 1893 1005 1972; x_wconf 74' lang='lat' dir='ltr'><strong>sembra,</strong></span> <span class='ocrx_word' id='word_1_94' title='bbox 1014 1912 1119 1980; x_wconf 71' lang='lat' dir='ltr'><strong>quam</strong></span> <span class='ocrx_word' id='word_1_95' title='bbox 1128 1894 1210 1961; x_wconf 75' lang='lat' dir='ltr'><strong>vel·</strong></span> 
     </span>
     <span class='ocr_line' id='line_1_14' title="bbox 127 1989 1211 2079; baseline 0.003 -27"><span class='ocrx_word' id='word_1_96' title='bbox 127 1989 194 2053; x_wconf 82' lang='lat' dir='ltr'><strong>lent</strong></span> <span class='ocrx_word' id='word_1_97' title='bbox 210 1989 356 2053; x_wconf 82' lang='lat' dir='ltr'><strong>adversus</strong></span> <span class='ocrx_word' id='word_1_98' title='bbox 368 1990 544 2071; x_wconf 83' lang='lat' dir='ltr'><strong>Romanos,</strong></span> <span class='ocrx_word' id='word_1_99' title='bbox 564 1992 781 2079; x_wconf 65' lang='lat' dir='ltr'><strong>arpentum</strong></span> <span class='ocrx_word' id='word_1_100' title='bbox 795 1993 923 2059; x_wconf 68' lang='lat' dir='ltr'><strong>virtutib</strong></span> <span class='ocrx_word' id='word_1_101' title='bbox 938 1991 1119 2075; x_wconf 64' lang='lat' dir='ltr'><strong>murm,</strong></span> <span class='ocrx_word' id='word_1_102' title='bbox 1137 2016 1211 2060; x_wconf 74' lang='lat' dir='ltr'><strong>m</strong></span> 
     </span>
     <span class='ocr_line' id='line_1_15' title="bbox 126 2089 1207 2185; baseline 0.006 -32"><span class='ocrx_word' id='word_1_103' title='bbox 126 2096 255 2179; x_wconf 57' lang='lat' dir='ltr'><strong>rgrtovos</strong></span> <span class='ocrx_word' id='word_1_104' title='bbox 274 2105 335 2154; x_wconf 75' lang='lat' dir='ltr'><strong>aut</strong></span> <span class='ocrx_word' id='word_1_105' title='bbox 352 2089 478 2155; x_wconf 77' lang='lat' dir='ltr'><strong>inutiles</strong></span> <span class='ocrx_word' id='word_1_106' title='bbox 487 2089 625 2177; x_wconf 73' lang='lat' dir='ltr'><strong>futurus</strong></span> <span class='ocrx_word' id='word_1_107' title='bbox 641 2094 740 2157; x_wconf 71' lang='lat' dir='ltr'><strong>scotos</strong></span> <span class='ocrx_word' id='word_1_108' title='bbox 756 2116 769 2157; x_wconf 91' lang='lat'><strong>.·</strong></span> <span class='ocrx_word' id='word_1_109' title='bbox 784 2092 870 2157; x_wconf 66' lang='lat' dir='ltr'><strong>solbs</strong></span> <span class='ocrx_word' id='word_1_110' title='bbox 888 2108 1015 2159; x_wconf 77' lang='lat' dir='ltr'><strong>matum</strong></span> <span class='ocrx_word' id='word_1_111' title='bbox 1030 2106 1066 2159; x_wconf 81' lang='lat' dir='ltr'><strong>st</strong></span> <span class='ocrx_word' id='word_1_112' title='bbox 1083 2114 1207 2185; x_wconf 69' lang='lat' dir='ltr'><strong>agne,</strong></span> 
     </span>
     <span class='ocr_line' id='line_1_16' title="bbox 128 2190 1208 2285; baseline 0.003 -27"><span class='ocrx_word' id='word_1_113' title='bbox 128 2193 212 2258; x_wconf 79' lang='lat' dir='ltr'><strong>unde</strong></span> <span class='ocrx_word' id='word_1_114' title='bbox 224 2216 256 2257; x_wconf 83' lang='lat' dir='ltr'><strong>se</strong></span> <span class='ocrx_word' id='word_1_115' title='bbox 271 2214 402 2280; x_wconf 82' lang='lat' dir='ltr'><strong>suosque</strong></span> <span class='ocrx_word' id='word_1_116' title='bbox 421 2190 544 2256; x_wconf 79' lang='lat' dir='ltr'><strong>alerent</strong></span> <span class='ocrx_word' id='word_1_117' title='bbox 551 2239 561 2272; x_wconf 93' lang='lat'><strong>,</strong></span> <span class='ocrx_word' id='word_1_118' title='bbox 581 2192 675 2259; x_wconf 69' lang='lat' dir='ltr'><strong>velut</strong></span> <span class='ocrx_word' id='word_1_119' title='bbox 688 2193 876 2285; x_wconf 63' lang='lat' dir='ltr'><strong>rependium</strong></span> <span class='ocrx_word' id='word_1_120' title='bbox 889 2216 1025 2284; x_wconf 70' lang='lat' dir='ltr'><strong>poscere.</strong></span> <span class='ocrx_word' id='word_1_121' title='bbox 1040 2192 1208 2281; x_wconf 79' lang='lat' dir='ltr'><strong>Semtus,</strong></span> 
     </span>
     <span class='ocr_line' id='line_1_17' title="bbox 127 2291 1207 2384; baseline 0.003 -26"><span class='ocrx_word' id='word_1_122' title='bbox 127 2296 194 2358; x_wconf 85' lang='lat' dir='ltr'><strong>sive</strong></span> <span class='ocrx_word' id='word_1_123' title='bbox 212 2295 343 2358; x_wconf 85' lang='lat' dir='ltr'><strong>avaritia</strong></span> <span class='ocrx_word' id='word_1_124' title='bbox 359 2293 564 2382; x_wconf 87' lang='lat' dir='ltr'><strong>p&#39;rincipum,</strong></span> <span class='ocrx_word' id='word_1_125' title='bbox 579 2292 648 2357; x_wconf 79' lang='lat' dir='ltr'><strong>aive</strong></span> <span class='ocrx_word' id='word_1_126' title='bbox 666 2294 779 2383; x_wconf 72' lang='lat' dir='ltr'><strong>prelio</strong></span> <span class='ocrx_word' id='word_1_127' title='bbox 794 2295 887 2376; x_wconf 83' lang='lat' dir='ltr'><strong>victi,</strong></span> <span class='ocrx_word' id='word_1_128' title='bbox 905 2293 997 2384; x_wconf 91' lang='lat' dir='ltr'><strong>quod</strong></span> <span class='ocrx_word' id='word_1_129' title='bbox 1009 2291 1207 2379; x_wconf 67' lang='lat' dir='ltr'><strong>declinat,</strong></span> 
     </span>
     <span class='ocr_line' id='line_1_18' title="bbox 128 2394 1207 2487; baseline 0.004 -28"><span class='ocrx_word' id='word_1_130' title='bbox 128 2397 238 2484; x_wconf 90' lang='lat' dir='ltr'><strong>potius</strong></span> <span class='ocrx_word' id='word_1_131' title='bbox 261 2395 476 2475; x_wconf 81' lang='lat' dir='ltr'><strong>necessitatis,</strong></span> <span class='ocrx_word' id='word_1_132' title='bbox 497 2418 596 2482; x_wconf 89' lang='lat' dir='ltr'><strong>quam</strong></span> <span class='ocrx_word' id='word_1_133' title='bbox 615 2394 784 2479; x_wconf 82' lang='lat' dir='ltr'><strong>beneficii,</strong></span> <span class='ocrx_word' id='word_1_134' title='bbox 806 2398 970 2486; x_wconf 81' lang='lat' dir='ltr'><strong>specimen</strong></span> <span class='ocrx_word' id='word_1_135' title='bbox 988 2394 1207 2487; x_wconf 66' lang='lat' dir='ltr'><strong>prelatorum</strong></span> 
     </span>
     <span class='ocr_line' id='line_1_19' title="bbox 127 2496 865 2586; baseline 0.003 -24"><span class='ocrx_word' id='word_1_136' title='bbox 127 2499 290 2579; x_wconf 86' lang='lat' dir='ltr'><strong>arbitrati,</strong></span> <span class='ocrx_word' id='word_1_137' title='bbox 306 2496 501 2586; x_wconf 85' lang='lat' dir='ltr'><strong>legationem</strong></span> <span class='ocrx_word' id='word_1_138' title='bbox 520 2497 645 2562; x_wconf 89' lang='lat' dir='ltr'><strong>irritam</strong></span> <span class='ocrx_word' id='word_1_139' title='bbox 659 2496 865 2564; x_wconf 85' lang='lat' dir='ltr'><strong>dimiserunt.</strong></span> 
     </span>
     <span class='ocr_line' id='line_1_20' title="bbox 132 2598 1211 2690; baseline 0.003 -26"><span class='ocrx_word' id='word_1_140' title='bbox 132 2604 140 2611; x_wconf 84' lang='grc'><em>’</em></span> <span class='ocrx_word' id='word_1_141' title='bbox 171 2601 293 2664; x_wconf 85' lang='lat' dir='ltr'><strong>xvlss.</strong></span> <span class='ocrx_word' id='word_1_142' title='bbox 315 2598 517 2662; x_wconf 88' lang='lat' dir='ltr'><strong>Cimbricum</strong></span> <span class='ocrx_word' id='word_1_143' title='bbox 539 2598 663 2664; x_wconf 88' lang='lat' dir='ltr'><strong>bellum</strong></span> <span class='ocrx_word' id='word_1_144' title='bbox 686 2598 847 2664; x_wconf 78' lang='lat' dir='ltr'><strong>infelicius</strong></span> <span class='ocrx_word' id='word_1_145' title='bbox 865 2615 995 2690; x_wconf 83' lang='lat' dir='ltr'><strong>gestum</strong></span> <span class='ocrx_word' id='word_1_146' title='bbox 1016 2599 1117 2665; x_wconf 72' lang='lat' dir='ltr'><strong>bonu</strong></span> <span class='ocrx_word' id='word_1_147' title='bbox 1137 2600 1211 2667; x_wconf 75' lang='lat' dir='ltr'><strong>sub</strong></span> 
     </span>
     <span class='ocr_line' id='line_1_21' title="bbox 127 2697 1207 2788; baseline 0.005 -24"><span class='ocrx_word' id='word_1_148' title='bbox 127 2700 215 2766; x_wconf 88' lang='lat' dir='ltr'><strong>idem</strong></span> <span class='ocrx_word' id='word_1_149' title='bbox 224 2717 352 2788; x_wconf 89' lang='lat' dir='ltr'><strong>tempus</strong></span> <span class='ocrx_word' id='word_1_150' title='bbox 365 2699 410 2764; x_wconf 89' lang='lat' dir='ltr'><strong>M.</strong></span> <span class='ocrx_word' id='word_1_151' title='bbox 422 2701 559 2765; x_wconf 89' lang='lat' dir='ltr'><strong>Minucii</strong></span> <span class='ocrx_word' id='word_1_152' title='bbox 573 2722 625 2767; x_wconf 85' lang='lat' dir='ltr'><strong>res</strong></span> <span class='ocrx_word' id='word_1_153' title='bbox 638 2700 903 2767; x_wconf 72' lang='lat' dir='ltr'><strong>consolabuntur.</strong></span> <span class='ocrx_word' id='word_1_154' title='bbox 914 2703 952 2766; x_wconf 87' lang='lat' dir='ltr'><strong>ln</strong></span> <span class='ocrx_word' id='word_1_155' title='bbox 961 2697 1102 2766; x_wconf 75' lang='lat' dir='ltr'><strong>Tbmci&#39;a</strong></span> <span class='ocrx_word' id='word_1_156' title='bbox 1110 2702 1207 2769; x_wconf 76' lang='lat' dir='ltr'><strong>cu&#39;m</strong></span> 
     </span>
     <span class='ocr_line' id='line_1_22' title="bbox 126 2800 1208 2897; baseline -0.001 -31"><span class='ocrx_word' id='word_1_157' title='bbox 126 2802 169 2866; x_wconf 84' lang='lat' dir='ltr'><strong>ad</strong></span> <span class='ocrx_word' id='word_1_158' title='bbox 185 2802 332 2866; x_wconf 82' lang='lat' dir='ltr'><strong>Hebrum</strong></span> <span class='ocrx_word' id='word_1_159' title='bbox 352 2800 473 2865; x_wconf 85' lang='lat' dir='ltr'><strong>flumen</strong></span> <span class='ocrx_word' id='word_1_160' title='bbox 499 2802 745 2869; x_wconf 81' lang='lat' dir='ltr'><strong>Scordiscorum</strong></span> <span class='ocrx_word' id='word_1_161' title='bbox 764 2818 799 2868; x_wconf 88' lang='lat' dir='ltr'><strong>et</strong></span> <span class='ocrx_word' id='word_1_162' title='bbox 812 2802 1031 2868; x_wconf 80' lang='lat' dir='ltr'><strong>Triballorum</strong></span> <span class='ocrx_word' id='word_1_163' title='bbox 1049 2800 1208 2897; x_wconf 66' lang='lat' dir='ltr'><strong>ingentes</strong></span> 
     </span>
     <span class='ocr_line' id='line_1_23' title="bbox 127 2896 1208 2995; baseline 0 -26"><span class='ocrx_word' id='word_1_164' title='bbox 127 2906 237 2995; x_wconf 88' lang='lat' dir='ltr'><strong>copias</strong></span> <span class='ocrx_word' id='word_1_165' title='bbox 257 2905 404 2986; x_wconf 78' lang='lat' dir='ltr'><strong>fuderat,</strong></span> <span class='ocrx_word' id='word_1_166' title='bbox 429 2928 531 2992; x_wconf 91' lang='lat' dir='ltr'><strong>quum</strong></span> <span class='ocrx_word' id='word_1_167' title='bbox 555 2905 725 2970; x_wconf 82' lang='lat' dir='ltr'><strong>victoriam</strong></span> <span class='ocrx_word' id='word_1_168' title='bbox 746 2910 828 2970; x_wconf 85' lang='lat' dir='ltr'><strong>arte&#39;</strong></span> <span class='ocrx_word' id='word_1_169' title='bbox 840 2904 1017 2985; x_wconf 77' lang='lat' dir='ltr'><strong>adjuvisset</strong></span> <span class='ocrx_word' id='word_1_170' title='bbox 1032 2924 1041 2968; x_wconf 78' lang='lat' dir='ltr'><strong>t</strong></span> <span class='ocrx_word' id='word_1_171' title='bbox 1058 2896 1208 2993; x_wconf 69' lang='lat' dir='ltr'><strong>numero</strong></span> 
     </span>
     <span class='ocr_line' id='line_1_24' title="bbox 127 3004 1208 3095; baseline -0.001 -21"><span class='ocrx_word' id='word_1_172' title='bbox 127 3010 216 3074; x_wconf 89' lang='lat' dir='ltr'><strong>enim</strong></span> <span class='ocrx_word' id='word_1_173' title='bbox 233 3031 369 3073; x_wconf 89' lang='lat' dir='ltr'><strong>suorum</strong></span> <span class='ocrx_word' id='word_1_174' title='bbox 387 3008 513 3072; x_wconf 83' lang='lat' dir='ltr'><strong>diffisus</strong></span> <span class='ocrx_word' id='word_1_175' title='bbox 532 3009 626 3095; x_wconf 85' lang='lat' dir='ltr'><strong>(nam</strong></span> <span class='ocrx_word' id='word_1_176' title='bbox 642 3023 676 3072; x_wconf 84' lang='lat' dir='ltr'><strong>et</strong></span> <span class='ocrx_word' id='word_1_177' title='bbox 692 3007 773 3073; x_wconf 87' lang='lat' dir='ltr'><strong>Daci</strong></span> <span class='ocrx_word' id='word_1_178' title='bbox 792 3007 943 3072; x_wconf 81' lang='lat' dir='ltr'><strong>hostibus</strong></span> <span class='ocrx_word' id='word_1_179' title='bbox 962 3004 1084 3071; x_wconf 74' lang='lat' dir='ltr'><strong>auxilio</strong></span> <span class='ocrx_word' id='word_1_180' title='bbox 1098 3026 1208 3073; x_wconf 77' lang='lat' dir='ltr'><strong>mc-</strong></span> 
     </span>
     <span class='ocr_line' id='line_1_25' title="bbox 127 3106 1209 3200; baseline -0.006 -23"><span class='ocrx_word' id='word_1_181' title='bbox 127 3111 238 3200; x_wconf 78' lang='lat' dir='ltr'><strong>rant),</strong></span> <span class='ocrx_word' id='word_1_182' title='bbox 251 3110 312 3175; x_wconf 90' lang='lat' dir='ltr'><strong>sub</strong></span> <span class='ocrx_word' id='word_1_183' title='bbox 331 3108 462 3197; x_wconf 86' lang='lat' dir='ltr'><strong>tempus</strong></span> <span class='ocrx_word' id='word_1_184' title='bbox 473 3108 571 3195; x_wconf 85' lang='lat' dir='ltr'><strong>praelii</strong></span> <span class='ocrx_word' id='word_1_185' title='bbox 586 3107 720 3172; x_wconf 80' lang='lat' dir='ltr'><strong>fratrem</strong></span> <span class='ocrx_word' id='word_1_186' title='bbox 733 3123 810 3172; x_wconf 89' lang='lat' dir='ltr'><strong>cum</strong></span> <span class='ocrx_word' id='word_1_187' title='bbox 822 3106 1038 3172; x_wconf 69' lang='lat' dir='ltr'><strong>aeneatoribus</strong></span> <span class='ocrx_word' id='word_1_188' title='bbox 1053 3120 1088 3171; x_wconf 85' lang='lat' dir='ltr'><strong>et</strong></span> <span class='ocrx_word' id='word_1_189' title='bbox 1102 3126 1209 3196; x_wconf 78' lang='lat' dir='ltr'><strong>pam</strong></span> 
     </span>
     <span class='ocr_line' id='line_1_26' title="bbox 129 3207 1209 3302; baseline -0.005 -24"><span class='ocrx_word' id='word_1_190' title='bbox 129 3210 279 3302; x_wconf 82' lang='lat' dir='ltr'><strong>equitum</strong></span> <span class='ocrx_word' id='word_1_191' title='bbox 302 3232 402 3273; x_wconf 85' lang='lat' dir='ltr'><strong>manu</strong></span> <span class='ocrx_word' id='word_1_192' title='bbox 420 3231 478 3294; x_wconf 88' lang='lat' dir='ltr'><strong>per</strong></span> <span class='ocrx_word' id='word_1_193' title='bbox 498 3208 645 3272; x_wconf 90' lang='lat' dir='ltr'><strong>occultos</strong></span> <span class='ocrx_word' id='word_1_194' title='bbox 659 3208 805 3273; x_wconf 65' lang='lat' dir='ltr'><strong>tramites</strong></span> <span class='ocrx_word' id='word_1_195' title='bbox 820 3207 1052 3291; x_wconf 82' lang='lat' dir='ltr'><strong>circummisit,</strong></span> <span class='ocrx_word' id='word_1_196' title='bbox 1066 3223 1124 3290; x_wconf 88' lang='lat' dir='ltr'><strong>ut,</strong></span> <span class='ocrx_word' id='word_1_197' title='bbox 1136 3230 1209 3299; x_wconf 84' lang='lat' dir='ltr'><strong>pu·</strong></span> 
     </span>
     <span class='ocr_line' id='line_1_27' title="bbox 129 3307 1209 3404; baseline 0.004 -30"><span class='ocrx_word' id='word_1_198' title='bbox 129 3338 192 3404; x_wconf 84' lang='lat' dir='ltr'><strong>gna</strong></span> <span class='ocrx_word' id='word_1_199' title='bbox 203 3327 321 3399; x_wconf 77' lang='lat' dir='ltr'><strong>coepta,</strong></span> <span class='ocrx_word' id='word_1_200' title='bbox 337 3307 587 3372; x_wconf 82' lang='lat' dir='ltr'><strong>concinentibus</strong></span> <span class='ocrx_word' id='word_1_201' title='bbox 598 3311 835 3394; x_wconf 67' lang='lat' dir='ltr'><strong>cusatoribus,</strong></span> <span class='ocrx_word' id='word_1_202' title='bbox 852 3328 976 3401; x_wconf 79' lang='lat' dir='ltr'><strong>atergo</strong></span> <span class='ocrx_word' id='word_1_203' title='bbox 987 3310 1157 3377; x_wconf 78' lang='lat' dir='ltr'><strong>&#39;lbi-acum</strong></span> <span class='ocrx_word' id='word_1_204' title='bbox 1167 3332 1209 3377; x_wconf 77' lang='lat' dir='ltr'><strong>se</strong></span> 
     </span>
     <span class='ocr_line' id='line_1_28' title="bbox 128 3408 1206 3502; baseline 0 -25"><span class='ocrx_word' id='word_1_205' title='bbox 128 3411 315 3477; x_wconf 84' lang='lat' dir='ltr'><strong>ostenderet</strong></span> <span class='ocrx_word' id='word_1_206' title='bbox 328 3433 335 3473; x_wconf 91' lang='lat'>:</span> <span class='ocrx_word' id='word_1_207' title='bbox 349 3408 382 3470; x_wconf 89' lang='lat' dir='ltr'><strong>id</strong></span> <span class='ocrx_word' id='word_1_208' title='bbox 395 3430 434 3469; x_wconf 82' lang='lat' dir='ltr'><strong>ex</strong></span> <span class='ocrx_word' id='word_1_209' title='bbox 449 3408 631 3494; x_wconf 87' lang='lat' dir='ltr'><strong>composito</strong></span> <span class='ocrx_word' id='word_1_210' title='bbox 642 3411 765 3489; x_wconf 82' lang='lat' dir='ltr'><strong>factum</strong></span> <span class='ocrx_word' id='word_1_211' title='bbox 775 3458 784 3492; x_wconf 90' lang='lat'><strong>,</strong></span> <span class='ocrx_word' id='word_1_212' title='bbox 796 3434 919 3498; x_wconf 88' lang='lat' dir='ltr'><strong>quum,</strong></span> <span class='ocrx_word' id='word_1_213' title='bbox 933 3412 1020 3502; x_wconf 79' lang='lat' dir='ltr'><strong>jugis</strong></span> <span class='ocrx_word' id='word_1_214' title='bbox 1033 3412 1206 3477; x_wconf 81' lang='lat' dir='ltr'><strong>montium</strong></span> 
     </span>
     <span class='ocr_line' id='line_1_29' title="bbox 130 3509 1207 3603; baseline 0.001 -25"><span class='ocrx_word' id='word_1_215' title='bbox 130 3510 377 3593; x_wconf 85' lang='lat' dir='ltr'><strong>resonantibus,</strong></span> <span class='ocrx_word' id='word_1_216' title='bbox 395 3509 491 3572; x_wconf 89' lang='lat' dir='ltr'><strong>simul</strong></span> <span class='ocrx_word' id='word_1_217' title='bbox 503 3526 700 3598; x_wconf 88' lang='lat' dir='ltr'><strong>conspectus</strong></span> <span class='ocrx_word' id='word_1_218' title='bbox 715 3511 821 3601; x_wconf 84' lang='lat' dir='ltr'><strong>pulvis</strong></span> <span class='ocrx_word' id='word_1_219' title='bbox 839 3529 997 3578; x_wconf 83' lang='lat' dir='ltr'><strong>terrorem</strong></span> <span class='ocrx_word' id='word_1_220' title='bbox 1014 3512 1127 3603; x_wconf 72' lang='lat' dir='ltr'><strong>magui</strong></span> <span class='ocrx_word' id='word_1_221' title='bbox 1141 3512 1207 3579; x_wconf 83' lang='lat' dir='ltr'><strong>ad·</strong></span> 
     </span>
     <span class='ocr_line' id='line_1_30' title="bbox 129 3610 1123 3705; baseline 0.002 -26"><span class='ocrx_word' id='word_1_222' title='bbox 129 3615 290 3679; x_wconf 83' lang='lat' dir='ltr'><strong>ventantis</strong></span> <span class='ocrx_word' id='word_1_223' title='bbox 307 3613 470 3678; x_wconf 85' lang='lat' dir='ltr'><strong>exercitus·</strong></span> <span class='ocrx_word' id='word_1_224' title='bbox 481 3610 635 3691; x_wconf 78' lang='lat' dir='ltr'><strong>inferret,</strong></span> <span class='ocrx_word' id='word_1_225' title='bbox 650 3612 760 3679; x_wconf 77' lang='lat' dir='ltr'><strong>bostes</strong></span> <span class='ocrx_word' id='word_1_226' title='bbox 775 3614 810 3679; x_wconf 88' lang='lat' dir='ltr'><strong>iu</strong></span> <span class='ocrx_word' id='word_1_227' title='bbox 824 3614 936 3705; x_wconf 78' lang='lat' dir='ltr'><strong>iugum</strong></span> <span class='ocrx_word' id='word_1_228' title='bbox 950 3612 1123 3704; x_wconf 86' lang='lat' dir='ltr'><strong>compulit.</strong></span> 
     </span>
     <span class='ocr_line' id='line_1_31' title="bbox 174 3715 1208 3806; baseline 0.001 -22"><span class='ocrx_word' id='word_1_229' title='bbox 174 3719 264 3785; x_wconf 82' lang='lat' dir='ltr'><strong>xlx.</strong></span> <span class='ocrx_word' id='word_1_230' title='bbox 282 3717 345 3783; x_wconf 83' lang='lat' dir='ltr'><strong>Sed</strong></span> <span class='ocrx_word' id='word_1_231' title='bbox 360 3734 466 3781; x_wconf 86' lang='lat' dir='ltr'><strong>tamen</strong></span> <span class='ocrx_word' id='word_1_232' title='bbox 480 3715 578 3804; x_wconf 87' lang='lat' dir='ltr'><strong>paulo</strong></span> <span class='ocrx_word' id='word_1_233' title='bbox 588 3731 681 3806; x_wconf 89' lang='lat' dir='ltr'><strong>post,</strong></span> <span class='ocrx_word' id='word_1_234' title='bbox 695 3716 784 3781; x_wconf 83' lang='lat' dir='ltr'><strong>nullu</strong></span> <span class='ocrx_word' id='word_1_235' title='bbox 797 3717 829 3781; x_wconf 85' lang='lat' dir='ltr'><strong>vi</strong></span> <span class='ocrx_word' id='word_1_236' title='bbox 839 3716 1031 3799; x_wconf 88' lang='lat' dir='ltr'><strong>hominum,</strong></span> <span class='ocrx_word' id='word_1_237' title='bbox 1046 3730 1208 3785; x_wconf 72' lang='lat' dir='ltr'><strong>cutem</strong></span> 
     </span>
     <span class='ocr_line' id='line_1_32' title="bbox 130 3816 1208 3908; baseline -0.001 -22"><span class='ocrx_word' id='word_1_238' title='bbox 130 3836 246 3894; x_wconf 85' lang='lat' dir='ltr'><strong>natura</strong></span> <span class='ocrx_word' id='word_1_239' title='bbox 263 3820 332 3884; x_wconf 88' lang='lat' dir='ltr'><strong>coeli</strong></span> <span class='ocrx_word' id='word_1_240' title='bbox 347 3836 379 3882; x_wconf 91' lang='lat' dir='ltr'><strong>et</strong></span> <span class='ocrx_word' id='word_1_241' title='bbox 391 3821 541 3882; x_wconf 84' lang='lat' dir='ltr'><strong>locorum</strong></span> <span class='ocrx_word' id='word_1_242' title='bbox 551 3865 560 3901; x_wconf 90' lang='lat'>‚</span> <span class='ocrx_word' id='word_1_243' title='bbox 572 3816 745 3884; x_wconf 83' lang='lat' dir='ltr'><strong>mediocris</strong></span> <span class='ocrx_word' id='word_1_244' title='bbox 760 3835 892 3908; x_wconf 75' lang='lat' dir='ltr'><strong>occepta</strong></span> <span class='ocrx_word' id='word_1_245' title='bbox 904 3818 1011 3885; x_wconf 82' lang='lat' dir='ltr'><strong>clades</strong></span> <span class='ocrx_word' id='word_1_246' title='bbox 1021 3833 1092 3902; x_wconf 85' lang='lat' dir='ltr'><strong>est,</strong></span> <span class='ocrx_word' id='word_1_247' title='bbox 1106 3816 1208 3905; x_wconf 79' lang='lat' dir='ltr'><strong>dunt,</strong></span> 
     </span>
     <span class='ocr_line' id='line_1_33' title="bbox 128 3920 1209 4010; baseline -0.001 -22"><span class='ocrx_word' id='word_1_248' title='bbox 128 3923 270 3990; x_wconf 81' lang='lat' dir='ltr'><strong>victoriae</strong></span> <span class='ocrx_word' id='word_1_249' title='bbox 294 3921 436 3984; x_wconf 83' lang='lat' dir='ltr'><strong>fructum</strong></span> <span class='ocrx_word' id='word_1_250' title='bbox 461 3920 587 3985; x_wconf 88' lang='lat' dir='ltr'><strong>avidius</strong></span> <span class='ocrx_word' id='word_1_251' title='bbox 612 3936 831 4009; x_wconf 84' lang='lat' dir='ltr'><strong>prosequente</strong></span> <span class='ocrx_word' id='word_1_252' title='bbox 851 3920 1067 4010; x_wconf 86' lang='lat' dir='ltr'><strong>proconsule,</strong></span> <span class='ocrx_word' id='word_1_253' title='bbox 1085 3942 1130 3987; x_wconf 82' lang='lat' dir='ltr'><strong>uc</strong></span> <span class='ocrx_word' id='word_1_254' title='bbox 1149 3920 1209 3987; x_wconf 90' lang='lat' dir='ltr'><strong>bi-</strong></span> 
     </span>
     <span class='ocr_line' id='line_1_34' title="bbox 129 4021 1205 4115; baseline -0.003 -23"><span class='ocrx_word' id='word_1_255' title='bbox 129 4028 230 4092; x_wconf 88' lang='lat' dir='ltr'><strong>berna</strong></span> <span class='ocrx_word' id='word_1_256' title='bbox 244 4021 376 4114; x_wconf 89' lang='lat' dir='ltr'><strong>quidem</strong></span> <span class='ocrx_word' id='word_1_257' title='bbox 391 4022 599 4110; x_wconf 85' lang='lat' dir='ltr'><strong>expeditione</strong></span> <span class='ocrx_word' id='word_1_258' title='bbox 613 4021 805 4091; x_wconf 82' lang='lat' dir='ltr'><strong>abstinetur.</strong></span> <span class='ocrx_word' id='word_1_259' title='bbox 819 4024 905 4090; x_wconf 85' lang='lat' dir='ltr'><strong>Nam</strong></span> <span class='ocrx_word' id='word_1_260' title='bbox 917 4039 993 4115; x_wconf 88' lang='lat' dir='ltr'><strong>post</strong></span> <span class='ocrx_word' id='word_1_261' title='bbox 1008 4040 1205 4115; x_wconf 83' lang='lat' dir='ltr'><strong>prosperam</strong></span> 
     </span>
    </p>
   </div>
   <div class='ocr_carea' id='block_1_3' title="bbox 130 4246 1252 4480">
    <p class='ocr_par' dir='ltr' id='par_1_3' title="bbox 130 4246 1252 4480">
     <span class='ocr_line' id='line_1_35' title="bbox 165 4246 1208 4316; baseline 0.002 -19"><span class='ocrx_word' id='word_1_262' title='bbox 165 4250 181 4315; x_wconf 71' lang='grc'>5</span> <span class='ocrx_word' id='word_1_263' title='bbox 194 4252 264 4297; x_wconf 75' lang='lat' dir='ltr'><strong>xvi.</strong></span> <span class='ocrx_word' id='word_1_264' title='bbox 275 4249 328 4297; x_wconf 85' lang='lat' dir='ltr'><strong>Liv.</strong></span> <span class='ocrx_word' id='word_1_265' title='bbox 341 4247 406 4313; x_wconf 83' lang='lat' dir='ltr'><strong>Epit.</strong></span> <span class='ocrx_word' id='word_1_266' title='bbox 416 4246 523 4294; x_wconf 80' lang='lat' dir='ltr'><strong>-Velb</strong></span> <span class='ocrx_word' id='word_1_267' title='bbox 537 4248 578 4304; x_wconf 86' lang='lat'><strong>11,</strong></span> <span class='ocrx_word' id='word_1_268' title='bbox 596 4262 638 4296; x_wconf 82' lang='lat' dir='ltr'><strong>ta.</strong></span> <span class='ocrx_word' id='word_1_269' title='bbox 650 4272 686 4284; x_wconf 95' lang='lat'>—</span> <span class='ocrx_word' id='word_1_270' title='bbox 701 4247 768 4297; x_wconf 74' lang='lat' dir='ltr'><strong>Flos.</strong></span> <span class='ocrx_word' id='word_1_271' title='bbox 779 4250 834 4308; x_wconf 87' lang='lat'><strong>111,</strong></span> <span class='ocrx_word' id='word_1_272' title='bbox 847 4249 872 4298; x_wconf 76' lang='grc'><strong>3.</strong></span> <span class='ocrx_word' id='word_1_273' title='bbox 880 4250 980 4302; x_wconf 68' lang='lat' dir='ltr'><strong>-Cic</strong></span> <span class='ocrx_word' id='word_1_274' title='bbox 992 4248 1020 4299; x_wconf 88' lang='lat' dir='ltr'><strong>in</strong></span> <span class='ocrx_word' id='word_1_275' title='bbox 1032 4250 1103 4299; x_wconf 78' lang='lat' dir='ltr'><strong>om.</strong></span> <span class='ocrx_word' id='word_1_276' title='bbox 1116 4258 1144 4299; x_wconf 84' lang='lat' dir='ltr'><strong>st</strong></span> <span class='ocrx_word' id='word_1_277' title='bbox 1154 4264 1208 4316; x_wconf 76' lang='lat' dir='ltr'><strong>pto</strong></span> 
     </span>
     <span class='ocr_line' id='line_1_36' title="bbox 130 4328 1252 4399; baseline 0.004 -15"><span class='ocrx_word' id='word_1_278' title='bbox 130 4334 229 4384; x_wconf 83' lang='lat' dir='ltr'><strong>Comel.</strong></span> <span class='ocrx_word' id='word_1_279' title='bbox 243 4333 308 4398; x_wconf 82' lang='lat' dir='ltr'><strong>apud</strong></span> <span class='ocrx_word' id='word_1_280' title='bbox 319 4335 412 4382; x_wconf 81' lang='lat' dir='ltr'><strong>Ascon.</strong></span> <span class='ocrx_word' id='word_1_281' title='bbox 422 4358 457 4367; x_wconf 93' lang='lat'><strong>—-</strong></span> <span class='ocrx_word' id='word_1_282' title='bbox 468 4328 589 4393; x_wconf 77' lang='lat' dir='ltr'><strong>sxvut.</strong></span> <span class='ocrx_word' id='word_1_283' title='bbox 600 4329 654 4379; x_wconf 71' lang='lat' dir='ltr'><strong>liv.</strong></span> <span class='ocrx_word' id='word_1_284' title='bbox 662 4330 730 4397; x_wconf 72' lang='lat' dir='ltr'><strong>sptr.</strong></span> <span class='ocrx_word' id='word_1_285' title='bbox 742 4357 779 4368; x_wconf 94' lang='lat'>—</span> <span class='ocrx_word' id='word_1_286' title='bbox 791 4332 895 4399; x_wconf 71' lang='lat' dir='ltr'><strong>Eutrop.</strong></span> <span class='ocrx_word' id='word_1_287' title='bbox 909 4360 945 4373; x_wconf 92' lang='lat'><strong>-·</strong></span> <span class='ocrx_word' id='word_1_288' title='bbox 956 4332 1111 4394; x_wconf 66' lang='lat' dir='ltr'><strong>lemnon,</strong></span> <span class='ocrx_word' id='word_1_289' title='bbox 1122 4348 1149 4383; x_wconf 63' lang='lat' dir='ltr'><strong>cr</strong></span> <span class='ocrx_word' id='word_1_290' title='bbox 1159 4334 1208 4385; x_wconf 71' lang='lat'><strong>52.</strong></span> <span class='ocrx_word' id='word_1_291' title='bbox 1247 4376 1252 4388; x_wconf 92' lang='lat'><em>.</em></span> 
     </span>
     <span class='ocr_line' id='line_1_37' title="bbox 130 4414 963 4480; baseline 0.012 -23"><span class='ocrx_word' id='word_1_292' title='bbox 130 4447 165 4457; x_wconf 84' lang='grc'><strong>..</strong></span> <span class='ocrx_word' id='word_1_293' title='bbox 178 4421 245 4466; x_wconf 78' lang='lat' dir='ltr'><strong>Sext.</strong></span> <span class='ocrx_word' id='word_1_294' title='bbox 256 4419 313 4465; x_wconf 77' lang='lat' dir='ltr'><strong>llus.</strong></span> <span class='ocrx_word' id='word_1_295' title='bbox 323 4445 356 4455; x_wconf 92' lang='lat'>-</span> <span class='ocrx_word' id='word_1_296' title='bbox 368 4414 926 4480; x_wconf 71' lang='lat' dir='ltr'><strong>Amrntan.xxvt1,s.-Froor.stnt11,</strong></span> <span class='ocrx_word' id='word_1_297' title='bbox 938 4425 963 4473; x_wconf 79' lang='grc'><strong>4.</strong></span> 
     </span>
    </p>
   </div>
   <div class='ocr_carea' id='block_1_4' title="bbox 0 0 1303 4980">
    <p class='ocr_par' dir='ltr' id='par_1_4' title="bbox 0 0 1303 4980">
     <span class='ocr_line' id='line_1_38' title="bbox 0 0 1303 4980; baseline 0 0"><span class='ocrx_word' id='word_1_298' title='bbox 0 0 1303 4980; x_wconf 95' lang='lat' dir='ltr'><strong> </strong></span> 
     </span>
    </p>
   </div>
  </div>
 </body>
</html>
