2594 4980
326 653 375 722 tu
404 652 515 721 soc.
541 651 635 720 Lm.
662 649 752 721 mx
782 651 996 720 LIVIANI.
1115 649 1185 742 343

123 776 248 841 occulte
268 773 340 837 vitae
357 772 515 860 Scipionis
534 770 665 836 insidias
689 772 891 837 struentibus
909 773 1101 854 triumviris,
1126 796 1184 862 pe·

122 877 200 939 risse
214 874 346 937 consilia
361 896 435 954 sua,
449 873 511 936 nisi
526 873 581 936 hic
591 873 727 961 periret,
741 874 828 938 ratis.
844 874 959 961 Neque
972 875 1102 963 ignarus
1116 875 1185 963 ipse

120 977 273 1064 periculi,
291 998 392 1062 quum
411 974 515 1063 pridie
535 975 648 1038 mortis
665 997 730 1037 suae
746 998 764 1038 a
782 976 827 1038 M.
846 974 961 1038 Fulvio
978 975 1087 1038 multis
1103 996 1184 1038 con·

120 1079 209 1144 viciis
231 1079 348 1166 petitus
367 1094 466 1157 esset,
483 1077 598 1139 malam
620 1077 682 1139 sibi
704 1075 840 1163 rependi
862 1077 995 1164 gratiam
1016 1076 1184 1167 laborum,

119 1203 179 1266 pro
197 1180 361 1266 republica
378 1194 620 1264 susceptorum,
634 1177 673 1240 ab
689 1177 845 1265 improbis
862 1193 895 1240 et
909 1176 1041 1265 ingratis
1060 1176 1184 1261 civibus
1256 1236 1259 1241 ,

119 1296 251 1367 questus
274 1297 343 1343 est:
368 1302 434 1342 non
453 1277 672 1358 dissimulato,
689 1295 809 1364 quanta
828 1278 861 1340 in
878 1277 1096 1342 sollicitudine
1112 1299 1184 1359 ver,-

119 1398 252 1444 saretur.
271 1381 347 1462 Quo
368 1379 488 1458 majore
506 1378 615 1443 studio
633 1379 824 1460 hominum,
841 1378 975 1443 dimisso
993 1380 1054 1443 sub
1070 1400 1183 1466 vespe·

118 1504 186 1544 ram
208 1498 339 1562 senatu,
360 1480 497 1545 domum
521 1478 675 1544 reductus
699 1496 767 1563 est,
792 1482 954 1569 plerisque
977 1481 1127 1561 Parrum,
1151 1466 1183 1543 et

118 1582 280 1644 sociorum
304 1583 558 1668 Latinorumque
584 1582 724 1645 maximo
749 1583 877 1671 agmine
899 1583 1182 1671 prosequentibus.

118 1682 165 1744 lta
183 1705 285 1769 quum
302 1704 336 1745 se
352 1681 487 1745 domum
505 1682 597 1745 fortis
612 1700 709 1770 atque
723 1682 846 1747 validus
863 1685 1051 1771 recepisset,
1066 1684 1184 1772 postri-

117 1782 169 1846 die
186 1786 219 1846 in
234 1784 385 1849 cubiculo
402 1806 463 1847 suo
480 1783 634 1847 exanimis
650 1801 699 1848 est
717 1801 873 1870 repertus.

161 1886 309 1949 LXXIX.
335 1883 504 1948 Creditum
529 1900 599 1965 est,
625 1884 737 1949 fraude
765 1886 989 1972 proximorum
1012 1885 1129 1948 illatam
1154 1885 1183 1946 ei

118 2004 256 2050 mortem
269 2012 278 2069 ς
294 2004 325 2050 et
338 1977 486 2074 suspecta
499 1988 707 2050 vehementer
721 2009 804 2049 uxor
815 1987 1004 2076 Sempronia
1014 1987 1095 2049 fuit:
1113 2007 1185 2072 quae

117 2086 270 2152 deformis
289 2105 321 2151 et
338 2089 470 2169 sterilis,
490 2110 592 2177 quum
609 2111 669 2151 nec
685 2103 806 2150 amaret
823 2089 992 2168 maritum,
1012 2110 1071 2151 nec
1086 2087 1128 2151 ab
1144 2109 1183 2159 eo

116 2208 287 2269 amaretur,
304 2190 395 2253 facile
412 2188 555 2277 paruerit
567 2189 723 2252 Corneliae
738 2205 771 2252 et
787 2189 980 2268 triumviris,
995 2206 1032 2252 ut
1048 2189 1113 2253 sive
1129 2210 1184 2252 ve·

117 2314 238 2354 nenum
255 2293 324 2355 viro
342 2292 545 2378 propinaret,
559 2289 625 2352 sive
641 2291 738 2376 (nam
755 2304 788 2353 et
806 2288 894 2352 istud
908 2288 1065 2374 traditur)
1083 2303 1183 2383 noctu

116 2395 231 2480 apertis
245 2392 369 2456 loribus
385 2392 615 2455 intromitteret
631 2391 781 2454 homines
793 2437 801 2470 ,
814 2391 919 2454 virum
937 2390 1020 2453 elisis
1036 2390 1185 2453 faucibus

116 2517 336 2580 oppressuros.
356 2492 459 2579 ldque
480 2515 588 2556 servos
604 2493 637 2554 in
657 2493 830 2556 tormentis
852 2515 922 2556 esse
940 2493 1121 2566 confessos,
1139 2494 1185 2555 fe·

115 2612 211 2660 runt:
233 2596 337 2681 atqui
356 2595 420 2658 hoc
441 2594 647 2672 resciverint,
665 2593 781 2655 efferre
800 2614 867 2656 non
886 2614 998 2671 ausos,
1011 2609 1183 2680 propterea

117 2696 206 2783 quod
232 2697 395 2760 infensum
424 2695 583 2782 populum
613 2693 756 2780 Scipioni
784 2692 924 2781 gaudere
950 2693 1083 2756 interitu
1113 2694 1181 2773 ejus

115 2797 270 2863 viderent.
292 2800 438 2884 Repertae
457 2794 590 2881 quidem
608 2796 759 2857 feruntur
783 2793 817 2855 in
839 2795 962 2856 cervice
983 2793 1051 2872 ejus
1074 2809 1181 2875 notae3

115 2925 223 2988 neque
239 2901 331 2963 aliam
349 2898 392 2961 ob
411 2918 539 2961 causam
557 2896 661 2982 capite
678 2895 782 2958 velato
800 2896 937 2975 elatum,
954 2916 1052 2981 quarn
1070 2911 1106 2957 ut
1121 2894 1181 2959 illae

115 3019 310 3091 tegerentur.
331 3004 373 3065 At
392 2998 513 3062 inimici
528 3013 644 3084 sponte
660 3013 828 3084 sumptum
848 2996 972 3060 exitum
987 2996 1179 3083 vulgabant,

116 3105 204 3191 quod
220 3128 292 3190 quae
313 3101 475 3190 pollicitus
492 3098 622 3187 agrariis
638 3100 761 3179 fuerat,
778 3114 928 3187 proestare
945 3120 1039 3186 posse
1055 3095 1181 3161 diffide·

115 3225 185 3270 rct:
206 3229 273 3293 quo
293 3205 401 3268 minus
418 3201 528 3266 credas
544 3200 750 3284 auctoribus,
765 3203 821 3289 qui
835 3201 899 3265 fato
916 3201 1066 3264 functum
1082 3198 1181 3264 tradi·

117 3305 246 3371 derunt.

159 3410 291 3470 LXXX.
316 3411 363 3472 lta
387 3424 496 3472 sextus
519 3423 550 3470 et
575 3405 863 3494 quinquagesimus
886 3402 986 3466 aetatis
1009 3424 1115 3465 annus
1133 3403 1180 3465 vi·

115 3507 211 3569 vendi
233 3508 329 3573 linem
352 3510 459 3574 attulit
478 3509 548 3572 viro
564 3508 663 3571 seculi
680 3507 731 3570 sui
755 3507 852 3593 longe
872 3503 1028 3591 principi,
1051 3503 1092 3566 de
1113 3525 1179 3590 quo

115 3609 277 3671 verissime
291 3612 500 3697 pronuntiare
518 3610 605 3673 visus
622 3625 686 3690 est,
704 3631 809 3694 quum
827 3622 995 3669 mortuum
1015 3603 1180 3682 laudaret,

115 3711 155 3790 Q.
173 3711 289 3773 Fabius
308 3711 483 3791 Maximus,
500 3711 605 3774 fratris
622 3711 690 3790 ejus
705 3707 809 3772 lilius:
822 3709 947 3792 gratias
965 3728 1105 3792 namque
1120 3704 1179 3767 diis

114 3808 339 3873 immortalibus
354 3811 434 3897 egit,
452 3811 538 3897 quod
552 3810 605 3874 ille
620 3813 672 3872 nir
689 3812 721 3871 in
739 3809 800 3870 dac
817 3805 974 3893 republica
983 3808 1179 3893 potissimum

114 3926 206 3975 natus
220 3925 314 3972 esset:
333 3933 448 3974 necesse
462 3913 545 3974 enim
552 3909 658 3998 fuisse
666 3958 676 3989 ,
694 3910 740 3971 ibi
750 3930 812 3971 esse
826 3921 980 3971 terrarum
995 3908 1177 3993 imperium,

114 4015 170 4076 nbi
183 4010 235 4073 ille
249 4025 332 4073 esset.
352 4012 457 4096 Atque
474 4010 541 4074 haec
557 4011 617 4098 ipsi
634 4031 767 4096 quoque
786 4008 853 4087 ejus
870 4008 991 4070 inimici
1010 4007 1109 4093 aequis
1122 4027 1177 4069 ac·

114 4113 276 4202 cipiebant
289 4111 431 4175 auribus.
443 4111 614 4175 Neminem
630 4109 715 4173 enim
730 4124 850 4172 temere
865 4109 926 4171 nisi
939 4131 999 4197 pro
1012 4106 1175 4195 republica

1162 4236 1167 4265 l

148 4327 163 4390 s
178 4329 320 4376 cxxvm.
334 4325 455 4374 atussa.
466 4325 493 4371 sn
503 4325 532 4373 c.
542 4324 669 4380 Graccho,
685 4337 738 4386 cap.
755 4322 795 4370 1³.
810 4348 843 4358 -
855 4322 907 4370 erc.
921 4320 948 4366 sn
962 4319 1018 4366 sar.
1033 4299 1133 4383 aps,
1143 4296 1170 4375 ei

114 4414 197 4460 Sontn.
213 4412 279 4476 Scip.
292 4439 325 4448 -
338 4413 410 4458 Oros.
423 4436 457 4448 -
470 4410 523 4458 Liv.
537 4409 601 4475 Epir.
615 4435 650 4444 -
664 4407 772 4478 Appinn.
784 4405 840 4455 (Σίν.
853 4404 896 4453 lib.
909 4405 928 4449 l.
