2594 4980
271 668 328 738 rn
356 669 467 737 noc.
495 670 590 737 nto.
616 667 701 735 LVI
729 667 943 738 trvmnt.
1067 646 1134 768 2'57

93 787 216 866 lbani,
228 786 322 874 quod
333 809 398 851 non
411 788 505 852 etiam
518 787 724 869 Mancinum,
738 805 771 853 et
786 788 903 853 initum
919 806 1050 857 auctore
1063 816 1139 882 pro·

93 892 199 979 inquo
217 910 281 953 suo
297 887 401 953 foetlus
418 887 623 952 defendisset.

115 992 176 1057 IV.
192 989 383 1054 Mancinum
396 989 429 1051 in
441 989 625 1076 Hispaniam
640 986 867 1052 deducendum
882 989 917 1055 P.
932 992 1049 1058 Furius
1063 1016 1138 1059 eon·

93 1093 125 1158 nl
139 1091 284 1179 accepit,
302 1091 356 1153 cui
372 1112 409 1152 ca
425 1090 588 1178 provincia
606 1104 774 1153 evenerat:
790 1112 888 1177 quam
905 1092 981 1178 quia
996 1097 1138 1159 exambi-

93 1218 141 1261 am
157 1196 190 1259 ei
204 1194 274 1257 duo
288 1193 421 1275 Quinti,
435 1190 583 1255 Metellus
597 1207 694 1278 atque
710 1190 901 1279 Pompeius,
915 1194 974 1256 viri
990 1197 1140 1260 consula·

93 1314 142 1376 es,
158 1294 328 1375 objecere,
346 1293 454 1356 multis
468 1308 500 1356 et
512 1292 759 1356 vehementibus
775 1295 881 1357 verbis
901 1296 1039 1381 (inimici
1053 1297 1139 1360 enim

93 1396 144 1476 jus
158 1392 269 1481 erant)
287 1392 498 1481 cupiditatem
515 1392 658 1456 consulis
674 1394 820 1457 acerbam
838 1397 907 1459 fore
924 1397 1043 1461 civitati
1058 1400 1140 1462 vati·

93 1497 221 1559 inantea
236 1517 244 1558 ε
261 1494 331 1573 ille,
344 1524 359 1550 ι
368 1495 429 1574 Ut,
446 1493 570 1580 inquit,
585 1495 709 1574 sciatis,
721 1517 788 1582 quo
801 1497 909 1560 animo
922 1521 1053 1586 quoque
1063 1522 1141 1587 pro·

99 1597 207 1687 posito
224 1595 458 1683 rempublicam
475 1617 585 1683 gerere
600 1595 778 1683 aggrediar,
796 1620 853 1660 vos
871 1620 998 1662 mecum
1020 1601 1140 1690 legatos

96 1696 215 1762 ducam
228 1720 265 1761 n:
290 1718 397 1782 neque
418 1695 563 1775 destitit,
587 1697 669 1782 quin
697 1697 789 1782 sequi
817 1719 872 1761 eos
899 1716 1047 1788 cogeret;
1072 1724 1141 1764 ma·

93 1821 140 1879 ¹tto
157 1799 252 1863 bone
269 1796 474 1861 conscientie
490 1810 700 1883 argumento,
717 1818 820 1882 quum
839 1796 1009 1862 hominum
1029 1822 1139 1864 secum

93 1898 212 1963 tinter
235 1920 271 1961 se
295 1895 494 1960 discordium
517 1916 636 1974 usurus
659 1894 856 1979 ministerio,
876 1920 983 1985 neque
1005 1901 1142 1989 impedi·

93 2016 311 2065 nentarerum
328 1996 542 2087 gerendarum
560 2018 598 2059 ex
615 1997 836 2076 emulatione,
859 2021 965 2086 neque
980 2001 1142 2066 obtrecta-

93 2102 201 2167 ionem
219 2117 384 2189 gestarum
401 2121 440 2162 ex
457 2097 652 2186 malignitate
669 2097 866 2161 formidaret.

119 2200 158 2266 V.
170 2201 237 2266 Sed
252 2200 443 2288 priusquam
456 2200 490 2261 in
508 2199 694 2285 Hispaniam
711 2198 745 2260 lti
758 2199 996 2285 pervenissent,
1010 2203 1050 2265 D.
1064 2206 1144 2266 Bru·

93 2325 131 2367 us
146 2318 180 2367 et
196 2303 244 2367 Μ.
266 2301 415 2366 AEmilius
431 2299 658 2387 proconsules,
679 2296 788 2362 divisis
806 2300 923 2363 iterum
940 2302 1040 2389 copiis
1062 2325 1144 2365 con-

93 2403 237 2491 ubiaque,
260 2401 429 2465 dissimiles
452 2401 546 2463 etiam
568 2415 703 2463 eventus
728 2400 924 2466 habuerunt.
947 2405 1049 2467 Bruto
1069 2405 1144 2468 felix

93 2504 238 2593 mpeditio
259 2502 338 2583 fuit,
362 2502 537 2588 multisque
558 2500 695 2565 urbibus
720 2517 752 2564 et
773 2501 945 2567 hominum
970 2505 1001 2566 vi
1028 2527 1143 2593 magna

93 2608 192 2695 captis,
208 2606 309 2696 gloria
331 2606 464 2693 ingens,
481 2619 514 2667 et
534 2601 673 2668 Galloect'
690 2624 871 2691 cognomen
892 2620 1031 2693 partum.
1051 2608 1145 2670 Lusi·

95 2706 179 2788 tanis,
192 2706 249 2794 qui
265 2729 284 2769 a
303 2707 402 2768 Bruto
420 2703 663 2793 premebantur,
676 2725 755 2790 gens
770 2727 806 2767 ea
821 2706 983 2792 suppetias
998 2724 1145 2791 venerat,

98 2808 235 2871 numus
253 2807 429 2886 exercitus3
455 2827 528 2868 nam
548 2803 710 2890 sexaginta
728 2825 841 2866 eorum
861 2804 957 2868 millia
976 2806 1075 2868 fuisse
1090 2807 1144 2868 in·

100 2908 184 2972 mio.
204 2909 280 2972 Non
305 2922 373 2971 erat
390 2930 448 2994 par
469 2922 581 2994 aperto
603 2904 730 2967 robore·
745 2906 882 2986 brutus,
903 2906 964 2969 nisi
986 2906 1141 2970 auxilium

103 3006 199 3073 tisibus
216 3011 255 3073 ab
271 3010 387 3073 astutia
405 3008 546 3094 doloque
562 3007 735 3094 petivisset.

135 3106 180 3193 Vl.
199 3114 236 3174 ln
253 3113 408 3174 ulteriore
425 3109 578 3196 Hispania
594 3130 646 3171 res
661 3106 849 3194 gerebatur,
869 3122 983 3194 estque
1000 3108 1141 3174 dumetis

109 3205 294 3299 ditatumque
310 3234 348 3275 ae
359 3211 488 3274 «allium
508 3207 706 3271 anfractibus
727 3222 909 3294 opportuna
928 3207 1140 3274 adstruenda

112 3306 272 3400 mundaque
287 3313 361 3375 belli
374 3312 457 3374 furta
467 3309 574 3397 regio:
591 3322 623 3370 et
639 3307 692 3369 ille
701 3309 873 3371 Moronem
882 3309 1040 3396 oppidum
1052 3332 1142 3374 com·

114 3412 274 3487 notram,
284 3410 326 3475 ad
338 3410 483 3474 aestuar'ia
494 3409 573 3497 'l'agi
587 3408 682 3470 situm
695 3430 704 3486 3
719 3407 810 3488 inde,
828 3407 990 3497 dispositis
1005 3412 1037 3473 in
1047 3428 1138 3476 ⁴utra·

115 3511 226 3598 euripi
245 3511 396 3590 castellis,
411 3510 614 3598 navigatione
631 3509 744 3583 libera,
762 3523 796 3571 et
809 3510 1018 3575 subvectione
1035 3535 1142 3579 neces·

115 3605 238 3676 fitiorum
264 3627 370 3691 tutus,
388 3611 497 3675 locum
523 3609 645 3673 insidiis
668 3609 866 3696 queritabat.
886 3613 924 3674 ln
951 3635 1029 3699 quas
1055 3615 1143 3680 baud

116 3696 251 3776 ffiulter
276 3712 463 3799 praecipitati
486 3711 627 3791 barbari,
653 3725 770 3797 suopte
792 3711 924 3798 ingenio
948 3713 1086 3794 feroces,
1109 3733 1144 3780 et

115 3807 299 3878 ¹ultitutlinis
312 3811 427 3876 fiducia
445 3814 584 3887 incauti,
603 3828 721 3874 tantam
739 3810 862 3874 cladem
878 3832 1088 3903 acceperunt,
1104 3831 1143 3880 ut

115 3906 317 4005 luitquaginta
333 3914 475 3977 millibus
491 3915 622 3993 occisis,
639 3935 692 3976 sex
710 3912 828 3999 captis,
842 3910 987 3978 detento
1003 3938 1142 3981 numero

113 4004 216 4080 'inluta
228 4037 345 4080 manus
358 4016 529 4080 incolumis
545 4014 587 4078 ad
604 4015 684 4078 lares
700 4036 776 4076 suos
794 4031 976 4082 reverteret.

134 4154 194 4223 im·
206 4166 236 4214 U.
253 4165 283 4215 C.
296 4165 365 4222 6ι6;
378 4166 409 4214 Α.
424 4165 453 4214 C.
471 4165 528 4214 136.
536 4192 572 4202 --
580 4163 643 4213 Plut.
657 4165 684 4212 iu
697 4164 752 4212 Tib.
764 4165 893 4227 Graccho,
906 4183 928 4215 o.
942 4183 967 4229 9.
977 4195 1012 4205 -
1024 4168 1097 4215 duct.
1111 4140 1144 4219 de

108 4238 338 4314 'hu-appun.
353 4247 606 4314 Hispan-llutrop.
616 4248 676 4314 —S
691 4248 734 4297 Ν.
743 4248 797 4297 Vel.
811 4252 877 4298 Max.
893 4250 982 4310 Ilm,
994 4250 1058 4298 5.-
1068 4250 1143 4300 Diod.

106 4326 215 4389 utne
228 4360 262 4370 -
274 4333 289 4398 s
303 4334 336 4380 v.
351 4333 416 4382 teu.
430 4335 467 4391 n,
487 4335 511 4381 s.
525 4361 560 4370 -
573 4333 636 4382 nun.
648 4334 773 4386 xxxvi.
793 4335 816 4380 s.
828 4362 863 4370 -
875 4337 947 4381 oros.
960 4337 993 4394 v,
1008 4337 1032 4384 s.
1044 4362 1078 4372 -
1092 4337 1144 4383 nv.

101 4410 194 4475 lfl't-
204 4414 219 4480 S
230 4418 277 4466 Vl.
293 4416 373 4466 Strab-
387 4415 432 4465 lib.
447 4419 493 4466 111.
505 4418 624 4468 -οωι,
637 4416 732 4464 -an
746 4412 869 4475 utam,
885 4425 908 4472 4.

207 4514 270 4583 IX.
949 4534 989 4604 ¹7
