2594 4980
118 750 166 842 94
296 727 729 826 Jo.snn1us'unu11
757 747 1000 818 surrtnu.

117 905 129 928 ιι
140 871 273 936 minime
290 871 440 935 hostilem
457 870 593 950 urbem,
612 870 714 934 immo
734 871 901 958 antiquam
923 871 1047 959 patriarr

117 1006 129 1028 ιι
141 972 249 1037 munis
263 971 408 1036 utilitatis
423 971 524 1060 gratia
537 969 716 1048 diruimus‚
729 972 878 1059 civesque
889 973 1047 1035 Romamt

120 1109 132 1132 «
142 1076 258 1154 limus;
275 1074 367 1154 cujus
383 1074 431 1137 rei
443 1087 596 1136 neutrum
612 1073 771 1161 populum
783 1072 945 1160 poenituit.

162 1177 314 1241 XXVIII.
324 1206 338 1232 ιι
349 1174 388 1239 Id
396 1196 529 1264 quoque
539 1195 660 1237 vanum
673 1173 750 1255 luit,
765 1172 855 1262 quod
866 1174 997 1244 turbam
1007 1173 1047 1238 ho

119 1280 262 1344 «victum
276 1301 316 1342 ex
328 1277 408 1341 mari
423 1275 639 1365 quaerentium
656 1276 833 1366 allegastis:
848 1299 924 1340 nam
938 1292 971 1340 et
982 1276 1034 1340 his

118 1415 130 1437 ιι
140 1398 230 1446 ctum
247 1380 323 1444 satis
337 1394 404 1460 est,
421 1393 641 1467 poteruntque
657 1377 741 1442 l'acili
760 1378 889 1467 negotio
909 1377 951 1441 ad
968 1400 1047 1466 expo

118 1480 428 1571 «importandosque
439 1480 563 1549 fructru
578 1480 819 1567 opportunitate
831 1479 926 1544 maris
940 1480 1006 1560 uti,
1021 1503 1047 1542 m

117 1585 180 1648 «ab
197 1606 236 1647 eo
247 1631 257 1665 ,
269 1604 366 1670 quam
375 1580 417 1645 ad
426 1579 589 1652 decimum
603 1581 760 1671 lapidem,
771 1583 905 1664 remoti;
919 1607 1024 1671 quum
1036 1605 1047 1645 1

118 1686 198 1773 «qui
218 1685 288 1749 haec
308 1681 531 1771 precipimus,
551 1705 705 1770 passuum
729 1681 902 1748 duodecim
929 1683 1047 1748 millibr

118 1821 130 1842 ιι
141 1787 245 1877 gentis
269 1783 423 1848 absimus.
444 1784 568 1848 Locum
593 1801 702 1848 autem
722 1784 814 1848 vobis
839 1783 1045 1872 iudulgemus

119 1920 132 1944 ιι
142 1887 282 1976 legeritis
291 1933 301 1968 ,
310 1885 369 1950 ubi
380 1884 528 1949 libertate
538 1885 728 1974 legibusque
736 1887 830 1951 salvis
839 1887 1002 1953 habitetis.
1015 1887 1047 1948 ll

118 2020 130 2044 ιι
141 2003 204 2068 est,
227 1984 317 2074 quod
337 2000 413 2050 aute
434 2007 567 2074 quoque
586 1986 744 2070 diximus,
764 1988 924 2051 civitatem
939 1988 1032 2051 vobis

116 2110 341 2166 «mansuram,
364 2087 391 2150 si
410 2086 566 2174 imperata
585 2088 749 2150 fecissetis.
770 2089 837 2150 Vos
859 2088 966 2169 enim,
991 2110 1047 2152 nor

104 2203 129 2246 ἰι
140 2206 238 2276 atque
262 2186 413 2267 aedilicia,
440 2186 669 2277 Carthaginem
697 2210 766 2253 esse
789 2188 1020 2255 arbitramur.»

118 2292 225 2356 verbis
245 2288 401 2353 hactenus
425 2288 533 2370 factis,
549 2289 665 2353 consul
687 2289 895 2372 obticuisset,
914 2290 1047 2356 videret<

120 2394 200 2459 nihil
215 2415 232 2455 a
250 2390 356 2454 Poenis
375 2405 464 2452 metu
483 2390 671 2455 exsternatis
688 2388 892 2479 responderi,
904 2390 1038 2474 adjecit,

111 2491 364 2586 persuadendum
379 2490 821 2581 comolarulumquefacerent
834 2517 855 2557 a
872 2518 903 2557 se
923 2495 1009 2558 dicta
1023 2519 1047 2559 es

117 2611 218 2664 terum
245 2605 369 2659 senatus
396 2594 542 2681 imperat,
564 2608 596 2658 et
616 2595 741 2683 quidem
760 2598 825 2658 siue
843 2619 953 2676 mora,
973 2619 1047 2685 pan

118 2701 240 2764 abirem
252 2699 362 2784 igilur,
379 2695 411 2758 e't
429 2695 498 2759 lroec
513 2698 730 2760 renuntiarent
743 2699 805 2760 suis
821 2697 962 2761 civibus:
980 2698 1047 2762 adt

118 2802 240 2890 legatos
255 2797 364 2862 νιὶίεή.
897 2823 898 2827 ’

161 2901 284 2968 XXIX.
297 2900 355 2964 His
365 2897 474 2980 dictis,
484 2921 617 2986 quuma
630 2898 800 2963 lictoribus
813 2899 1046 2963 submoverent

117 3007 344 3096 spicereutque
353 3001 469 3065 animis
482 3001 680 3081 tumultum,
693 3002 749 3089 qui
759 3003 943 3065 renuntiata
954 3002 1016 3066 hac
1025 3002 1047 3066 lt

117 3105 303 3194 Carthagini
316 3119 400 3169 esset
409 3103 555 3183 futurus,
565 3124 696 3166 rursum
707 3100 837 3167 dicendi
845 3104 972 3167 reniam
981 3105 1047 3193 peti

116 3205 359 3290 introductique
377 3201 548 3282 dixerunt,
569 3202 676 3266 vtilere
693 3225 724 3267 se
744 3218 876 3268 mentem
897 3206 1047 3270 consultus

117 3309 269 3386 rabilem,
299 3325 396 3391 neque
420 3315 607 3390 potestatem
635 3305 694 3366 sibi
724 3306 854 3369 concedi
879 3307 1014 3371 Romam
1042 3332 1047 3370 t

116 3423 255 3478 oratores
268 3430 281 3471 .·
296 3436 308 3460 ι
323 3425 365 3467 ne
381 3402 422 3467 ad
441 3426 498 3468 vos
518 3402 671 3492 quidem,
692 3406 899 3495 inquiebant,
920 3409 1031 3474 licebit

116 3530 243 3578 «strum
256 3504 416 3596 populum
433 3506 567 3588 reverti,
582 3506 640 3594 qui
656 3508 844 3572 tristissime
860 3510 907 3573 rei
923 3511 1047 3576 nuntior

115 3635 235 3705 «quam
248 3627 431 3674 sermonem
444 3606 690 3690 absolverimus,
700 3609 870 3698 discerpet
879 3614 1043 3702 Rogamus

114 3739 204 3781 «non
224 3725 366 3776 nostram
387 3708 490 3774 vicem
509 3710 651 3794 solliciti,
673 3734 756 3800 quos
778 3728 907 3800 paratos
929 3714 971 3778 ad
993 3738 1047 3803 pet

116 3815 250 3883 «omnia
272 3808 407 3889 videtis,
432 3811 489 3875 sed
512 3812 614 3900 ipsius
636 3813 746 3901 patriae
770 3836 862 3896 cura,
882 3815 909 3878 si
932 3816 1047 3880 forte(

116 3956 127 3978 ιι
138 3920 270 3985 admoto
284 3932 449 3976 armorum
464 3929 586 3978 terrore
602 3914 675 4004 cogi
686 3913 728 3977 ad
743 3913 937 4002 obsequium
951 3917 1047 4005 possit

116 4041 226 4088 «terea
241 4018 321 4082 dum
345 4011 579 4105 proficiscimur
595 4014 745 4095 domum,
767 4015 899 4079 classem
918 4017 952 4079 in
973 4040 1047 4081 cons

115 4124 228 4191 «urbis
244 4119 410 4186 adducatis
423 4140 432 4199 ς
449 4132 486 4180 ut
505 4116 602 4180 simul
617 4140 636 4180 a
651 4115 746 4180 nobis
760 4115 895 4182 audiens
912 4120 1046 4208 imperia

117 4260 129 4283 «
143 4225 239 4290 simul
246 4245 304 4287 vos
313 4220 355 4286 ad
362 4216 605 4306 exsequendum
615 4218 790 4283 instructos
802 4221 1005 4309 conspiciens
1013 4221 1047 4286 ci*

115 4322 340 4393 «subeundam
355 4323 440 4386 hauc
452 4319 673 4384 necessitatem
683 4318 846 4402 animum,
860 4321 887 4385 si
898 4336 1025 4409 potest,
1038 4321 1048 4385 i

150 4513 295 4580 §xxvtlt
306 4506 410 4556 Diodor.
416 4503 481 4567 apud
493 4502 561 4551 Fulv.
572 4503 627 4552 Urs.
638 4531 672 4541 —-
683 4504 789 4568 Appian.
857 4551 861 4559 ,
