2594 4980
154 742 437 764 “mmm

257 974 556 1065 JOANNIS
594 976 1069 1072 FREINSHEMII

188 1256 1114 1401 SUPPLEMENTORUM

357 1552 979 1764 LIVIANORUM

472 1825 651 1904 LIBER
686 1828 842 1908 XVIII

309 2065 356 2121 ΙΝ
382 2065 539 2123 Locum
564 2068 686 2123 LIBRI
711 2069 795 2125 LIII
819 2069 1006 2128 Ltvlltttt.
1048 2060 1054 2068 ¹

459 2323 849 2357 ψ

534 2545 778 2616 ΕΡΙΤΟΜΕ

280 2736 413 2792 LIBRI
442 2736 834 2807 QUINQUAGESIMI
863 2739 1038 2795 TERTII.

121 2927 171 2998 Ap.
183 2923 309 2979 Claudius
325 2922 418 2976 consul
431 2923 563 2986 Salassos,
581 2935 685 2993 gentem
704 2924 840 2994 alpinum,
856 2923 968 2980 domuit.
988 2926 1061 2983 Alter
1070 2922 1156 2981 emb

155 3009 289 3082 philippus
305 3008 333 3060 in
346 3007 503 3060 Macedonia
520 3026 536 3058 s
551 3008 581 3059 L.
587 3006 732 3059 Tremellio
750 3020 879 3078 questore
894 3029 955 3064 cum
971 3012 1085 3065 exercitu
1098 3022 1156 3065 tm

156 3105 204 3146 est.
217 3094 251 3157 Q.
262 3092 381 3147 Cucilius
391 3090 514 3144 Metellus
523 3089 665 3161 proconsul
677 3090 824 3144 Celtiberos
835 3093 945 3147 cecidit:
963 3114 977 3146 a
988 3096 1022 3161 Q.
1032 3095 1157 3167 Fsblofss·

155 3177 263 3230 consule
279 3195 339 3247 pars
357 3194 454 3245 magun
470 3173 627 3237 Lusitania,
644 3175 798 3247 expuguutls
816 3177 917 3249 aliquot
933 3178 1063 3244 urbibus,
1078 3184 1159 3251 ΜΨ

155 3274 203 3314 est.
214 3263 245 3314 C.
255 3260 341 3313 lulius
351 3272 456 3312 senator
470 3277 552 3330 grace
565 3278 608 3313 res
621 3277 747 3313 romanus
760 3259 861 3314 scribit.

117 3489 143 3554 1.
160 3447 259 3554 Sus.
282 3492 441 3578 Sulpicius
467 3492 584 3574 Galba,
605 3494 641 3558 L.
662 3493 811 3558 Aurelius
835 3496 930 3560 Cotta
955 3500 1104 3563 consules
1124 3516 1165 3561 tt·

118 3609 276 3679 quuntur.
299 3595 448 3675 Quorum
469 3595 503 3658 in
524 3595 726 3685 magistratu,
748 3610 805 3659 aut
827 3596 909 3659 circs
929 3597 1000 3663 hoec
1019 3614 1167 3689 tempore,

118 3716 221 3781 quum
250 3695 441 3760 innovatum
470 3720 538 3762 esse
566 3697 607 3760 de
634 3697 875 3784 provinciarum
903 3697 1169 3765 admInistrstiouo

115 3794 204 3859 haud
233 3797 379 3861 absurdis
404 3799 584 3862 rationibus
609 3797 817 3878 conjiciatur,
841 3798 920 3864 utile
941 3800 1021 3881 erit,
1040 3816 1168 3865 veterem

115 3897 198 3961 circa
218 3916 393 3986 praetorum
410 3899 544 3987 Imperia
563 3921 703 3980 morem,
723 3917 756 3963 et
777 3898 834 3987 qui
854 3899 1007 3988 deinceps
1025 3900 1169 3966 obtinue-

114 3998 175 4075 rit‚
195 4023 365 4086 exponere.
391 4002 431 4064 Et
458 3999 590 4087 quidem
613 4000 654 4063 de
676 4001 771 4064 initio
792 4001 993 4089 magistratus
1015 4000 1171 4083 hujus,et

114 4101 282 4184 quomodo
304 4101 344 4164 ab
369 4124 437 4163 uno
461 4117 597 4187 praetorc
620 4100 661 4164 ad
683 4102 795 4181 binos,
817 4116 929 4188 postea
946 4101 988 4166 ad
1003 4120 1172 4191 quaternos

38 4242 41 4247 -
112 4220 268 4264 numerus
293 4219 406 4265 auctus
429 4201 486 4280 sit,
505 4200 635 4280 adjectis
658 4201 775 4266 deinde
798 4202 960 4291 Hispaniis
985 4206 1054 4268 seni
1076 4196 1172 4268 creari

113 4302 282 4389 coeperint,
301 4302 367 4364 suis
387 4301 542 4390 quodque
558 4303 759 4391 temporibus
779 4304 915 4368 relatum
936 4320 993 4369 est.
1007 4304 1092 4369 Tum
1110 4301 1174 4390 lgl·

41 4478 48 4489 ·
111 4414 181 4480 tur,
203 4423 305 4487 quum
330 4401 437 4466 adhuc
460 4402 531 4466 seni
548 4404 722 4489 quotannis
745 4420 897 4493 pretores
922 4404 1052 4488 fierent,
1065 4418 1177 4493 neque
