2594 4980
301 112 355 177 IN
386 112 495 176 Luc.
526 111 617 176 ΗΒ.
647 113 675 175 L
707 112 920 178 LlVlle.
1080 114 1137 186 131

121 233 268 294 necessitate
290 232 424 306 incitata,
443 231 626 314 nullamque
647 231 676 290 in
698 231 792 290 tantis
811 234 1035 296 acerbitatibus
1054 260 1142 324 spem

118 335 216 420 puiset
230 333 470 410 conditionum,
486 333 694 419 rcputabunt:
711 356 813 417 quum
829 335 954 415 subito,
969 339 1067 402 veluti
1083 365 1145 403 nu·

118 435 182 497 minc
195 432 324 521 quodam
336 433 481 512 objectus
490 468 503 513 ,=
515 434 623 520 Scipio
638 431 845 513 AEmilianus,
860 435 1006 500 omnium
1020 440 1144 506 animos

118 554 221 599 merore
229 558 367 622 curaque
377 535 520 598 exsolvit.
531 533 729 597 AEdilitatem
738 556 841 621 quum
852 535 1145 623 maximepetebat:

116 654 173 698 nan
189 658 203 700 a
218 635 390 717 majoribus
408 635 645 723 magistratibus
666 652 739 698 aetas
761 658 835 699 eum
855 653 890 723 *et
908 638 1038 701 annales
1060 640 1144 730 leges

116 737 240 802 uscham
249 739 288 802 At
296 738 354 800 ubi
366 738 506 825 primum
519 738 620 800 oculis
631 736 741 824 populi
753 758 786 799 se
796 735 899 816 dedit,
912 759 1028 826 resque
1036 739 1077 803 ab
1087 742 1142 805 illo

117 840 195 925 nuper
206 839 310 904 eadem
328 839 361 901 in
379 839 485 903 Africa
502 855 615 927 gestae,
631 853 664 901 ct
679 838 768 902 favor
784 837 959 914 exercitus,
974 855 1006 901 et
1020 862 1141 905 nomen

115 934 284 1028 Scipionum,
296 943 411 1007 animis
423 958 652 1023 occurrerunt,
670 942 766 1030 vulgo
776 940 926 1005 homines
947 943 1142 1026 exclamare,

115 1037 181 1104 bunc
194 1065 249 1106 non
269 1041 368 1106 modo
387 1041 523 1131 dignum
541 1043 726 1124 consulatu,
743 1042 919 1107 sedunum
937 1064 1022 1126 esse,
1039 1068 1057 1107 a
1075 1069 1142 1133 quo

113 1145 204 1229 sperari
216 1162 338 1234 optatus
355 1144 428 1208 belli
444 1144 515 1208 finis
529 1160 647 1232 posset.

148 1242 272 1310 XXXVI.
289 1245 428 1309 Urbanas
443 1245 660 1309 multitudinis
676 1244 871 1310 desiderium
887 1266 953 1310 non
967 1247 1034 1328 jam
1051 1246 1141 1312 testi·

114 1345 195 1408 nbnia
220 1346 314 1411 modo
339 1346 471 1410 africani
498 1348 671 1428 exercitus,
695 1345 751 1410 sed
778 1348 903 1435 scriptae
927 1346 968 1410 ad
994 1360 1165 1413 senatum

113 1432 187 1508 little
198 1446 400 1526 adjuvabant,
419 1447 538 1534 quibus
558 1447 674 1507 diserte
695 1448 802 1530 Scipio
823 1447 862 1508 ad
885 1448 1140 1537 carthaginiense

114 1537 204 1610 belluni
223 1551 331 1612 consul
348 1547 551 1636 poscebatur.
574 1544 752 1608 Obstabant
773 1561 879 1608 tamen
904 1545 992 1610 baud
1013 1551 1141 1617 infirma
1175 1597 1178 1603 -

113 1642 281 1712 tendentibus
299 1646 547 1735 impedimenta,
566 1647 710 1725 majestas
727 1645 853 1734 legum,
870 1645 1007 1736 dignitas
1028 1653 1141 1716 candi·

113 1737 244 1831 datorum,
259 1764 291 1812 et
305 1747 489 1812 communis
509 1747 672 1809 seniorum
690 1745 824 1827 injuria,
840 1747 867 1809 si
884 1765 999 1834 praeter
1015 1774 1141 1817 morem

113 1854 137 1903 tt
149 1852 298 1930 contraius
310 1851 343 1913 in
356 1849 482 1912 civitate
497 1863 662 1935 receptum
679 1848 837 1911 universis
855 1872 939 1912 unus
952 1850 1139 1919 adolescens
1187 1872 1191 1879 '

112 1946 284 2028 preferretur.
305 1951 380 2014 Haec
391 1950 448 2036 qui
466 1949 595 2012 coniitia
613 1949 748 2012 babebat
770 1950 884 2012 consul
904 1950 1055 2032 Albinus,
1071 1954 1140 2021 baec

113 2043 151 2107 dii
169 2047 281 2118 Patmm
299 2053 512 2132 inculcantes,
530 2053 708 2139 negabant,
732 2050 821 2115 salcis
840 2050 973 2137 legibus,
990 2054 1139 2144 salvoque

112 2142 228 2231 dmiccc
238 2158 385 2236 civt'tutis,
402 2158 553 2218 rationem
566 2155 715 2241 Scipionis
729 2145 838 2215 baberi
844 2175 943 2239 posse.
963 2154 1077 2242 Neque
1091 2180 1139 2221 se·

112 2247 238 2333 gaianis
253 2257 410 2346 populus,
430 2273 468 2320 ut
483 2256 666 2343 Scipionem
684 2255 796 2340 utiquc
810 2255 977 2318 consulem
995 2256 1137 2325 haberet.

111 2342 169 2412 Post
180 2359 267 2422 multa
287 2368 353 2422 non
371 2358 506 2436 leviora,
523 2379 619 2442 quam
638 2377 698 2443 pro
719 2353 940 2443 magnitudine
954 2356 1017 2436 cei,
1034 2355 1135 2420 certa·

112 2446 189 2533 uina,
201 2480 296 2547 quum
310 2459 351 2523 ad
364 2458 493 2522 Romuli
509 2458 660 2544 Tullique
671 2457 757 2546 leges
772 2471 961 2543 provocaret
978 2458 1136 2545 populus,

112 2546 155 2609 nli
163 2562 337 2624 comili'orwn
346 2572 530 2648 potestatem
546 2561 581 2621 t'is
597 2559 708 2620 mam
722 2558 903 2637 clamitans,
916 2580 1001 2622 unus
1017 2558 1057 2623 de
1071 2561 1138 2624 col·

111 2645 172 2736 ¹th
193 2661 389 2725 tribunorum
416 2660 558 2724 minatus
581 2676 628 2724 est
652 2660 793 2740 consuli,
820 2683 851 2722 sc
862 2661 922 2747 jus
944 2665 1137 2728 comelantum

112 2748 305 2846 adducerom,
335 2765 396 2826 misi
419 2760 580 2826 voluntati
597 2760 710 2850 populi
731 2765 870 2826 cessisset.
898 2763 946 2826 lta
970 2780 1136 2851 postremo

111 2851 271 2952 Pllbltgium
289 2867 365 2931 ferri
382 2865 518 2953 placuit,
538 2887 605 2951 quo
621 2864 745 2952 legibus
763 2864 932 2927 annalibus
949 2866 1055 2954 Scipio
1072 2869 1136 2930 sol·

110 2966 213 3059 feretur,
234 2965 478 3032 accommodato
502 2966 601 3054 magis
621 2964 661 3028 ad
681 2965 847 3052 praesentia
868 2965 1021 3045 consilio,
1039 2989 1136 3053 quam

110 3068 134 3112 ¹¹¹
146 3077 309 3150 ⁸equmtem
328 3083 454 3130 aetatem
472 3066 619 3153 exemplo
636 3065 775 3128 salutari.
795 3065 883 3128 Adeo
900 3088 1069 3154 nunquam
1089 3068 1135 3131 lc·

110 3150 177 3235 dhus
192 3169 252 3233 tine
272 3171 382 3256 aliquo
405 3167 588 3256 reipublicae
609 3165 805 3229 detrimento
827 3187 883 3228 sua
901 3167 949 3228 vis
972 3167 1135 3250 adimitur,

109 3254 178 3327 ‘liin
191 3270 238 3333 ubi
257 3271 374 3336 mutari
390 3293 441 3333 eas
455 3271 598 3332 honestae
611 3268 769 3354 justaeque
786 3289 888 3333 causae
902 3286 1089 3356 coegerunt.

138 3356 279 3438 lxxvii.
303 3375 406 3436 Datus
424 3369 566 3458 Scipioni
585 3369 704 3455 collega
724 3370 758 3430 C.
777 3366 883 3430 Livius
905 3367 1082 3431 Mamiliani
1099 3369 1133 3431 F.

109 3446 181 3529 Μ.
191 3470 325 3555 Drusus,
336 3473 418 3535 inito
434 3471 621 3545 consulatu,
636 3469 859 3556 intempestiva
873 3469 1049 3531 ambitione
1063 3491 1134 3533 cer·
1169 3483 1173 3495 '

118 3651 145 3716 'b
156 3660 245 3720 XXXV.
257 3676 345 3722 Zonan
360 3699 396 3709 -
408 3671 515 3736 Appiam
531 3696 566 3706 —
580 3672 653 3718 Auct.
668 3667 699 3715 de
710 3669 764 3714 vir.
777 3668 812 3715 ill.
824 3684 878 3731 cap.
897 3667 937 3714 58.
956 3695 989 3704 -
1012 3670 1132 3735 Plutarch,

110 3730 264 3805 ¹tnhtn0m.
276 3775 329 3822 esp.
344 3768 429 3806 ao.'-
440 3756 503 3805 ven.
515 3757 542 3813 1,
559 3752 661 3815 12.-§
678 3752 865 3800 xxxvivat.
877 3752 1027 3809 stanam,
1048 3757 1091 3814 15,
1107 3767 1131 3814 t.

110 3835 135 3849 “
144 3824 229 3891 lucian.
238 3867 272 3878 -
282 3840 357 3888 moa.
366 3839 433 3905 apua
442 3840 524 3887 vaes.
536 3865 571 3876 -
581 3838 634 3886 m.
647 3836 754 3901 spic-
769 3836 819 3883 cn.
831 3835 857 3880 tn
869 3833 956 3891 Laelio,
967 3851 1022 3899 cap.
1033 3839 1056 3887 3.

920 3951 959 4017 9.
