2594 4980
272 746 326 813 IN
359 744 470 811 LOC.
498 744 593 811 Llu.
620 743 782 810 LXXIV
815 741 1027 809 LIVIANI.
1111 739 1180 838 705

99 869 199 957 faeni,
220 888 297 930 cwes
318 867 445 928 romani
464 863 661 927 haberentur.
680 862 721 942 Q.
744 861 913 942 Metellus,
931 863 991 949 Ap.
1008 862 1181 943 Claudius,

111 970 147 1036 P.
161 969 317 1033 Gabinius
331 981 503 1055 praetores,
518 965 681 1054 professos
697 961 786 1050 apud
801 984 888 1042 sese,
903 962 936 1024 in
954 963 1078 1028 tabulas
1093 982 1182 1029 retu·

111 1072 229 1136 lerunt.

154 1173 237 1236 LIV.
262 1173 385 1234 Auctus
409 1172 442 1233 in
470 1170 666 1232 immensum
690 1187 901 1230 romanorum
925 1166 1044 1229 civium
1068 1188 1182 1229 nume·

110 1296 185 1356 rus,
200 1295 303 1361 quum
317 1273 401 1336 inter
415 1271 592 1335 tumultum
607 1270 703 1350 belli,
718 1266 958 1355 seditionesque
971 1267 1181 1348 domesticas,

111 1375 263 1463 perplexa
291 1372 441 1460 variaque
464 1368 655 1434 difficultate
676 1370 838 1433 civitatem
861 1369 1058 1457 implicaret,
1083 1370 1185 1432 movit

111 1492 280 1557 senatum„
303 1491 340 1538 ut
361 1473 403 1537 de
423 1472 567 1537 remedio
591 1487 798 1560 quaereretur.
824 1471 956 1560 Quippe
978 1472 1054 1533 novi
1077 1472 1181 1551 cives,

112 1580 156 1659 si,
176 1575 267 1665 quod
284 1574 508 1665 postulabant,
525 1573 594 1664 pari
617 1574 753 1638 omnino
769 1573 842 1652 jure
861 1594 937 1636 cum
953 1573 1116 1637 veteribus
1133 1595 1184 1636 es·

53 1717 57 1727 ·
112 1694 204 1756 sent,
221 1699 334 1765 parum
352 1675 479 1758 aberat,
500 1676 580 1763 quin
601 1691 692 1763 capta
714 1674 755 1737 ab
777 1674 863 1738 Italis
879 1675 982 1738 Roma
997 1672 1182 1738 videretur:

111 1801 251 1843 numero
274 1779 361 1844 enim
384 1779 480 1866 louge
501 1777 682 1866 superiores
703 1793 813 1856 erant,
829 1793 879 1856 et,
903 1797 945 1841 ne
963 1777 1072 1839 omnia
1093 1775 1184 1854 adse

111 1882 299 1958 traherent,
323 1899 415 1943 more
439 1877 561 1967 ingenii
582 1878 737 1958 humani,
760 1877 850 1965 quod
869 1878 957 1940 nulla
974 1879 1185 1966 prosperitate

111 1983 261 2063 satiatur,
281 1980 371 2045 baud
386 1982 550 2045 immerito
563 1979 748 2045 timebatur.

156 2085 221 2151 LV.
240 2084 302 2147 Per
318 2103 468 2146 censores
481 2083 604 2171 optima
619 2097 652 2144 et
670 2081 827 2144 tutissima
842 2078 1017 2144 deliniendi
1031 2081 1112 2160 juris
1126 2102 1184 2146 eo·

115 2207 188 2249 rum
205 2185 255 2248 viu
278 2201 369 2263 erat;
386 2183 443 2247 sed
471 2200 617 2272 tempus,
631 2203 700 2269 quo
717 2204 757 2246 ex
771 2182 871 2244 veteri
889 2201 980 2243 more
1000 2179 1068 2244 fieri
1084 2203 1185 2270 opor-

111 2286 221 2367 tebat,
240 2285 389 2350 nondum
405 2282 656 2373 propinquabat.
670 2283 833 2362 Tandem,
851 2297 890 2346 ut
905 2304 1019 2346 verum
1035 2299 1100 2364 est,
1117 2286 1185 2348 uti-

111 2390 192 2452 litati
213 2389 349 2477 publicae
369 2387 495 2476 pristini
520 2387 620 2451 moris
640 2386 825 2450 observatio
846 2385 957 2466 cessit,
976 2384 1066 2472 quod
1084 2388 1184 2450 creari

110 2512 262 2556 censores
279 2491 478 2580 erepublica
495 2511 582 2570 esse,
604 2489 696 2552 nullo
716 2486 817 2550 modo
836 2485 1057 2551 dubitabatur.
1077 2487 1113 2550 P.
1130 2486 1183 2552 Li-

109 2592 217 2656 cinius
238 2592 283 2655 M.
305 2593 340 2655 F.
358 2591 393 2656 P.
409 2592 451 2656 N.
467 2592 621 2668 Crassus,
639 2589 674 2651 L.
696 2589 800 2651 lulius
817 2588 851 2650 L.
872 2587 908 2650 F.
931 2587 1002 2651 Sex.
1021 2589 1062 2652 N.
1081 2589 1185 2652 Coesar

110 2693 233 2771 ercan,
258 2713 361 2754 noros
383 2692 468 2754 cives
490 2689 640 2753 tribubus
665 2688 806 2774 antiquis
830 2689 977 2774 quinque
1000 2704 1033 2752 et
1055 2689 1184 2776 triginta

114 2812 181 2852 non
198 2791 466 2868 immiscuerunt,
484 2789 541 2852 sed
556 2789 692 2852 seorsim
710 2789 875 2852 recensitis
894 2810 992 2852 novas
1010 2791 1186 2875 constitue-

114 2907 192 2954 runt
206 2891 327 2970 tribus,
342 2911 414 2977 quae
431 2905 505 2976 post
521 2890 670 2976 antiquas
686 2905 891 2953 vocarentur.

157 2993 240 3056 LVl.
264 2991 316 3056 Sic
332 2989 445 3070 fiebat,
467 2990 581 3077 utqui
604 3012 741 3053 numero
762 2991 944 3077 superaturi
958 2991 1082 3078 priores
1100 2993 1183 3057 cives

114 3093 258 3173 fuerant,
282 3093 309 3154 si
332 3090 485 3178 suffragia
506 3076 620 3154 iisdem
648 3092 681 3154 iu
704 3090 855 3155 tribubus
877 3092 959 3155 ferre
984 3093 1183 3171 sinerentur,

114 3193 154 3272 ii,
171 3194 280 3272 rejecti
299 3192 340 3256 ad
363 3208 524 3272 extrema,
545 3193 738 3279 plerumque
759 3193 949 3279 supervacui
971 3191 1102 3273 fierent,
1124 3217 1184 3258 nec

115 3293 217 3357 ullum
243 3294 276 3356 in
301 3293 439 3382 publicis
463 3293 757 3357 consultationibus
785 3310 989 3357 momentum
1014 3294 1181 3360 facerent:

115 3416 217 3480 quum
238 3394 324 3457 enim
350 3417 448 3458 omne
466 3395 579 3482 populi
599 3396 716 3459 scitum
738 3396 851 3474 majori
860 3396 1011 3459 tribuum
1029 3384 1119 3485 parte
1132 3398 1186 3477 ju·

115 3495 212 3559 bente
230 3495 363 3583 perinde
379 3496 570 3576 haberetur,
588 3498 725 3584 quamsi
740 3497 866 3575 jussum
884 3499 924 3562 ab
939 3499 1093 3563 omnibus
1107 3501 1186 3563 liris·
1205 3497 1210 3509 ’

115 3613 181 3677 set,
190 3598 393 3685 simulatque
407 3599 526 3680 tribus,
537 3620 609 3686 quar
621 3599 710 3687 prius
721 3615 841 3663 vocatae
853 3599 997 3681 fuerant,
1011 3623 1184 3665 numerum

113 3697 205 3761 illum
215 3699 402 3787 implessent
413 3699 591 3789 suffragiis,
606 3699 771 3764 decretum
786 3718 870 3779 erat,
886 3724 945 3765 nec
957 3703 1041 3765 ultra
1055 3704 1185 3791 reliqum

93 3788 100 3807 ’
114 3800 323 3888 rogabantur.

157 3902 257 3964 LVII.
281 3902 323 3964 Et
349 3917 418 3964 tum
444 3902 599 3989 quidem,
624 3925 691 3965 non
715 3901 1045 3966 animadvertentibus
1068 3904 1184 3984 sociis,

113 4016 170 4064 aut
186 4001 332 4087 quolibet
354 4019 448 4090 pacto
471 4004 631 4068 civitatem
649 4002 780 4092 adipisci
798 4003 961 4091 properis,
984 4027 1049 4066 non
1073 4005 1186 4069 inutile

114 4101 147 4165 id
165 4102 336 4165 consilium
354 4102 437 4166 fuit:
458 4104 655 4192 procedente
670 4121 780 4169 tanren
798 4121 945 4192 tempore
961 4128 1060 4169 novas
1077 4129 1113 4170 ea
1135 4130 1185 4172 res

113 4202 260 4265 excitavit
276 4201 461 4267 discordias.
480 4205 531 4269 Ab
551 4205 664 4269 iisdem
681 4206 887 4287 censoribus,
906 4229 1092 4294 quanquam
1112 4233 1184 4295 pars

152 4407 168 4470 5
187 4409 248 4455 LIV.
267 4408 373 4472 Appian.
391 4409 463 4456 (lisil.
478 4409 521 4456 lib.
541 4415 560 4458 l.
574 4440 608 4447 —
625 4411 640 4475 §
659 4414 709 4460 LV.
731 4415 825 4475 Vragm.
843 4414 949 4477 Capitol.
971 4443 1002 4449 —
1027 4418 1133 4481 Appian.
1151 4443 1185 4455 -

123 4492 186 4538 Vell.
202 4493 291 4550 Il,ao.

226 4589 287 4655 IX.
