2594 4980
118 742 166 829 46
292 744 360 810 JO.
386 738 728 807 FREINSHEMII
757 736 1005 805 SUPPLEM.

117 864 335 943 timebantur,
352 860 482 924 comitia
505 859 683 923 consularia
704 858 797 922 citius
816 857 945 938 haberi,
966 859 1175 949 consulesque

117 967 301 1056 designatos
328 964 389 1051 (Q.
409 962 539 1026 Fulvius
563 961 608 1025 M.
629 960 665 1023 F.
688 961 732 1024 M.
754 960 794 1023 N.
817 959 982 1041 Nobilior,
997 960 1034 1024 Τ.
1054 961 1174 1027 Annius

116 1068 155 1133 Τ.
168 1070 202 1132 F.
214 1068 251 1130 T.
263 1067 303 1129 N.
314 1066 437 1128 Laneus
449 1063 551 1150 erant)
566 1079 641 1125 ante
655 1061 741 1125 diem
755 1060 906 1125 kalendas
919 1060 1080 1141 januarias
1096 1063 1174 1127 inire

116 1171 337 1259 magistratum
355 1167 492 1253 placuit3
511 1187 614 1252 quum
636 1180 768 1228 eatenus
791 1162 864 1226 idus
884 1163 1004 1226 martiae
1027 1164 1175 1230 solemnis

116 1273 145 1337 ei
169 1272 301 1361 negotio
325 1269 393 1334 dies
416 1267 561 1330 fuissent.
579 1267 617 1329 T.
637 1267 763 1329 Annius
784 1265 893 1329 Gallos
919 1265 1016 1350 (nam
1039 1282 1073 1330 et
1097 1267 1119 1330 ii
1144 1267 1174 1331 in

115 1373 212 1440 armis
226 1370 329 1457 erant)
345 1368 545 1457 provinciam
564 1366 713 1429 habuisse
729 1367 873 1431 videtur:
888 1367 1038 1431 Nobilior
1055 1368 1088 1430 in
1107 1368 1175 1433 nel·

114 1472 253 1553 tibems,
271 1471 326 1558 qui
340 1469 417 1532 belli
432 1468 715 1557 cognominantur,
732 1484 781 1531 est
796 1467 970 1555 profectus.
991 1469 1042 1533 llli
1057 1470 1175 1533 tumul·

115 1590 209 1638 tuum
224 1594 282 1660 per
300 1570 487 1657 Hispaniam
504 1585 652 1633 auctores
672 1568 827 1658 Segedam
845 1569 1047 1653 incolebant,
1064 1570 1174 1637 urbem

114 1696 264 1765 magnam
274 1688 307 1736 et
316 1671 518 1759 opulentam,
526 1693 624 1757 quam
634 1669 746 1733 foederi
757 1692 816 1734 suo
826 1671 876 1734 Ti.
888 1670 1065 1751 Gracchus,
1075 1694 1174 1759 quum

114 1776 300 1864 Hispaniam
318 1772 499 1848 ordinaret,
516 1771 735 1859 adscripscrat.
751 1772 830 1835 Eam
847 1787 934 1854 tum,
951 1774 1070 1837 coactis
1088 1772 1176 1839 dese

113 1901 185 1942 rere
205 1877 331 1940 minora
347 1873 465 1962 oppida
486 1874 619 1955 incolis,
636 1874 797 1964 augebant
818 1874 963 1955 barbari,
979 1896 1175 1965 murumque

115 1977 292 2044 stadiorum
315 1973 526 2064 quadraginta
545 1976 667 2042 circum
688 1976 911 2059 exstruebant3
929 1977 1025 2041 etiam
1042 1978 1175 2060 Titanis,

114 2081 219 2145 vicina
239 2094 350 2169 gente,
365 2079 398 2140 in
418 2077 564 2142 eamdem
586 2078 760 2166 compulsis
778 2099 786 2141 :
802 2100 909 2166 neque
925 2100 1038 2167 parere
1055 2078 1176 2145 senatui

114 2183 299 2261 voluerant,
317 2179 437 2243 vetanti
455 2179 565 2243 novari
584 2178 778 2266 quidquam,
794 2179 980 2267 tributaque
999 2196 1032 2243 ct
1050 2168 1177 2243 auxilie·

115 2306 166 2347 res
183 2283 291 2370 copias
308 2280 490 2368 imperanti.
510 2281 639 2368 Quippe
641 2282 772 2367 foedere
784 2281 969 2367 grecciano
975 2284 1177 2370 perscriptum

114 2383 240 2474 quidem
258 2382 460 2462 asscrebant,
479 2404 517 2444 nc
540 2381 627 2446 urbes
646 2404 741 2447 nouas
756 2382 951 2446 conderent:
969 2394 1088 2445 veteres
1104 2384 1178 2470 quin

114 2492 328 2551 instaurarent
342 2487 579 2572 muurientqtu,
600 2483 683 2547 nihil
694 2498 881 2573 exceptum
897 2484 1083 2548 suburanam
1105 2504 1178 2547 vem

10 2604 13 2611 ’
35 2608 49 2666 ᾖ
115 2603 148 2652 et
163 2587 283 2651 miluiae
300 2587 500 2649 uacationem
517 2585 559 2648 ab
577 2588 641 2673 ipso
661 2600 792 2664 senatu,
807 2600 881 2674 post
897 2585 1037 2650 Gracchi
1044 2583 1176 2674 foedrss,

115 2690 225 2754 datam
239 2712 250 2751 :
265 2710 371 2775 neque
384 2686 494 2750 aberat
509 2685 573 2749 boc
587 2709 605 2749 a
617 2709 713 2767 vero,
727 2686 783 2751 scd
800 2687 988 2749 immunitas
1004 2686 1063 2749 ista
1076 2707 1177 2775 quum

115 2815 133 2856 a
154 2804 269 2855 senatu
287 2787 495 2869 conceditur,
510 2786 586 2853 addi
605 2810 732 2877 semper
747 2788 845 2870 solet,
861 2810 1060 2868 mansuram,
1081 2788 1179 2851 dom

114 2892 237 2957 sertatui
254 2890 432 2980 populoque
453 2912 583 2953 mmauo
602 2889 760 2954 videatur.

158 2992 327 3057 XXXVII.
338 2993 379 3055 Et
390 2990 577 3079 Segidenses
587 2990 718 3077 quidem
729 2990 878 3080 ,cognito
887 2990 1028 3053 consulis
1037 2987 1180 3054 adventu

114 3095 295 3184 copiisque,
305 3114 380 3154 nam
396 3090 437 3154 ad
451 3092 579 3180 triginta
596 3092 767 3155 hominum
785 3092 883 3155 millia
896 3090 1092 3172 adducebat,
1104 3090 1178 3177 quia

115 3194 264 3259 nondum
284 3193 471 3280 permunita
486 3192 565 3255 urbs
586 3208 668 3271 erat,
685 3192 725 3256 ad
746 3195 905 3259 Arvaccos
926 3216 1002 3256 cum
1021 3192 1179 3257 moribus

115 3313 148 3361 et
155 3295 265 3360 liberis
275 3296 497 3381 perfugerant.
509 3294 656 3375 Arvacci,
672 3294 821 3380 protinus
834 3295 1025 3359 consociatis
1037 3294 1178 3375 viribus,

116 3398 199 3461 Caro
216 3391 382 3481 segedensi
402 3414 562 3456 summam
579 3416 687 3457 rerum
706 3394 872 3477 deferunt,
887 3398 958 3460 viro
974 3396 1095 3461 bellicis
1111 3418 1179 3460 cer·

117 3495 293 3562 taminibus
303 3493 494 3557 exercitato:
508 3495 564 3581 qui
575 3496 724 3583 proximo
734 3499 841 3562 statim
853 3498 980 3580 triduo,
997 3520 1100 3586 quum
1117 3498 1180 3561 iter

116 3599 220 3663 lacere
231 3611 346 3684 practer
360 3595 430 3679 loca
445 3595 568 3661 insidiis
582 3614 765 3686 opportuna
776 3602 940 3666 Romanos
952 3600 1178 3688 comperisset,

115 3715 239 3789 captata
262 3698 447 3778 occasione,
465 3699 705 3788 compeditum
726 3703 839 3791 viginti
855 3702 1013 3785 millibus,
1030 3701 1178 3789 equitum

117 3803 277 3890 quinque,
290 3801 448 3886 impetum
462 3799 548 3865 fecit.
566 3803 644 3866 Post
659 3825 765 3867 acrem
784 3819 816 3865 et
828 3802 1015 3867 diuturnam
1034 3826 1177 3892 pugnam

117 3919 287 3969 vertuntur
308 3903 341 3964 iu
365 3902 475 3990 sugam
499 3904 637 3967 Romani
659 3904 875 3992 :deletusque
901 3905 984 3969 foret
1010 3904 1178 3969 occidione

116 4006 288 4084 exercitus,
301 4003 334 4064 ni
344 4004 483 4089 equites,
495 4004 537 4068 ad
548 4004 725 4069 custodiam
737 4004 1045 4092 impedimentorum
1060 4006 1178 4086 relicti,

116 4130 259 4197 pugnam
274 4103 560 4193 redintegrassent,
570 4123 741 4195 postquam
754 4109 838 4171 inter
853 4106 1091 4195 insequendum
1109 4107 1179 4169 Cel·

117 4210 296 4273 liberorum
318 4229 450 4294 quoque
469 4208 614 4272 turbatos
634 4230 702 4272 esse
723 4208 853 4273 ordines
870 4207 1176 4273 animadverterunt.

152 4409 168 4475 §
185 4410 307 4457 mvl.
325 4408 377 4456 Liv.
395 4409 461 4473 Epit.
476 4436 511 4447 -
523 4410 632 4459 Cassiod.
650 4412 741 4461 Cbmn.
759 4440 794 4450 -
810 4413 914 4462 Marisa.
931 4412 996 4461 Scot.
1016 4438 1051 4449 —
1070 4412 1177 4489 Appisn.

117 4494 218 4559 Hispan.
