2594 4980
287 762 338 829 IN
370 762 481 829 LOC.
509 762 603 829 LIB.
630 764 756 830 LXVI
786 763 999 840 LIVIANI.
1109 761 1177 864 5⁰7

110 903 218 948 torum
231 885 403 947 commissa
418 884 539 971 (neque
553 885 641 948 enim
656 885 806 946 Romano
820 885 980 949 exercitus
995 885 1180 952 instruendi

109 988 222 1051 datum
238 1003 366 1076 tempus
378 985 496 1072 fuerat)
510 1009 615 1073 quum
626 986 692 1067 jam
708 983 750 1049 ad
764 1001 895 1049 noctem
908 983 1069 1073 producta
1079 1002 1181 1073 esset3

109 1091 190 1153 nihil
201 1106 310 1152 tamen
320 1090 428 1153 hostes
440 1089 658 1152 remittebant.
674 1089 724 1152 lbi
739 1088 879 1170 Marius,
893 1088 1041 1175 quicum
1056 1104 1179 1168 turma,

108 1216 207 1279 quam
225 1215 264 1256 ex
280 1192 463 1256 fortissimis
479 1190 666 1277 quibusque
684 1191 851 1255 collectam
871 1191 955 1255 circa
972 1213 1007 1254 se
1021 1190 1180 1273 habebat,

109 1311 176 1358 tota
191 1296 328 1359 volitans
348 1295 641 1375 acie‚·succurrere
659 1295 744 1376 suis,
761 1310 883 1358 terrere
899 1294 1049 1375 hossem,
1070 1295 1180 1358 omni·

109 1399 172 1460 bus
193 1396 298 1462 modis
318 1397 426 1460 moliri
442 1397 610 1461 victoriam
630 1418 699 1459 non
718 1396 888 1475 omiserst3
907 1393 1015 1481 quod,
1037 1395 1181 1459 exercitu

109 1522 225 1586 parum
246 1498 415 1580 ordinato,
437 1521 583 1588 pugnare
603 1499 639 1561 in
664 1497 806 1563 tenebris
832 1498 956 1578 nollet,
980 1518 1020 1560 ex
1042 1495 1181 1561 collibus

109 1601 240 1663 duobus
255 1601 412 1681 alterum,
428 1601 485 1688 qui
501 1601 612 1664 castris
628 1615 804 1689 angustus,
821 1621 914 1686 aquoe
928 1597 1055 1662 fontem
1071 1598 1183 1686 copio-

109 1725 180 1764 sum
196 1701 352 1782 habebat,
368 1724 427 1790 per
441 1703 477 1765 L.
490 1702 613 1765 Sullam
626 1717 660 1765 et
671 1701 797 1789 equites
810 1715 967 1789 occupat:
982 1701 1016 1763 in
1030 1700 1181 1781 alterurn,

109 1819 281 1891 postquam
309 1803 463 1889 paulatim
491 1803 622 1867 ordines
649 1805 877 1885 instaurasset,
907 1803 1052 1892 legiones
1083 1801 1182 1866 citato

108 1903 211 1991 gradu
229 1903 328 1968 ducit.
346 1904 435 1967 Finis
449 1904 517 1980 iste
527 1905 644 1993 praelii,
663 1928 723 1969 nec
739 1922 848 1969 nmen
863 1903 939 1969 ideo
952 1903 1088 1992 periculi
1101 1903 1181 1984 fuit3

110 2029 183 2068 nam
200 2028 309 2094 reges,
324 2021 466 2092 utroque
479 2006 561 2069 colle
577 2007 804 2090 circumsesso,
818 2006 1007 2070 renovaturi
1018 2021 1182 2070 certamen

109 2122 218 2169 erant:
236 2106 294 2170 sed
308 2106 459 2170 Numidae
475 2109 664 2196 pleramque
680 2125 811 2175 noctem
826 2132 885 2198 per
897 2108 1039 2171 laetitiam
1053 2123 1087 2171 et
1098 2124 1182 2173 stre·

108 2209 195 2296 pitus
222 2209 407 2273 insomnem
432 2209 593 2298 agebant3
616 2211 762 2298 aluitque
785 2209 1014 2299 negligentiam
1039 2209 1182 2286 Marius,

110 2332 217 2397 neque
236 2311 327 2400 ignes
344 2312 475 2376 excitari
497 2313 564 2376 suis
583 2313 618 2374 in
642 2314 771 2394 castris,
791 2333 900 2398 neque
916 2311 1027 2400 signa,
1043 2311 1093 2373 uti
1111 2332 1183 2374 mos

109 2428 157 2475 est
174 2413 313 2494 militiae,
330 2415 458 2500 quoties
471 2415 587 2503 vigilias
603 2431 783 2493 mutantur,
796 2434 911 2477 canere
924 2433 1047 2500 passus.

153 2513 257 2576 XXV.
276 2514 339 2577 Sed
357 2514 413 2577 ubi
433 2513 560 2578 reddita
576 2513 645 2579 dies
663 2530 732 2595 est,
750 2514 842 2577 fessis
858 2514 924 2592 jam
944 2528 977 2576 et
991 2512 1089 2601 paulo
1107 2528 1183 2578 ante

109 2638 226 2678 somno
250 2617 351 2702 captis
379 2614 531 2680 hostibus
559 2637 679 2703 magno
706 2631 830 2677 terrore
856 2613 1018 2676 incubuit.
1042 2612 1126 2676 Nam
1151 2627 1185 2678 et

109 2739 126 2776 a
145 2717 302 2778 militibus
322 2717 437 2804 ingens
453 2715 600 2779 sublatus
618 2731 667 2779 est
685 2717 824 2794 clamor,
849 2731 882 2777 et
899 2731 1076 2777 oeneatores
1093 2714 1183 2778 tubi·

110 2816 264 2901 cinesque
280 2817 456 2879 maximum
473 2817 646 2902 strepitum
663 2814 856 2878 ediderunt:
876 2838 949 2902 quae
966 2838 1070 2902 quum
1087 2815 1183 2880 Mau·

110 2916 152 2978 ris
166 2932 264 3001 atque
278 2916 411 2980 Gaetulis
425 2937 509 2980 nova
523 2932 556 2979 et
571 2917 700 2979 insolita
716 2913 927 2997 accidissent,
937 2917 1040 2980 veluti
1050 2933 1184 3005 stupore

110 3014 225 3097 defixi,
241 3039 349 3103 neque
366 3039 510 3106 pugnam
529 3038 712 3105 capessere,
730 3038 838 3102 neque
854 3017 965 3106 fugam
982 3032 1184 3105 potuerunt:

111 3119 283 3206 pluresque
304 3140 343 3183 eo
363 3119 493 3207 praelio,
517 3142 616 3207 quam
641 3120 796 3184 omnibus
820 3122 918 3186 simul
942 3122 1184 3210 superioribus,

110 3220 281 3285 desiderati
295 3236 391 3285 sunt:
406 3243 494 3284 arma
509 3222 666 3312 signaque
683 3220 833 3287 militaria
846 3225 1000 3312 pleraque
1014 3240 1117 3312 capta.

155 3323 274 3386 XXVI.
292 3326 368 3388 llaec
383 3324 428 3387 ita
441 3323 529 3412 apud
542 3324 730 3389 Sallustium
744 3326 862 3413 scripta
876 3342 973 3390 sunt:
989 3348 1065 3389 nam
1078 3339 1186 3390 sucto-

111 3447 177 3504 res,
199 3449 288 3512 quosv
307 3443 467 3513 sequutus
490 3426 629 3491 Orosius
652 3445 719 3509 est,
742 3427 867 3492 diversa
888 3426 1037 3516 quadam
1062 3427 1185 3493 retule-

112 3540 199 3588 runt.
220 3527 298 3590 Post
317 3529 484 3615 Jugurthae
500 3529 688 3616 Bocchique
703 3531 991 3611 conjunctionem,
1009 3552 1186 3595 numeroso

112 3648 225 3713 regum
245 3629 392 3714 equitatu
411 3632 594 3695 marianum
610 3631 789 3694 exercitum
805 3632 1009 3695 creberrimis
1026 3632 1187 3696 incursio·

113 3728 208 3791 nibus
225 3744 375 3793 vexatum
390 3732 507 3812 fuissc3
527 3747 694 3821 postremo
708 3734 807 3797 Cirtoe
822 3735 1097 3822 expugnationem
1115 3754 1185 3797 tne-

113 3831 235 3894 ‹litante
253 3834 420 3913 Romano,
436 3856 611 3898 occursum
626 3857 645 3897 a
660 3835 802 3923 regibus.
820 3837 949 3923 Anceps
967 3834 1000 3899 id
1018 3834 1186 3924 praelium,

112 3949 144 3995 et
162 3932 333 4020 multiplici
349 3946 512 3998 terrorum
529 3936 636 4023 specie
652 3951 744 3999 atrox
763 3934 971 4018 describitur,
983 3959 1088 4025 quum
1101 3958 1120 3999 a
1133 3949 1185 4000 tot

111 4034 255 4098 millibus
275 4035 424 4121 equitum
445 4036 581 4100 excitata
599 4037 741 4124 pulveris
764 4036 867 4101 nubes
890 4039 1004 4102 caelum
1024 4037 1186 4124 operiret,

113 4138 198 4201 diem
214 4137 447 4224 supprimeret,
460 4137 599 4223 visuque
612 4135 654 4201 ad
670 4137 850 4203 cavendum
865 4137 1035 4225 adempto,
1048 4156 1185 4225 corpora

104 4224 183 4303 'telis
201 4239 372 4303 confertim
396 4236 616 4303 incidentibus
635 4241 752 4304 intecta
773 4257 871 4328 atque
888 4237 1086 4302 incustodita
1103 4259 1185 4326 pns-

115 4341 212 4406 beret.
224 4341 329 4406 Nocte
341 4341 506 4406 remissam
518 4362 674 4431 pugnam,
688 4341 902 4430 eamdemque
913 4341 1078 4429 sequentis
1087 4340 1183 4405 etiam

149 4515 163 4575 ,ti
179 4519 260 4564 XXV.
271 4522 342 4565 Osos.
