2594 4980
10 39 1244 318 u

268 704 323 772 IN
352 703 981 774 LOG.LIB.LXIX'LIVIANI.
1032 790 1035 795 Ι
1090 650 1160 809 5913

91 826 144 889 nia
166 841 235 888 tum
253 825 351 889 luisse
371 840 516 904 certum,
539 825 717 888 exercitum
733 845 867 912 quoque
882 847 1072 909 romanum,
1089 850 1170 894 cre·-

90 927 189 991 dibile
206 944 272 1009 cst;
287 929 362 1015 quia
380 926 442 989 sub
457 925 587 989 initium
607 925 675 1006 ejus
691 927 768 988 anni
786 922 991 1015 profligatum
1003 929 1039 991 iu
1053 930 1160 995 Sicilia

90 1029 230 1109 bellum,
250 1051 325 1092 cum
341 1028 482 1091 Cimbris
499 1045 574 1090 ante
589 1025 840 1091 linitum'fuerat
857 1050 864 1091 :
883 1051 956 1115 quae
969 1027 1038 1094 duo
1054 1030 1160 1120 impe*

90 1130 234 1194 dimenta
249 1154 306 1218 per
323 1131 447 1217 aliquot
462 1152 565 1192 annos
582 1129 690 1219 copias
706 1129 738 1190 in
752 1129 939 1215 Hispaniam
953 1129 1030 1193 duci
1047 1132 1160 1219 prohi-

90 1234 239 1297 buerant.
257 1233 340 1295 Novi
357 1231 476 1295 deiude
488 1230 611 1293 tribuni
624 1230 727 1318 plebis
741 1253 844 1317 quum
856 1231 1041 1314 inivissent,
1054 1235 1161 1298 acrius

89 1335 131 1398 de
149 1335 353 1399 revocatione
368 1333 488 1398 Metelli
498 1348 622 1411 actum;
641 1349 700 1395 ete
712 1333 811 1396 veteri
821 1331 957 1421 collegio
969 1347 1033 1396 tres
1045 1348 1159 1421 postu·

89 1437 144 1500 lati
167 1452 242 1500 sunt
259 1434 308 1500 :'e
327 1435 446 1522 quibus
469 1434 612 1498 damnati
627 1433 714 1516 duo;
731 1434 845 1499 tertius
866 1450 942 1498 ante
964 1436 1160 1499 sententiam

86 1538 234 1619 judicum
251 1560 360 1625 poenas
377 1535 475 1600 dedit.

134 1639 252 1702 XLIX.
270 1641 305 1701 C.
320 1637 494 1700 Canuleius
510 1634 780 1722 tribunusplebis
797 1635 884 1698 diem
899 1636 935 1700 P.
949 1636 1049 1700 Furio
1068 1635 1162 1700 dixe·

89 1757 161 1805 rat:
180 1739 237 1804 sed
254 1761 347 1803 reum
364 1737 518 1801 omuibus
536 1737 620 1800 notis
643 1735 857 1825 turpitudinis
878 1737 1057 1826 insignem,
1077 1761 1160 1826 prte-

90 1843 199 1907 sertim
217 1841 261 1904 ob
272 1840 392 1904 Metelli
407 1839 455 1903 Pii
471 1838 721 1914 contumeliam,
739 1862 776 1901 ea
793 1839 960 1904 concionis
971 1839 1093 1904 invidia
1108 1864 1163 1904 ex·

89 1946 191 2033 cepit,
204 1961 257 2024 ut,
272 1942 460 2032 priusquam
471 1938 578 2004 dicere
587 1962 717 2005 causam
727 1958 852 2028 posset,
866 1964 884 2004 a
898 1940 1028 2005 lucente
1037 1942 1161 2030 populo

90 2047 333 2134 discerperetur.
351 2047 389 2108 C.
405 2043 583 2124 Decianus,
606 2042 664 2131 qui
687 2042 787 2107 modo
805 2043 839 2106 iu
858 2044 1028 2109 tribunatu
1047 2045 1082 2108 L.
1094 2046 1161 2109 Va·

89 2148 206 2211 lerium
225 2149 377 2210 Flaccum
398 2144 524 2210 aedilem
546 2144 693 2209 curulem
719 2146 840 2209 frustra
863 2160 1088 2227 accusaverat,
1110 2146 1161 2211 vir

90 2249 180 2312 lactis
198 2250 371 2330 innocens,
391 2250 434 2313 ob
456 2248 553 2312 rerba
573 2247 721 2336 quaedam
745 2248 1004 2313 incommodiora
1027 2247 1162 2315 damne-

90 2367 142 2413 tus
157 2368 216 2417 est.
234 2354 264 2415 ls
281 2375 413 2440 quoque
432 2352 466 2416 P.
479 2351 614 2416 Furium
633 2368 854 2429 accusaverat3
877 2367 908 2414 et
924 2352 957 2413 in
976 2373 1012 2414 ea
1030 2353 1161 2417 actione

90 2450 130 2514 de
151 2469 256 2517 morte
278 2453 444 2517 Saturnini
469 2452 671 2532 interjecerat
695 2452 863 2540 querelas3
888 2449 1031 2538 ideoque
1052 2473 1159 2539 neque

89 2554 253 2620 damnavit
270 2579 380 2636 reum,
397 2572 431 2619 et
447 2555 515 2642 ipse
531 2555 658 2617 civitate
677 2555 790 2617 caruit.

133 2656 168 2719 L.
185 2655 339 2736 Ejusdem
352 2656 517 2718 Saturnini
529 2655 666 2718 infausta
677 2654 832 2716 memoria
842 2651 913 2715 Sex.
926 2653 1022 2717 etiam
1034 2653 1160 2720 Titium

89 2758 123 2818 in
140 2757 287 2818 exsilium
306 2757 395 2844 egit:
416 2754 472 2841 qui
489 2769 657 2817 accusatus
674 2754 717 2817 ob
737 2754 816 2833 alia,
840 2754 885 2817 M.
905 2755 1001 2817 etiam
1021 2757 1160 2821 Antonii

90 2855 277 2918 testimonio
290 2876 381 2917 reum
396 2869 569 2932 onerante,
586 2869 694 2917 tamen
709 2869 776 2918 crat
786 2874 957 2935 evasurus,
974 2878 1078 2943 quum
1091 2881 1160 2947 gra·

90 2955 192 3017 tiosus
207 2956 339 3044 Agraria
356 2956 442 3045 lege,
459 2971 521 3019 eta
535 2955 699 3043 plerisque
717 2956 874 3020 innocens
888 2956 1081 3040 haberetur3
1096 2961 1160 3025 nisi

89 3071 275 3143 propterea,
298 3055 389 3144 quod
406 3056 579 3144 imaginem
600 3056 634 3120 L.
652 3056 778 3145 Apuleii
801 3057 891 3121 domi
913 3058 1073 3141 habebat,
1089 3062 1159 3128 suf·

89 3158 196 3247 liagiis
208 3160 307 3222 totius
321 3159 488 3222 concionis
500 3174 583 3221 esset
598 3158 883 3246 oppressuslntcr
892 3159 961 3224 baec
970 3176 1036 3224 tarn
1047 3178 1159 3250 aperta

88 3261 248 3346 apuleiani
266 3261 408 3324 nominis
422 3258 515 3342 odia,
536 3260 577 3342 Q.
590 3259 733 3324 Calidius
751 3261 954 3350 rogationem
972 3261 1013 3328 de
1030 3264 1071 3347 Q.
1087 3264 1159 3330 Me·

89 3360 166 3424 tello
183 3363 368 3442 revocando
393 3361 552 3450 pertulit:
571 3385 669 3449 quarn
694 3386 763 3427 rem
782 3387 884 3452 prope
907 3387 966 3452 per
987 3366 1158 3431 biennium

89 3464 302 3527 concionibus
330 3464 484 3527 omnibus
508 3464 678 3552 agitatam,
707 3464 836 3527 tandem
864 3467 969 3531 victus
993 3490 1166 3533 consensu-

89 3562 225 3625 civitatis
239 3564 332 3627 Marii
352 3565 433 3630 livor
449 3565 640 3654 impugnare
657 3563 833 3630 destiterat.

132 3663 185 3728 LI.
203 3665 244 3728 Et
255 3667 414 3752 populum
428 3689 484 3731 sua
495 3682 612 3754 sponte
623 3666 656 3728 in
672 3665 814 3729 favorem
826 3666 993 3733 Numidici
1002 3692 1157 3757 pronum,

89 3787 203 3828 omnes
218 3766 339 3829 Metelli
353 3767 627 3855 Metellorumque
645 3766 755 3843 liberi,
774 3766 919 3831 sedante
932 3791 1047 3833 omnes
1063 3768 1158 3834 inde·

88 3870 170 3931 fessa
184 3869 385 3957 supplicandi
401 3867 567 3956 diligentia
581 3868 731 3932 Metellus
749 3867 827 3931 Pius
842 3868 1019 3955 plurimum
1035 3868 1158 3933 movit:

88 3968 114 4031 is
131 3968 230 4032 barba
244 3970 425 4058 capilloque
440 3970 603 4033 submisso
619 3970 651 4032 in
669 3967 800 4032 sordida
815 3985 904 4033 veste
918 3968 997 4033 lleus
1019 3970 1160 4033 circum·

86 4068 174 4150 ibat;
195 4069 295 4134 modo
308 4069 487 4152 Quiritium
506 4072 752 4151 universorum,
773 4070 872 4135 modo
888 4071 1093 4160 singulorum
1108 4072 1159 4135 in·
1260 4064 1266 4081 ⁸

121 4268 138 4335 5
152 4271 244 4319 xt1x.
257 4269 310 4318 Cic.
327 4285 373 4334 pro
387 4269 488 4327 Flacco,
504 4285 558 4335 cap.
572 4266 796 4328 323de0rnt.11,
813 4283 857 4328 rr,
870 4280 894 4317 et
908 4285 955 4334 pro
968 4268 1054 4319 nabit.
1068 4285 1122 4336 cap.
1132 4285 1157 4333 9.

88 4380 124 4391 -
138 4355 188 4402 Dio
202 4371 241 4419 ep.
251 4355 306 4402 val.
319 4380 353 4391 -
368 4352 476 4418 Appittu.
492 4381 519 4389 —
535 4354 589 4401 th.
608 4354 677 4401 Max.
688 4354 765 4407 vul.
780 4366 802 4409 r,
818 4367 842 4400 a.
862 4378 894 4389 -
909 4347 964 4417 31..
976 4352 1031 4400 vul.
1043 4354 1110 4401 Max.
1120 4353 1158 4413 V,

90 4452 120 4497 a,
134 4453 158 4496 7.
176 4466 206 4476 -
223 4442 298 4487 Auct.
314 4438 344 4487 de
355 4438 409 4487 Vir.
421 4438 455 4486 ill.
466 4455 520 4505 cap.
530 4439 573 4490 ⁶2.
586 4465 621 4478 -
634 4439 687 4489 cie.
698 4453 746 4503 pro
757 4437 839 4487 Plane.
854 4452 908 4501 cap.
918 4438 961 4486 28.

211 4537 270 4604 ῙΧ.
952 4530 995 4600 38
