2594 4980
133 738 202 822 264
303 741 370 807 JO.
397 741 739 812 FREINSHEMII
769 744 1015 815 SUPPLEM.

130 883 302 927 romanum
320 877 463 947 ceperat,
479 862 588 925 auxit:
606 863 720 951 respici
734 863 813 928 inde
827 862 869 929 ad
880 864 917 928 P.
933 863 1116 951 Scipionem
1128 887 1194 930 cor·

131 977 236 1050 ptum.
250 962 347 1025 Illum
362 984 459 1025 unum
470 986 491 1024 a
505 965 565 1026 diis
576 965 801 1031 immortalibus
814 966 923 1030 ducem
932 967 1053 1030 ennaea·
1067 965 1193 1048 dutum,

131 1067 190 1150 qui
201 1061 350 1151 dffct'lz'ee
369 1078 401 1126 et
408 1064 561 1150 pudenda
579 1064 662 1129 bello
677 1069 786 1131 canoro
805 1067 935 1131 tolleres.
953 1067 1006 1131 Sic
1024 1062 1196 1155 Carthagi-

130 1187 217 1242 nem,
233 1176 307 1252 post
324 1165 492 1228 maltorum
512 1168 733 1254 sinpemtonmt
750 1165 907 1256 infelices,
932 1170 1069 1232 omnium
1090 1171 1194 1232 irritos

128 1278 276 1338 conatus,
292 1289 355 1328 nou
371 1271 595 1348 antecessisse,
611 1289 708 1356 quant
726 1267 775 1332 ad
788 1272 958 1332 auretium
977 1290 1048 1335 cum
1065 1270 1195 1356 imperto

130 1371 240 1431 missus
261 1367 361 1455 Scipio
370 1367 472 1454 soret.
498 1367 602 1456 ldque
621 1386 688 1434 tem
703 1367 839 1433 firmiter
861 1368 1023 1432 mentibus
1043 1369 1191 1432 omnium

130 1469 258 1531 inhesit
272 1518 281 1552 ,
294 1486 331 1532 ut
342 1471 376 1532 in
386 1493 508 1533 annum
516 1485 705 1557 sequentem
714 1470 849 1535 minime
857 1469 978 1558 petenti
987 1470 1196 1534 eonsulrmm

128 1567 301 1635 deferrent.

165 1674 293 1767 iXXlV.
310 1674 439 1760 Quippe
450 1674 606 1752 comitiis,
618 1695 722 1760 quum
733 1673 841 1761 Scipio
852 1672 886 1735 in
899 1693 1048 1759 campum
1060 1670 1196 1735 descen-

130 1771 243 1850 disset,
260 1791 296 1837 ut
310 1777 351 1855 Q.
364 1776 389 1837 F
391 1776 500 1838 abiam
516 1778 694 1844 Buteonem
707 1775 815 1841 sistris
826 1773 928 1839 lilium
939 1774 1089 1839 tribubus
1101 1797 1194 1838 oom-

131 1874 299 1937 mendaret
316 1891 485 1961 quaesturae
499 1875 729 1956 candidatum,
745 1898 907 1940 consensu
918 1877 1066 1939 omnium
1080 1877 1197 1940 consul

130 1972 316 2062 designatus
341 1974 477 2037 domum
500 1974 605 2038 rediit.
624 1974 725 2055 Quod
744 1977 819 2064 quia
841 1992 954 2039 contra
974 1977 1059 2064 leges
1084 1992 1192 2040 actum

130 2074 310 2156 ridebatur,
333 2075 533 2162 rogationem
559 2073 600 2138 ad
621 2075 749 2163 plebem
772 2077 896 2143 tribuni
914 2076 1034 2156 tulere,
1053 2076 1102 2140 uti
1123 2076 1193 2166 lege

130 2174 172 2240 de
192 2177 428 2264 magistratibus
447 2199 513 2238 non
531 2176 685 2241 iterandis
697 2178 803 2265 Scipio
816 2178 1003 2241 solveretur.
1018 2177 1068 2241 lte
1085 2177 1194 2266 singu·

129 2277 188 2340 lari
217 2279 347 2341 virtutis
375 2278 562 2340 testimonio
589 2277 678 2342 solus
704 2277 870 2358 omnium,
895 2299 997 2364 quum
1024 2299 1192 2364 nunquam

128 2379 272 2467 petiisset
297 2379 520 2458 consulatum,
537 2378 587 2442 bis
608 2376 743 2466 adeptus
762 2393 832 2458 est;
852 2399 919 2440 non
938 2376 1192 2456 consuetudine,

129 2501 198 2542 non
216 2480 406 2567 scriptarum
424 2481 532 2567 legum
549 2493 706 2566 potestate
722 2476 764 2541 ad
778 2476 1005 2565 impediendos
1019 2477 1080 2541 viri
1089 2476 1193 2556 justis·

129 2579 229 2643 simos
252 2581 392 2645 honores
411 2582 487 2644 satis
502 2581 622 2651 salida.
643 2579 773 2668 Collega
788 2578 824 2641 ei
848 2577 978 2641 additus
1002 2579 1043 2659 Q.
1060 2578 1193 2642 Fulvius

129 2682 270 2745 Flaccus.
284 2683 324 2746 Hi
337 2706 439 2769 quum
453 2683 641 2771 magistratu
653 2681 735 2744 inito
749 2678 790 2744 de
804 2679 977 2767 provinciis
991 2680 1192 2761 retulissent,

128 2783 281 2871 Hispania
297 2800 329 2847 et
346 2786 449 2848 Sicilia
466 2783 655 2847 consulibus
671 2782 845 2871 provinciae
860 2781 996 2847 decretu
1009 2805 1018 2847 ε
1032 2804 1107 2846 nrm
1123 2782 1193 2846 Ma·

129 2883 271 2947 redoniae
285 2909 334 2948 res
347 2886 583 2972 tranquilliores
595 2906 654 2973 per
666 2886 865 2950 Cosconium
879 2886 1002 2951 effecca
1015 2901 1122 2966 erant,
1135 2885 1194 2975 qui

128 3003 247 3073 praetor
259 2987 443 3050 Scordiscos
457 2988 490 3048 in
505 2986 643 3051 Threcia
656 2987 796 3052 visast..

171 3089 275 3151 XXV.
297 3090 343 3150 Dc
364 3088 516 3175 Hispania
535 3087 698 3155 dubitatio
717 3111 784 3152 non
808 3089 883 3168 fuit,
900 3088 979 3174 quin
996 3086 1032 3149 P.
1048 3082 1191 3171 Scipioni

126 3204 215 3252 extra
230 3205 348 3251 sortem
365 3188 562 3254 traderetur:
579 3186 719 3263 Siciliam
736 3190 770 3251 C.
785 3189 920 3251 Fulvius
934 3184 1075 3274 accepit,
1086 3204 1191 3270 quum

126 3305 278 3376 praetores
295 3306 403 3352 ortum
422 3292 456 3353 in
480 3313 514 3354 ea
535 3289 773 3367 insulanervile
791 3288 911 3351 bellum
930 3287 1111 3376 opprimere
1131 3306 1190 3347 ne·

125 3389 320 3474 quivissent3
341 3413 413 3452 nam
437 3407 469 3454 et
490 3392 565 3454 Piso
588 3410 711 3475 nuper,
733 3405 766 3452 et
784 3388 884 3452 modo
903 3391 1061 3475 Hupsoeus
1077 3386 1191 3449 victis

124 3489 266 3575 fugitivis
277 3489 415 3554 lucrant.
428 3491 506 3569 Ejus
519 3489 677 3577 originem
691 3488 886 3576 initiumque
897 3490 973 3555 belli
984 3486 1190 3552 referendum

125 3610 194 3653 esse
208 3588 301 3670 duxi,
317 3609 354 3654 ut
368 3607 545 3671 constaret,
558 3591 684 3654 nullum
699 3612 768 3655 osse
782 3613 886 3680 genus
898 3592 1088 3670 hominum,
1103 3586 1192 3651 unde

124 3690 305 3776 periculum
326 3714 393 3755 non
411 3694 451 3755 sit
469 3691 566 3754 ctiam
582 3690 785 3768 validissimis
803 3693 965 3780 imperiis,
983 3693 1017 3755 ni
1037 3692 1079 3755 sit
1097 3691 1130 3754 in
1147 3690 1193 3753 le·.

124 3790 220 3877 gibus
237 3810 269 3856 et
285 3794 448 3871 moribus,
463 3791 552 3877 quod
568 3791 601 3855 in
619 3793 802 3880 reipublicae
815 3793 992 3882 perniciem
1006 3793 1096 3856 itura.
1108 3791 1189 3853 mala

124 3890 181 3955 diu
197 3910 271 3955 ante
288 3891 473 3979 providere,
493 3908 525 3955 et
539 3893 573 3954 in
591 3894 662 3981 ipso
678 3896 800 3957 semine
814 3896 998 3982 opprimere
1011 3894 1122 3981 possit.

167 3995 288 4057 XXVI.
306 3995 497 4080 Postquam,
519 3995 714 4060 hannibalioi
736 3996 811 4076 belli
834 3994 916 4076 fine,
937 3996 1039 4058 accisa
1058 3992 1189 4056 Cartba-

161 4226 176 4291 ς
191 4229 290 4275 xxm.
304 4227 411 4291 Appien.
426 4227 497 4290 Hisp.
510 4255 545 4264 -
558 4229 610 4278 Liv.
622 4230 687 4296 Eplt.
701 4257 737 4266 —
748 4230 852 4296 Eutrop.
864 4257 899 4268 -
907 4229 972 4277 velt.
987 4231 1025 4286 Π,
1040 4235 1064 4283 k.
1075 4254 1110 4264 -
1121 4225 1186 4272 Ποτ-

122 4313 162 4369 Π,
186 4313 225 4359 ιΒ.
238 4339 273 4347 -
286 4310 301 4374 S
316 4313 412 4358 XXIV.
427 4313 461 4357 U.
481 4313 508 4359 C.
523 4314 586 4370 6183
602 4315 634 4362 Λ.
648 4314 675 4362 C.
694 4315 795 4368 13l.-
809 4314 864 4363 vat.
880 4317 946 4362 Mox.
962 4314 1035 4366 vlu,
1056 4310 1100 4365 15,
1120 4317 1189 4363 i·-

121 4393 193 4439 oros.
202 4394 234 4450 V,
254 4395 524 4458 p.—Appian.—-Liv.
537 4396 705 4458 Epic-Cic.
716 4397 742 4445 in
755 4398 812 4445 Lat.
826 4413 881 4461 rap.
897 4398 922 4445 3.
931 4393 992 4461 -S
1005 4393 1089 4445 XXV·
1100 4392 1187 4440 Um·

123 4475 202 4540 cipit.
215 4503 249 4514 --
264 4478 315 4526 liv.
330 4479 395 4544 Epit.
406 4505 440 4515 -·
451 4479 505 4527 Vel.
520 4480 588 4528 Mox.
603 4481 652 4541 IX,
668 4481 694 4529 6.
707 4479 816 4530 -Flon
825 4480 936 4545 lib-18.
