2594 4980
180 731 234 815 'lo
358 732 424 799 JO.
451 728 793 800 FREINSHEMII
823 734 1069 803 SUPPLEM.

183 854 384 917 discederem
398 876 494 917 uriom
505 867 630 938 portem
644 853 780 933 jubens,
791 857 848 941 qui
858 854 1058 918 dirimendos
1073 870 1243 934 censerent,-

183 960 217 1019 in
227 956 378 1021 diversam
385 1002 396 1033 ,
412 957 469 1040 qui
476 952 673 1021 alta'omnzu.
688 955 740 1018 Sic
753 952 793 1019 ad
806 977 879 1033 eos,
894 955 951 1042 qui
961 954 1174 1021 absolvendos
1187 978 1244 1019 ne·

184 1073 351 1146 gaserant,
361 1057 399 1118 iis
410 1079 542 1144 quoque
554 1079 588 1119 se
599 1054 866 1145 adjungentibus,
878 1057 936 1144 qui
951 1055 1098 1120 dixerant
1114 1058 1148 1120 in
1166 1081 1244 1147 prae·

183 1159 283 1219 sentia
304 1157 508 1236 retinendos,
532 1158 584 1220 illa
603 1158 761 1222 sententia
784 1180 921 1221 numero
942 1159 1070 1222 vincere
1094 1159 1162 1223 visa
1186 1175 1242 1223 est.

183 1258 344 1322 Iudicium
364 1281 402 1322 eo
426 1276 571 1346 tempore
593 1259 627 1322 L.
648 1258 774 1322 Lentuli
793 1274 922 1340 actum,
946 1259 1002 1346 qui
1022 1260 1138 1323 consul
1159 1282 1244 1323 anno

184 1359 350 1444 superiore
372 1361 499 1423 fuerat:
518 1360 608 1445 isque
629 1359 798 1423 damnatus
815 1358 1067 1448 repetundarum
1085 1361 1156 1449 lege
1176 1363 1244 1425 Cae·

182 1458 254 1522 eilia
264 1507 273 1537 ,
285 1459 494 1548 postmodum
509 1475 616 1524 tamen
633 1460 674 1526 ad
690 1483 859 1550 supremos
876 1461 909 1524 in
921 1460 1087 1550 republica
1104 1463 1245 1527 honores

184 1559 342 1625 admissus
360 1578 417 1627 est.
920 1567 922 1570 ⁴

228 1664 381 1727 XXVIII.
396 1667 483 1728 Dum
497 1665 564 1728 haec
580 1666 691 1729 Romae
704 1681 857 1754 aguntur,
872 1665 907 1728 in
919 1665 1074 1753 HispanIa
1090 1688 1166 1730 cum
1180 1667 1245 1730 Lu·

182 1765 311 1846 sitanis,
330 1764 412 1828 duce
435 1767 556 1854 punico
578 1766 740 1855 quodam,
758 1790 851 1855 agros
874 1766 1038 1831 sociorum
1057 1784 1245 1843 nostrorum

182 1865 439 1949 incursantibus,
462 1869 660 1956 improspere
692 1866 881 1932 dimicatum
905 1883 962 1932 est.
992 1868 1166 1951 Manilius,
1191 1868 1246 1957 qui

182 1989 355 2031 romanum
386 1970 561 2033 exercitum
588 1968 743 2050 ducebat,
767 1969 877 2033 multis
901 1968 1024 2033 amissis
1051 1969 1244 2033 retrocessit.

180 2067 371 2135 Melioribus
384 2071 532 2158 auspiciis
549 2070 698 2134 consules
710 2071 743 2134 in
757 2070 930 2160 Liguribus
944 2086 976 2135 et
989 2070 1144 2135 DalmatIs
1156 2087 1245 2159 gesto

180 2168 285 2250 bello,
305 2171 509 2255 triumphum
529 2187 730 2234 meruerunt.
750 2172 891 2235 Clariora
908 2187 1017 2234 tamen
1033 2170 1069 2235 P.
1086 2171 1246 2258 Scipionis

180 2286 250 2333 acta
266 2285 361 2350 sunt,
374 2270 448 2356 qui,
459 2270 607 2333 coniecto
620 2270 705 2333 bello
718 2271 1113 2359 dalmatico,provineiam
1127 2295 1245 2336 novam

181 2370 297 2450 adjecit
306 2371 453 2457 imperio.
466 2364 625 2434 Maximus
638 2371 708 2434 hoec
721 2372 829 2460 agenti
843 2371 935 2436 labor
947 2373 1029 2436 circa
1044 2373 1245 2437 Delminium

182 2473 260 2553 fuit,
278 2480 380 2560 quam
393 2472 535 2535 relictam
555 2496 574 2535 a
590 2474 625 2536 C.
645 2472 767 2536 Marcio
785 2495 864 2561 gens
882 2473 1101 2537 Dalmatarum
1120 2474 1246 2538 instau-

181 2590 323 2654 raverat,
333 2589 565 2660 contractoque
575 2596 614 2638 ex
623 2574 712 2638 omni
722 2575 854 2662 regione
864 2572 943 2638 llore
949 2576 1144 2655 juventutis,
1156 2600 1246 2640 acer·
1262 2604 1270 2629 r

180 2676 263 2739 nme
282 2698 342 2764 pro
360 2697 397 2738 ea
411 2675 647 2765 propugnabat.
663 2674 758 2739 Unde
770 2676 901 2754 consul,
915 2673 1103 2739 difficultate
1114 2677 1162 2738 rei
1176 2699 1247 2766 per·

182 2792 290 2864 cepta,
303 2775 478 2839 exercitum
493 2775 561 2839 aliis
573 2798 686 2839 eorum
701 2773 828 2865 oppidis
843 2775 1015 2841 admovere
1031 2776 1145 2866 coepit:
1160 2793 1194 2840 at
1204 2778 1245 2860 ii,

182 2900 323 2966 quorum
336 2900 371 2941 ea
381 2876 501 2965 oppida
513 2893 621 2958 crant,
637 2878 758 2964 omisso
774 2877 927 2941 Delminii
946 2875 1114 2965 praesidio,
1128 2877 1171 2941 ad
1187 2900 1247 2942 sua

181 2975 318 3068 quisque
335 2979 470 3044 tutanda
485 2995 705 3067 accurrerunt.
723 2979 773 3042 Ibi
796 2995 867 3043 tum
884 2979 1070 3060 Romanus,
1093 2979 1247 3067 protinus

180 3082 220 3146 ad
240 3082 438 3146 Delminium
455 3083 553 3169 raptis
571 3082 688 3169 copiis,
705 3081 820 3145 urbem
836 3080 945 3169 inopia
961 3096 1245 3168 propugnatorum

180 3183 380 3247 laborantem
392 3183 476 3246 facili
487 3184 617 3271 negotio
632 3182 755 3272 redegit
766 3183 799 3244 in
814 3197 1018 3270 potestatem.
1037 3182 1245 3270 Imperatoris

181 3302 320 3361 nomen,
335 3304 437 3368 quum
451 3280 492 3344 de
506 3304 596 3344 more
609 3305 628 3345 a
642 3282 799 3345 militibus
813 3284 1021 3347 acclamatum
1035 3298 1136 3363 esset,
1149 3305 1246 3347 recu·

181 3382 279 3462 savit,
299 3381 432 3468 parique
448 3380 565 3445 deiude
582 3382 740 3447 modestia
755 3383 976 3471 triumphum,
989 3405 1008 3444 a
1021 3396 1136 3445 senatu
1152 3382 1245 3445 obla·

181 3497 269 3561 tum,
285 3483 338 3545 vix
353 3482 485 3569 accepit.
508 3481 603 3546 Multi
626 3506 665 3547 eo
689 3484 775 3549 bello
795 3487 1014 3549 Dalmatarum
1035 3483 1119 3570 capti
1144 3502 1245 3565 sunt,

181 3607 263 3672 quos
280 3583 314 3645 in
331 3583 517 3646 servitutem
534 3585 648 3648 consul
663 3585 819 3650 vendidit.
837 3584 1053 3664 Delminium,
1065 3604 1137 3668 quae
1153 3584 1245 3672 prius

180 3686 259 3749 urbs
273 3685 377 3772 ampla
391 3685 513 3767 fuerat,
526 3686 692 3775 exiguam,
705 3687 877 3775 solumque
887 3684 998 3774 pecori
1013 3705 1173 3772 pascuum
1191 3707 1245 3748 re·

180 3785 277 3873 degit.

225 3887 347 3949 XXIX.
358 3887 525 3950 Venerunt
539 3886 656 3952 deinde
672 3911 784 3952 rursus
800 3887 840 3950 ab
858 3885 980 3950 Acboeis
997 3886 1092 3975 legati
1103 3887 1246 3966 ,anima-

180 3989 220 4052 tis
243 3988 389 4076 priorum
408 3989 582 4071 relatione,
599 3991 656 4077 qui
678 3990 826 4078 proxime
846 4002 993 4075 optatum
1018 3986 1116 4051 finem
1137 3987 1244 4052 addu-

213 4234 229 4299 s
246 4236 355 4284 XXVII.
368 4236 423 4283 Val.
433 4237 500 4286 Max.
506 4239 555 4295 VI,
566 4251 595 4299 9,
608 4250 646 4282 ro.
655 4261 690 4271 —
701 4233 717 4299 5
727 4235 851 4283 XXVIII.
862 4233 968 4297 Appiam
978 4230 1106 4296 ntspanic.
1118 4256 1154 4267 -
1165 4230 1242 4279 Diod.

176 4317 228 4365 uel.
237 4319 342 4376 XXXI,
357 4319 372 4365 5
375 4354 381 4367 .
390 4346 425 4354 -
433 4320 497 4367 Fasti
511 4318 617 4383 Capitol.
627 4345 663 4355 -
675 4316 762 4381 Polyb.
776 4320 840 4374 XII,
852 4318 876 4364 3.
886 4343 921 4353 -
930 4319 1014 4363 Front.
1024 4317 1097 4363 strat.
1108 4315 1160 4372 111,
1171 4315 1197 4361 6.
1207 4341 1244 4349 -

177 4401 250 4448 Aust.
262 4400 294 4448 dc
302 4402 369 4450 Viris
386 4401 534 4461 illustribus,
550 4418 604 4467 cap.
618 4408 659 4456 tt.
672 4426 707 4437 -
720 4402 806 4449 Zonar.
823 4425 858 4438 -·
873 4398 952 4448 strab.
967 4394 1011 4445 lib·
1023 4396 1081 4446 vu.
1099 4422 1136 4433 -
1151 4395 1241 4460 Polyb.

177 4483 290 4547 Excerpt.
305 4487 387 4548 Legat.
401 4487 458 4533 130.
