2594 4980
265 719 318 787 rn
350 718 465 786 noc.
492 718 586 784 ms.
614 718 787 785 nxxnr
816 715 1032 786 ervum.
1106 714 1180 812 6⁸7

109 839 323 905 narbonensis
351 838 525 928 provinciae
549 840 668 925 proetor
691 836 736 902 M.
762 839 862 918 Cato,
889 836 957 916 ejus
980 836 1026 902 M.
1048 839 1180 904 Catonis

110 942 214 1021 iilius,
233 940 291 1028 qui
305 940 420 1003 consul
433 939 466 1002 in
483 938 590 1005 Africo
608 955 746 1014 mortem
764 938 907 1020 obierat,
927 962 1033 1027 nuper
1047 958 1114 1005 erat
1132 941 1180 1006 ibi

109 1043 173 1106 vita
188 1046 329 1106 iunctus.
346 1040 410 1106 Sed
425 1065 443 1105 a
460 1042 495 1104 C.
514 1039 641 1104 Caecilio
658 1041 835 1128 compressi
851 1055 930 1105 sunt
944 1063 952 1104 :
967 1064 1027 1105 uec
1042 1043 1124 1106 ultra
1138 1042 1182 1108 de

109 1145 183 1209 belli
201 1145 270 1225 ejus
286 1144 378 1207 initio
392 1159 450 1209 aut
462 1141 526 1206 fine
541 1143 703 1232 comperi,
723 1165 830 1231 neque
846 1165 923 1206 vero
941 1143 1014 1230 quis
1034 1145 1179 1209 Caecilius
1275 1126 1278 1140 ⁸

110 1248 162 1310 ille
178 1247 293 1325 fuerit„
316 1245 392 1309 satis
415 1245 502 1324 sci03
520 1243 582 1307 nisi
599 1242 691 1332 quod
706 1246 743 1308 C.
764 1243 897 1309 Metello
916 1245 1070 1331 Caprario
1088 1246 1180 1334 geni·

111 1361 180 1406 tum
195 1345 384 1432 suspiceris,
399 1343 484 1408 etad
499 1345 588 1408 hunc
603 1343 764 1432 pertinere
776 1353 919 1409 veterem
934 1344 1181 1433 inscriptionem

110 1462 221 1532 putes,
237 1470 334 1534 qnam
348 1448 385 1511 C.
397 1446 525 1509 Caecilio
539 1447 575 1509 C.
591 1445 626 1508 F.
642 1445 773 1509 Metello
788 1444 974 1534 imperatori
988 1445 1108 1526 Italici,
1123 1446 1182 1534 qui

112 1549 205 1635 Argis
221 1545 486 1636 negotiabantur,
500 1562 691 1635 posuerunt.
707 1546 904 1634 Opportuna
918 1562 1044 1629 tamen,
1058 1570 1124 1610 non
1139 1547 1182 1612 ad

111 1670 251 1734 praesens
266 1648 366 1712 modo
382 1646 556 1737 gaudium,
570 1646 628 1710 sed
640 1648 673 1710 in
689 1668 850 1711 summam
863 1647 927 1728 rei,
945 1646 1078 1710 victoria
1095 1647 1181 1712 fuit:

111 1771 183 1835 quae
203 1749 263 1812 nisi
281 1765 434 1812 nutantes
449 1747 572 1835 ubique
589 1747 731 1813 civitates
746 1747 780 1811 in
796 1745 858 1811 fide
872 1748 1074 1831 retinuisset,
1092 1748 1181 1813 haud

112 1849 215 1912 multo
245 1849 346 1912 levius
371 1871 560 1913 exarsurum
586 1848 619 1912 in
650 1838 752 1913 Gallia
779 1846 901 1913 bellum
928 1850 1055 1932 fuerat,
1081 1873 1181 1939 quarn

111 1953 208 2038 paulo
226 1949 496 2015 ante-conflatum
511 1951 545 2014 in
561 1951 650 2015 Italia
666 1950 756 2015 saevis
773 1952 928 2039 utrinque
944 1951 1089 2017 cladibus
1107 1975 1182 2041 age-

111 2053 216 2117 batnr.

145 2242 162 2306 s
181 2243 257 2289 va.
277 2242 354 2305 agen.
374 2243 450 2301 xm,
472 2244 510 2290 rt.
531 2270 565 2279 -
582 2241 635 2289 biv.
650 2241 716 2305 Epit.
730 2269 765 2278 -
776 2241 925 2306 Glindorpii
941 2221 1069 2290 Onomast.
1082 2270 1117 2278 —
1131 2241 1179 2291 Ins.

110 2325 227 2378 mlv.
245 2341 275 2371 ιο
287 2336 311 2372 et
324 2340 391 2388 seqq.
