2594 4980
357 737 411 805 IN
439 735 551 804 LOC.
576 736 669 803 LlB.
696 734 778 803 LVI
807 735 1021 806 LlVlANI.
1148 733 1219 807 265

159 855 353 945 giniensium
374 854 537 943 potentia,
555 868 589 917 et
609 854 693 918 intra
713 875 805 916 suam
825 853 965 917 Africam
986 853 1145 936 cohibita,
1160 876 1221 943 per

159 980 261 1022 annos
277 958 378 1020 ferme
396 955 556 1044 sexaginta
572 955 685 1020 Sicilie
704 955 909 1042 tranquillam
924 977 1054 1043 pacem,
1069 972 1166 1042 atquc
1184 957 1219 1021 in

158 1060 351 1124 fertilissima
371 1059 475 1122 insula
497 1079 625 1135 securas
647 1079 725 1144 opes
745 1057 892 1144 reliquit,
915 1074 948 1120 et
968 1058 1096 1120 romani
1117 1058 1219 1142 circs,

158 1162 214 1248 qui
230 1158 396 1223 latifundia
412 1158 457 1223 ibi
473 1157 697 1246 possidebant,
710 1173 743 1221 et
755 1158 937 1222 Siculorum
950 1159 1064 1240 multi,
1079 1160 1220 1227 auctain

158 1265 353 1325 immensum
369 1284 403 1324 re
422 1261 586 1342 familiari,
601 1260 774 1323 maximam
792 1281 959 1323 servorum
976 1259 1220 1325 multitudinem

158 1362 303 1451 undique
321 1385 468 1427 coemere
486 1378 672 1450 coeperunt:
690 1384 745 1425 eos
762 1361 847 1453 notis
864 1360 1048 1424 crudeliter·
1058 1382 1219 1449 compun-

158 1480 226 1526 ctos
249 1463 290 1527 ad
313 1464 398 1527 varia
422 1463 597 1526 ministeria
619 1461 842 1543 destinabant,
860 1462 1062 1525 validissimis
1083 1462 1219 1549 quibus·

158 1586 239 1650 que,
263 1581 295 1627 et
316 1566 456 1644 juventae
483 1565 601 1628 robore
625 1562 836 1644 florentibus,
857 1562 898 1626 ad
923 1585 1040 1650 pecora
1060 1563 1220 1652 pascenda

157 1664 317 1752 ablegatis.
335 1665 376 1729 Hi
393 1687 496 1751 quum
513 1666 554 1729 ab
573 1665 761 1729 hominibus
780 1664 928 1752 superbis
948 1680 982 1728 et
1000 1666 1119 1745 avaris,
1135 1665 1220 1729 inter

157 1764 344 1828 durissimos
355 1766 497 1846 labores,
509 1760 649 1829 famelici
656 1765 802 1852 nudique
812 1766 1019 1845 haberentur,
1030 1765 1220 1831 necessitate

156 1867 230 1929 victi
247 1866 287 1929 ad
304 1867 468 1930 latrocinia
486 1867 781 1931 convertebantur:
801 1883 902 1953 utque
916 1887 1058 1954 magnus¹
1069 1881 1136 1928 erat
1152 1887 1220 1953 pas·

156 1968 216 2030 sim
238 1967 439 2055 perditorum
462 1991 634 2048 numerus,
655 1969 745 2034 brevi
763 1967 903 2033 cedibus
922 1984 954 2031 et
969 1968 1088 2056 rapinis
1108 1966 1225 2039 omnia,

156 2068 371 2154 complebant.
395 2068 438 2131 Et
455 2070 658 2133 conabantur
676 2069 807 2156 quidem
826 2070 953 2134 obviam
973 2070 1020 2132 ire
1041 2085 1220 2156 praetores,

156 2166 212 2230 sed
226 2184 315 2230 metu
330 2167 553 2250 dominorum,
566 2173 688 2235 etiamsi
703 2170 991 2258 deprehendissent
1004 2187 1129 2248 sontes,
1141 2191 1219 2257 sup·

156 2268 250 2354 plicio
268 2291 334 2330 non
351 2268 512 2334 audebant
527 2270 664 2337 afficere.

199 2368 334 2433 XXVII.
347 2368 446 2449 Quod
460 2371 548 2433 enim
561 2370 711 2450 jamtum
729 2374 764 2435 in
781 2397 881 2438 manu
898 2393 1110 2442 romanorum
1124 2372 1217 2463 equi·

157 2484 225 2532 tum
237 2469 358 2547 judicia
371 2486 475 2551 erant,
486 2472 620 2558 ejusque
633 2473 755 2537 ordinis
770 2474 919 2538 homines
933 2475 1050 2538 multos
1064 2474 1098 2536 in
1112 2471 1218 2537 Sicilia

155 2567 289 2648 fundos,
306 2592 520 2658 magnamque
536 2572 600 2635 vim
619 2574 822 2637 servitiorum
839 2575 1047 2655 obtinebant,
1063 2573 1219 2641 verebare.

154 2684 209 2731 tur
225 2671 445 2757 magistratus,
462 2694 504 2735 ne
517 2688 593 2760 post
607 2690 781 2759 praeturam
797 2696 932 2761 quoquo
945 2673 1045 2738 modo
1059 2676 1216 2755 accusati,

154 2771 194 2833 ab
216 2772 348 2835 infensis
370 2773 551 2853 judicibus,
575 2774 672 2836 etiam
696 2774 885 2837 innocentes
909 2774 1215 2845 condemnarentur.

154 2872 212 2934 His
229 2871 323 2934 rebus
340 2871 452 2951 fiebat,
471 2889 509 2934 ut
529 2874 564 2935 in
580 2871 649 2936 dies
668 2873 768 2961 magis
792 2875 957 2961 magisque
979 2875 1217 2941 convalesceret

153 2971 395 3036 latrociniorum
419 2973 612 3060 impunitas,
627 2971 758 3059 jamque
782 2995 848 3037 non
874 2972 973 3037 modo
1001 2974 1136 3062 singulis
1159 2992 1217 3041 aut

154 3075 263 3161 paucis
276 3076 452 3138 viatoribus
470 3073 584 3138 fierent
597 3073 737 3154 insidiae,
752 3075 976 3139 verumetiam
994 3076 1075 3139 villae
1092 3098 1214 3164 paupe·

152 3177 294 3255 riorum,
312 3194 413 3240 noctu
428 3193 636 3264 expugnatae,
654 3200 729 3240 cum
749 3176 834 3241 caede
854 3177 1072 3242 resistentium
1092 3175 1215 3267 diripe·

152 3295 275 3343 rentur.
296 3279 443 3342 Pastores
463 3279 551 3341 enim
572 3279 667 3342 clavis
687 3295 719 3342 et
739 3278 857 3342 lanceis
873 3280 1006 3360 armati,
1029 3294 1063 3342 et
1077 3300 1216 3366 corpora

151 3379 271 3465 lupinis
298 3381 516 3468 aprugnisque
542 3380 680 3467 pellibus
705 3382 802 3461 tecti,
829 3381 917 3444 haud
943 3382 1059 3469 procul
1085 3379 1215 3446 militari

152 3481 271 3567 specie,
288 3497 442 3544 terrorem
459 3479 659 3545 incutiebant
675 3482 761 3564 aliis,
776 3482 836 3570 ipsi
853 3482 938 3545 inter
953 3504 1021 3545 sese
1038 3483 1109 3545 visu
1124 3504 1214 3570 aspe-

152 3595 288 3665 ctuque,
305 3596 338 3643 et
353 3582 587 3668 impunitorum
605 3581 787 3647 facinorum
803 3582 974 3663 memoria,
990 3581 1211 3655 firmabantur.

195 3683 347 3747 XXVlll.
366 3681 569 3747 Accedebant
582 3685 813 3748 acerrimorum
826 3706 943 3747 canum
957 3685 1101 3772 agmina:
1115 3701 1214 3772 atque

149 3780 217 3866 ipsa
232 3783 397 3863 ciborum,
411 3785 548 3870 vitaeque
561 3783 622 3847 sub
636 3783 692 3847 dio
704 3783 836 3872 agendte
849 3800 978 3866 natura,
989 3784 1121 3853 eosdem
1133 3784 1213 3849 effe·

149 3882 240 3949 rabat
248 3885 386 3964 animis,
399 3902 432 3947 et
446 3885 638 3972 corporibus
653 3884 695 3948 ad
712 3885 843 3972 quosvis
857 3886 982 3950 labores
998 3886 1102 3951 robur
1113 3884 1217 3953 adde·.

149 3981 215 4050 bat.
234 3987 301 4049 flac
318 3985 483 4074 disciplina
503 3989 683 4072 perfectum
699 3987 830 4052 tandem
846 4004 914 4069 est,
931 4006 1088 4080 utquam
1106 4010 1213 4077 neque

150 4086 297 4164 numeri,
315 4109 375 4150 nec
389 4086 531 4152 audaciae
547 4105 580 4151 et
593 4089 712 4151 virium
728 4090 915 4176 poeniteret,
931 4090 1137 4156 clandestinis
1153 4112 1212 4178 per

149 4187 351 4251 occasionem
376 4189 546 4276 colloquiis
570 4189 612 4254 de
634 4190 827 4259 vindicanda
852 4194 997 4257 libertate
1021 4191 1211 4279 cogitarent

182 4379 307 4443 ΠΜ.
321 4382 393 4430 Diod.
408 4382 475 4447 apud
490 4383 561 4432 Pbot.
572 4395 596 4432 et
609 4384 691 4433 Valet.
701 4385 745 4434 lib.
757 4388 881 4437 xxxiv.
897 4414 930 4424 κ-
947 4388 1009 4435 Flor.
1022 4413 1057 4425 -
1070 4386 1087 4453 s
1099 4386 1207 4458 um.

146 4461 222 4510 Diod.
231 4465 297 4528 apud
308 4467 379 4515 Pbot.
389 4478 415 4515 et
422 4467 503 4516 Vales-
512 4494 547 4507 -
558 4469 611 4518 cic.
620 4479 706 4518 contra
715 4469 825 4519 Rullum.
