2594 4980
1041 472 1045 479 ι

263 729 319 802 ru
349 729 462 798 noc.
487 729 583 796 mn
610 672 739 831 nntx
767 701 981 805 ‘nivinus
1107 739 1149 810 81

123 875 240 941 pmnnm
262 874 320 916 sex
346 849 488 915 millibus
510 850 608 938 paulo
628 850 766 939 amplius
787 851 975 939 distantem,
998 859 1076 927 odio
1098 885 1155 929 su.

122 955 197 1042 pube
213 942 446 1018 dominationis
470 953 505 1015 in
531 967 677 1040 tempore
701 949 901 1043 detegendo,-
921 978 1032 1023 rerum
1047 965 1155 1051 puni.

122 1077 201 1119 urum
218 1055 471 1120 imbecillitatem
498 1053 722 1140 desperatione
745 1077 805 1119 sua
829 1056 1021 1144 prodidisse.
1044 1064 1156 1132 Romae

122 1157 203 1232 etiam,
217 1172 370 1245 tanquam
384 1170 472 1218 cette
490 1153 639 1218 etfacilis
656 1154 798 1220 victoriae
815 1179 929 1234 omen,
948 1179 1079 1250 accepta
1096 1167 1154 1232 de.

122 1253 178 1319 ditio
189 1272 237 1322 est
254 1258 373 1345 Neque
385 1255 506 1326 diutius
523 1278 648 1320 moram
665 1272 793 1321 nectere
805 1260 955 1323 consules
967 1262 1063 1347 jussi,
1079 1290 1156 1355 prae·

121 1356 208 1440 paratis
223 1359 375 1428 omnibns
390 1357 570 1445 Lilybaeum
589 1356 832 1437 transjecerunt.
850 1361 885 1424 L.
901 1360 1025 1428 Marcio
1047 1369 1154 1435 classis

122 1473 253 1523 evenerat:
267 1458 451 1547 pedestrem
463 1458 640 1523 exercitum
653 1457 708 1524 Μ’.
724 1459 877 1523 Manilius
893 1464 1047 1533 sortitus:
1064 1473 1157 1558 equi·

123 1569 171 1619 tun
184 1575 314 1645 quatuor
332 1575 425 1623 erant
441 1559 556 1640 millia,
575 1558 723 1646 pediturn
739 1561 923 1650 octoginta,
941 1565 1024 1631 lecta
1036 1569 1156 1649 juven.

123 1659 256 1746 usqum
270 1658 313 1724 ad
325 1660 461 1724 uberem
478 1661 661 1747 claramque
680 1659 827 1726 militiam
843 1663 964 1729 civium
977 1669 1156 1738 sociorum·

122 1777 166 1841 qne
180 1762 314 1826 maximae
338 1762 440 1851 copiae
460 1777 708 1843 concurrerant,
730 1763 893 1852 plerisque
914 1767 1001 1833 ultro
1020 1775 1154 1840 nomina

122 1860 245 1934 unum.
263 1869 326 1934 Hie
342 1868 501 1932 exercitus
516 1867 809 1955 quinqueremibus
826 1871 1079 1963 quinquaginta,
1092 1880 1153 1946 he.

121 1962 204 2033 nioliis
217 1985 364 2050 centum,
377 1968 572 2050 vehebatur3
584 1967 744 2056 aphractis
760 1985 927 2056 praeterea,
943 1991 976 2039 et
990 1980 1154 2068 cercuris,

120 2070 289 2133 etonerariis
311 2070 492 2158 permultis.
515 2068 712 2134 Consulibus
734 2085 859 2134 secreto
883 2075 1090 2164 mandatum,
1114 2108 1154 2150 ne

120 2186 181 2250 quem
190 2168 395 2256 belhflnem,
412 2172 474 2234 nisi
486 2171 594 2234 dimna
609 2170 801 2258 Carthagine,
808 2218 819 2251 ,
825 2169 988 2261 facerent.

149 2265 199 2337 Vll.
212 2275 337 2336 Interea
352 2269 442 2335 domi
457 2271 594 2352 animis,
614 2287 652 2335 ut
671 2272 704 2334 in
722 2294 1040 2361 magnas-umrerurn
1056 2307 1151 2352 exor.

119 2363 161 2431 diis
171 2388 417 2454 consueverunt,
436 2372 476 2437 ad
490 2372 684 2461 religionum
699 2395 809 2438 curam
822 2377 940 2461 versis,
958 2379 1150 2472 decemviri,

117 2466 180 2544 justu
199 2491 324 2540 senatus
344 2474 435 2539 libris
452 2472 610 2562 sibyllinis
626 2473 742 2556 aditis,
764 2497 804 2539 ex
819 2475 858 2539 iis
876 2477 1066 2568 ediderunt,
1082 2490 1157 2556 Diti

115 2576 176 2653 paor·
190 2573 450 2666 ludossacendos
465 2574 514 2638 ad
535 2574 699 2638 Terentwu
718 2575 798 2662 (loci
821 2576 862 2640 ad
882 2579 1042 2667 Tiberim,
1061 2587 1151 2656 hand

119 2680 199 2755 procul
212 2680 318 2760 Urbe,
332 2701 453 2742 nornen
471 2676 557 2764 est),
578 2675 686 2766 quales
702 2691 776 2741 ante
792 2682 988 2746 centesimum
1004 2709 1126 2755 annum
1135 2741 1146 2773 ‚

109 2769 235 2860 flegmate
243 2783 350 2871 pruno
368 2778 474 2858 bello,
480 2781 599 2868 punico
616 2776 764 2841 celebrati
767 2777 916 2864 fuerant.
940 2784 1016 2850 Haec
1036 2794 1147 2858 omnia

118 2891 188 2957 (Istum
202 2883 476 2973 Carthaginienses
491 2879 579 2945 idem
595 2880 729 2943 nuntius
741 2878 921 2964 docuisset,
934 2886 991 2971 qui
1006 2904 1038 2951 et
1051 2913 1146 2958 sena·

117 2962 317 3050 mummium
331 2983 408 3048 belli
420 2981 600 3064 indicendi,
611 2995 644 3043 et
654 2979 786 3043 classem
795 2978 861 3059 jam
872 2984 1050 3069 profectam
1062 3007 1150 3056 astu..

117 3076 182 3167 letat3
193 3092 333 3156 maximis
344 3091 379 3155 in
391 3089 546 3178 angustiis
555 3087 740 3168 constituti,
753 3088 921 3175 quomodo
931 3097 1144 3177 praesentibus

117 3195 261 3275 lemnon,
284 3190 534 3256 deliberabant:
558 3189 599 3255 ad
620 3189 743 3253 bellurn
770 3205 862 3252 erant
885 3191 1143 3280 imparatissimi:

115 3300 192 3369 ‘quis
209 3292 413 3358 conditiones
436 3292 522 3381 pacis
545 3314 659 3356 ornnes
685 3289 919 3378 desperabant3
946 3318 987 3359 ne
1015 3299 1142 3389 iniquas

115 3389 210 3470 quidem
225 3399 428 3464 Uticensium
444 3399 565 3462 factum
581 3398 773 3484 reliquerat,
789 3420 808 3460 a
824 3399 944 3484 quibus
964 3411 1140 3493 praeventi,

115 3486 204 3558 eti²111si
216 3500 330 3563 urbem
347 3498 521 3580 dederent,
539 3521 653 3586 pamm
672 3497 814 3577 habituri
829 3502 937 3586 gratia>
953 3503 994 3566 ad
1010 3529 1141 3593 prome-

114 3591 210 3663 rendam
220 3599 470 3665 misericordiam
483 3599 686 3664 ridebantur.
698 3599 775 3661 Post
787 3599 904 3664 multas
913 3621 1050 3670 secretas
1063 3632 1141 3674 con·

113 3687 278 3783 triusianos,
298 3702 487 3781 consilium,
511 3699 601 3787 quod
625 3700 693 3787 ipsa
717 3700 906 3763 neccessitas
927 3709 1139 3795 suggerebat,

114 3797 205 3881 tenuit,
224 3803 404 3891 delectique
416 3819 496 3866 'suut
510 3825 549 3865 ex
566 3800 764 3889 primoribus
781 3800 927 3888 triginta,
942 3806 1140 3889 quibuslibet

112 3896 315 3969 tonditonibus
334 3927 447 3992 pacem
463 3903 665 3990 impetraturi
687 3924 694 3965 :
718 3922 816 3987 quem
831 3900 872 3963 ad
890 3899 987 3967 finem
1004 3907 1138 3977 liberam

111 3989 143 4053 eis
153 4006 263 4089 agendi,
275 4030 348 4095 quae
360 4030 400 4070 ex
413 4029 476 4071 usu
492 4005 624 4093 publico
636 4002 834 4083 viderentur,
852 4018 1044 4089 potestatem
1058 4035 1139 4076 con·

134 4189 189 4254 ΠΙ.
200 4207 299 4272 Appius.
308 4235 346 4245 —
359 4209 411 4256 Lis.
423 4207 488 4272 llpit.
501 4234 536 4244 -—
548 4205 637 4271 Polyb.
649 4207 709 4254 Exc.
721 4207 804 4269 Legat.
815 4213 871 4260 tta.
887 4232 920 4241 -
938 4207 1017 4256 Strab.
1027 4210 1044 4259 l.
1056 4214 1136 4265 ΠΗ,

110 4297 135 4307 “
144 4278 227 4337 ὓίοᾶοῐ.
236 4293 299 4357 apud
312 4293 382 4339 rutv,
391 4293 447 4341 Urs,
461 4318 496 4328 -
506 4289 523 4355 s
536 4290 593 4338 v11.
606 4290 695 4336 Zosim.
709 4288 752 4338 lib.
767 4292 800 4339 ll.
817 4316 852 4324 -
861 4288 917 4336 Vel.
932 4292 999 4339 Max.
1011 4295 1048 4354 ΙΙ,
1059 4304 1085 4351 4,
1101 4327 1136 4337 -.

110 4353 206 4414 7οη».-
215 4375 262 4423 Liv,
272 4378 339 4440 Epis,
348 4402 384 4413 -
395 4374 502 4439 Appias.
516 4402 551 4411 -
564 4373 652 4439 Polyb.

183 4471 236 4538 rt.
941 4469 965 4539 6
