2594 4980
21 27 1128 344 Ι-

120 696 186 777 rho
291 697 360 762 JO.
387 694 726 769 FREINSHEMII
755 693 998 763 SUPPLEbl.

114 811 282 901 quendum
302 811 421 878 delecta
427 815 620 904 ,regionem
640 813 857 903 Carthaginis,
875 834 949 929 qum
964 811 1092 901 Megara
1106 832 1128 875 ιι

115 914 258 993 eabatur,
274 931 322 977 est
342 914 485 979 adortus.
503 917 635 980 Diversa
655 916 733 979 hinc
752 913 840 1005 apud
855 914 1028 1003 scriptores
1049 912 1128 978 tradit

116 1031 186 1079 est:
201 1015 270 1096 alii,
287 1016 437 1080 Pisonem
446 1040 528 1105 ,qtn
520 1015 643 1082 modo
659 1016 774 1080 consul
791 1016 912 1097 fuerat,
928 1037 1005 1079 cum
1020 1021 1128 1104 pariet

115 1117 241 1205 piarum
263 1117 304 1182 ad
328 1141 428 1182 unam
448 1135 615 1207 portarum
634 1119 829 1198 constitisse,
847 1132 1005 1183 narrant:
1026 1115 1067 1180 ad
1082 1114 1128 1179 al'n

116 1218 233 1283 deinde
250 1221 346 1310 longe
364 1219 537 1285 distantem
549 1221 686 1285 validam
702 1221 780 1284 item
795 1241 929 1283 manum
941 1216 1128 1297 objectamti

116 1343 188 1386 sum
198 1321 382 1408 Scipionem
393 1323 477 1386 intra
492 1324 607 1387 moenia
621 1323 859 1410 transfugarum
869 1318 974 1384 ductu
981 1332 1128 1409 penetrata

116 1446 252 1512 eosque,
265 1425 322 1513 qui
335 1441 409 1489 ante
421 1442 530 1514 portas
541 1424 805 1514 opperiebantur,
818 1421 959 1485 effractis
968 1420 1128 1485 elausniu

117 1526 250 1590 misisse.
268 1528 445 1608 Caeterum,
459 1528 515 1615 qui
533 1525 574 1590 ad
591 1525 818 1614 Carthaginem
833 1537 922 1613 gesta
933 1515 1087 1610 prolixius
1101 1540 1128 1584 st

118 1628 301 1715 exsequuti,
311 1625 352 1691 de
366 1628 483 1692 Pisone
494 1627 590 1707 nihil,
600 1625 657 1690 sed
668 1624 794 1689 duabus
807 1647 826 1687 a
839 1623 987 1711 partibus
1001 1642 1128 1713 oppagn

118 1727 262 1817 Megara,
279 1750 386 1817 neque
404 1745 512 1792 tamen
528 1728 603 1791 licet
615 1726 754 1790 maximo
773 1741 893 1791 conatu
908 1723 1128 1788 transcendit

118 1828 173 1893 nia
185 1828 340 1915 potuisse,
350 1827 483 1893 tradunt
495 1852 502 1893 ι
515 1827 620 1892 donec
631 1827 755 1915 Scipio,
767 1841 941 1913 conspecta
949 1826 1065 1915 privati
1074 1823 1128 1906 cuit

121 1927 195 1993 dam
215 1930 384 2039 turricula,
406 1951 477 2017 quae
493 1927 581 1992 haud
597 1928 712 2015 procul
729 1926 830 1990 muris
849 1926 919 2013 pari
940 1924 1128 1989 altitudines

122 2045 205 2105 erat,
226 2030 384 2108 juvenum
406 2031 664 2119 promptissimos
684 2027 887 2092 ascendere
876 2028 1042 2110 jussisset,
1058 2042 1090 2091 et
1106 2024 1128 2089 it

122 2128 264 2194 iditum
256 2153 289 2194 ιιι
297 2131 413 2195 urbem
424 2132 539 2196 moliri.
552 2133 613 2195 Per
624 2131 685 2195 hos
692 2131 799 2218 primo
813 2117 989 2194 missilibus
999 2126 1128 2194 deturba

121 2248 396 2321 propugnatores,
419 2231 537 2297 deinde
561 2233 658 2322 tignis
682 2231 862 2318 tabulisque
883 2216 1128 2319 ponticulumd

123 2347 212 2395 ctum
224 2357 303 2420 ,per
315 2357 413 2420 quem
426 2356 465 2398 ex
483 2334 662 2398 turricula
655 2356 687 2397 ιιι
706 2353 817 2396 muros
834 2347 1072 2397 transcensum.
1087 2330 1128 2395 lut

123 2432 164 2497 ad
179 2449 305 2521 portam
325 2435 448 2525 impetu
464 2433 566 2515 facto,
585 2435 752 2498 consulem
767 2456 843 2497 cum
859 2447 1002 2520 quatuor
1017 2431 1128 2496 homitt

122 2534 264 2599 millibus
275 2537 497 2601 intromissum
507 2585 516 2617 ‚
526 2536 642 2601 Poenos
652 2585 661 2617 ,
672 2553 825 2622 tanquam
835 2550 971 2622 caparte
981 2532 1073 2597 urhis
1081 2552 1128 2621 erp

124 2637 157 2702 in
183 2640 314 2725 Byrsam
334 2639 545 2726 compulisse,
569 2653 659 2701 tanto
682 2653 822 2716 terrore,
845 2651 883 2698 ut
901 2635 1018 2712 etiam,
1040 2631 1128 2721 quia

127 2737 239 2801 urbem
251 2738 433 2802 habuerant
445 2754 562 2821 castra,
576 2739 693 2804 relictis
710 2738 764 2815 iis,
782 2736 929 2801 eamdem
943 2734 986 2800 ad
994 2756 1101 2800 arcem
1113 2754 1128 2798 e

125 2840 284 2927 fugerent.

167 2945 228 3009 lx.
245 2945 420 3032 Utcunque
433 2959 522 3033 gesta
537 2964 590 3021 res
602 2958 664 3023 est,
675 2957 880 3029 penetratum
895 2941 930 3003 in
942 2939 1061 3003 urbem
1070 2958 1128 3003 eo<

123 3045 289 3133 ipsiusque
316 3045 457 3109 consulis
482 3066 632 3133 magnam
655 3044 750 3108 etiam
776 3044 808 3105 in
838 3040 1016 3131 pugnando
1040 3040 1128 3104 virtu

124 3144 224 3208 luisse
241 3161 388 3209 constat:
406 3147 514 3233 ipsum
528 3167 661 3232 quoque
672 3192 681 3226 ,
694 3143 832 3233 Polybio
851 3158 977 3206 tantum
991 3157 1026 3207 et
1038 3140 1128 3205 militi

125 3246 256 3332 triginta
281 3247 489 3327 comitatum,
512 3246 685 3310 suffodisse
708 3262 852 3335 portam,
876 3265 940 3332 qua
965 3260 1117 3332 acceptus

126 3347 299 3425 exercitus,
311 3367 379 3407 non
391 3347 623 3411 contemnendi
634 3364 782 3412 auctores
793 3344 1030 3437 prodiderunt;
1042 3343 1128 3409 adra

126 3446 376 3535 superstantium
397 3447 542 3511 hostium
567 3449 651 3512 ictus
670 3447 832 3514 testudine
850 3444 990 3534 lapidea,
1009 3468 1075 3534 qua
1090 3444 1128 3508 ta

127 3564 196 3613 eata
208 3563 301 3635 porta
311 3563 392 3630 erat,
406 3563 539 3613 tectum.
557 3551 729 3639 Occupatis
741 3548 898 3638 Megaris,
912 3546 1047 3627 consul,
1059 3545 1121 3610 loci

126 3667 233 3712 turam
246 3649 394 3733 intuens,
410 3648 501 3737 quod
514 3650 601 3714 horti
619 3674 738 3740 magno
751 3672 890 3714 numero
908 3649 954 3711 ibi
973 3664 1080 3730 erant,
1094 3666 1128 3711 m

127 3751 182 3814 riis
202 3751 268 3814 suis
279 3752 475 3840 sepibusque
483 3750 642 3834 distincti,
652 3753 727 3817 rivis
739 3772 871 3839 quoque
887 3749 999 3813 multis
1011 3764 1045 3812 et
1055 3749 1128 3812 sinu

128 3851 405 3937 interfluentibus,
424 3876 465 3917 ne
478 3876 536 3941 per
550 3855 698 3918 tenebras
715 3868 747 3916 et
762 3853 910 3917 locorum
927 3846 1121 3937 imperitiam

129 3957 319 4021 trimentum
336 3955 545 4042 acciperetur,
560 3956 695 4020 militem
715 3953 873 4017 inherere
887 3952 984 4041 tergis
1001 3948 1128 4040 fugienti

129 4080 196 4122 uon
214 4073 262 4121 est
278 4078 411 4144 passus,
426 4058 634 4146 reeeputique
648 4058 742 4147 signo
753 4055 845 4138 dato,
860 4056 894 4118 in
909 4069 1011 4117 castra
1022 4071 1128 4115 auare

129 4157 318 4246 insequenti
336 4156 407 4238 die,
423 4174 578 4246 tanquam
597 4159 631 4222 in
646 4156 821 4222 vindictam
837 4156 930 4219 illatae
946 4152 1061 4233 cladis,
1072 4147 1128 4216 fad

130 4274 226 4345 atque
247 4257 378 4322 crudele
399 4258 579 4324 Hasdrubal
598 4259 722 4324 facinus
742 4258 840 4323 facit:
863 4257 1005 4345 captivos
1024 4251 1128 4318 enim<¹

167 4454 183 4518 5
194 4456 264 4505 VIII.
278 4460 366 4506 Zouar.
381 4485 416 4495 ·-
428 4457 535 4525 Appias.
551 4457 637 4505 Punic.
