2594 4980
381 54 434 92 rno
454 33 644 92 assuttantes
663 31 931 114 recedentesque,

381 133 411 191 in
429 132 540 191 efflant
560 147 711 193 ructante.
733 130 888 193 interdiu.
910 154 955 217 spe

380 232 525 317 (scissitans
546 255 770 293 romanorum.
792 233 959 291 transiliatur

378 334 464 395 dine.
485 333 533 393 Eo
550 354 713 394 concursu
732 332 812 393 villae
836 355 949 393 ornnes

377 456 450 519 quae
468 432 705 509 interfuerunt,
724 434 903 493 exanimata
923 456 960 494 su

424 534 482 595 ΙΙΙ.
506 532 569 595 sed
593 532 692 610 mihi,
715 534 787 595 talia
805 555 889 619 saepe
908 536 965 595 ref«

378 632 524 713 videtur,
544 650 580 695 ut
599 656 666 721 quo
684 636 868 722 proposito,
890 658 967 721 quac¹

377 750 410 799 et
424 735 519 823 quale
538 735 579 800 de
602 736 652 799 his
671 734 922 823 concipiendum
938 737 969 816 js

377 860 509 923 ponant.
527 838 597 925 Ego
618 859 713 917 vero,
731 860 804 923 quae
823 838 854 898 in
872 854 971 900 retus:

376 960 601 1026 quamsaepe,
626 938 676 1001 his
702 938 827 1017 recisis,
852 960 952 1025 pauca

376 1040 474 1129 gestis
496 1056 720 1127 superessent,
744 1039 883 1126 quadam
911 1062 975 1103 nec·

373 1144 519 1221 inerant,
541 1164 614 1229 quoe
637 1164 833 1230 cognoscere
856 1140 966 1228 cupidi

377 1264 582 1331 nequaquam
595 1240 868 1330 praetermittenda
882 1264 979 1305 censu

376 1342 579 1433 temporibus
596 1344 675 1405 tanti
692 1342 909 1422 haberentur,
928 1360 965 1405 ut

373 1444 516 1523 romani,
532 1442 795 1529 sacerdotesque,
812 1441 868 1504 diu
886 1444 983 1528 pluris

373 1542 571 1623 Accedebat,
590 1541 680 1629 quod
696 1542 780 1605 idern
800 1565 817 1603 a
832 1541 923 1603 Livio
940 1542 984 1606 dit

373 1644 446 1707 barn
462 1666 471 1705 τ
487 1664 593 1729 neque
606 1642 776 1703 consilium
792 1659 876 1721 crat,
891 1643 985 1706 histor

371 1742 488 1831 pleuti,
505 1742 681 1829 praeterire,
702 1765 773 1829 qun
790 1744 831 1806 ab
848 1744 918 1831 ipso
939 1768 985 1832 per

417 1841 572 1905 1V.Sane
587 1863 652 1904 non
670 1866 757 1905 eram
776 1846 921 1926 nescius,
939 1846 982 1909 ob

373 1940 510 2007 busdam
534 1940 753 2031 displicuissc;
777 1968 957 2033 papamque
977 1951 985 2007 t

372 2044 663 2133 superstitionum,
685 2068 764 2132 quas
788 2047 840 2108 illc
863 2047 985 2135 descrip

371 2144 525 2209 infestum
545 2146 572 2196 οἱ
592 2162 689 2192 atam.
706 2146 816 2183 ἔω...Δ
841 2148 856 2172 r·
879 2148 885 2162 ·
