2594 4980
259 723 265 746 ¹
304 719 354 784 IN
387 715 990 790 Lue.Ltss.1.v11L1leN1.
1108 751 1173 821 291

120 839 209 899 nium
232 859 311 899 voce
335 837 514 915 lninintum,
538 853 756 924 cognomento
783 838 872 900 Pium
892 862 1087 909 vocaverunt
1111 873 1118 912 :
1146 867 1178 915 et

117 939 255 999 loannes
271 937 480 999 adolescentis
497 959 651 1025 generosa
669 953 782 999 natura
797 957 909 1027 captus
927 942 1055 1029 (etjam
1069 970 1179 1014 neces·

116 1039 194 1101 saria
211 1037 424 1123 defecerant),
438 1038 558 1126 legatos
572 1038 671 1118 misit,
672 1024 782 1127 fidam
798 1043 1067 1132 regigeutemfore
1083 1051 1177 1135 polli-

115 1139 214 1217 citus,
239 1144 267 1201 si
285 1143 386 1202 uivere
402 1143 464 1201 suis
487 1139 603 1225 legibiu
625 1143 783 1201 st'neretur.
803 1141 851 1202 Eo
869 1159 1014 1231 tempore
1033 1149 1178 1236 plerique

116 1240 196 1327 regis
213 1242 390 1303 amicorum
403 1238 595 1319 suadebant,
610 1252 647 1302 ut
659 1241 718 1302 dtis
732 1241 962 1331 homim'busque
977 1254 1095 1312 caeteris
1109 1274 1176 1314 om·

114 1343 202 1405 nilus
225 1347 383 1405 im'nu'cam
404 1350 528 1427 gentem
553 1328 766 1420 exscinairet,
793 1344 1002 1428 Antiochum,
1025 1355 1082 1436 qui
1098 1355 1179 1440 Epi-

107 1445 228 1531 pierres
245 1447 478 1530 cognominatus
493 1455 553 1519 est,
574 1445 716 1505 cientes:
733 1442 838 1521 illum,
853 1446 960 1509 codem
978 1451 1052 1513 urbe
1075 1455 1157 1515 ur'cta
1164 1501 1175 1532 ,

112 1568 291 1632 spurcorum
309 1546 468 1607 hominum
487 1539 643 1631 sacrilega
658 1562 751 1606 sacra
771 1557 801 1605 et
817 1545 968 1610 absurdos
984 1551 1059 1612 ritus
1076 1553 1178 1639 dignu

114 1647 254 1709 ludibriis
270 1646 457 1709 traduxisse.

156 1749 284 1811 XLVII.
301 1748 389 1811 Nihil
400 1747 466 1809 haec
478 1747 714 1839 magnanimam
725 1747 807 1836 regis
822 1763 981 1830 mentem,
995 1766 1027 1813 et
1038 1749 1079 1813 ab
1093 1774 1177 1816 acer·

113 1849 160 1910 bis
183 1850 323 1911 consiliis
353 1865 474 1910 naturae
498 1847 642 1911 bonitate
664 1858 826 1929 eversam,
850 1867 1050 1915 moverunt:
1078 1853 1176 1942 igitur

112 1953 235 2011 vertiam
256 1947 435 2011 delictorum
451 1971 623 2036 pacemque
641 1947 748 2029 dedit,
770 1953 812 2030 si,
835 1953 930 2014 arinis
946 1953 1091 2032 traditis,
1118 1979 1176 2018 ac·

110 2055 253 2138 ciperem
268 2048 373 2114 urbem
382 2046 566 2138 puerilium
582 2048 712 2127 uellent,
734 2065 764 2112 et
775 2064 835 2137 pro
845 2052 943 2139 Ioppe
957 2056 1176 2144 nonnullisque

110 2151 281 2214 orbitatibus
289 2201 297 2229 ,
313 2173 392 2237 quas
407 2147 591 2236 extrafines
600 2151 928 2238 ludaeoepossirlelant
935 2202 945 2232 ,
963 2157 1100 2243 uectigal
1108 2163 1180 2245 regi

106 2253 247 2336 peredere.
268 2255 387 2314 Caetera
416 2274 481 2313 non
504 2263 693 2315 recusarunt
712 2274 719 2314 :
731 2253 934 2338 praesidium,
962 2279 1000 2318 ne
1024 2259 1101 2320 ritus
1127 2264 1179 2324 sui

109 2355 337 2414 conversatione
355 2352 602 2438 alienigenarum
619 2350 847 2439 polluerentur,
876 2353 1035 2442 deprecati
1055 2381 1175 2447 :pecu-

108 2454 194 2514 niam
213 2467 244 2514 et
256 2453 372 2515 obsides
386 2453 585 2549 obtulerunt.
610 2456 721 2541 ltaque
735 2469 876 2518 trecenta
894 2456 1011 2520 talenta
1028 2463 1174 2547 pecunie

107 2555 271 2641 praesentis
287 2571 432 2641 accepta,
447 2554 594 2618 ducentis
609 2555 643 2617 in
660 2554 745 2619 diem
762 2556 885 2636 ditatis3
900 2558 1028 2623 obsides
1040 2585 1173 2650 quoque

108 2655 232 2735 traditi,
250 2678 332 2741 quos
351 2656 434 2717 inter
448 2672 480 2717 et
498 2656 597 2718 frater
613 2657 745 2719 loannis
761 2659 831 2720 luit.

149 2754 294 2822 XLVIII.
316 2754 413 2819 Muro
430 2754 547 2818 deinde
571 2755 660 2819 urbis
684 2756 810 2837 diruto,
832 2745 1036 2822 obsidionem
1060 2757 1171 2842 solvit,

107 2881 207 2944 quum
227 2875 356 2946 gentem
374 2852 509 2919 validum
524 2904 532 2937 ,
550 2872 582 2919 et
601 2877 673 2943 quae
692 2873 766 2942 post
790 2879 865 2919 eum
889 2850 966 2920 nu'lli
987 2858 1171 2924 macedoni·

106 2983 217 3022 uorum
235 2983 347 3049 regum
367 2959 489 3046 paruit,
511 2980 623 3046 magna
644 2980 720 3020 cum
740 2958 840 3046 gloria
858 2958 1047 3047 subegisset.
1065 2960 1170 3049 Igitur

105 3061 306 3143 adolescens,
329 3063 392 3124 hoe
417 3063 556 3122 l'ortunae
584 3059 742 3145 obsequio
767 3058 972 3148 magnificus,
996 3076 1029 3123 et
1047 3061 1169 3126 bellum

104 3160 256 3225 adversus
272 3162 407 3225 Parthos
423 3161 532 3223 anitno
550 3160 698 3239 volvens,
721 3170 787 3247 q'uo
806 3160 864 3224 silsi
878 3166 1043 3225 romanam
1058 3165 1169 3228 amiei-

105 3263 179 3325 liam
208 3261 427 3326 munificentia
450 3276 669 3340 conservaret,
688 3258 817 3348 publice
841 3261 1055 3350 privatimque
1075 3263 1169 3329 donis

105 3385 157 3425 eos
168 3379 403 3451 prosequutus,
415 3361 572 3449 imprimis
582 3361 765 3448 Scipionem
784 3363 888 3426 colere
898 3365 1081 3448 constiluit,
1098 3380 1169 3430 tum

104 3462 147 3524 ob
168 3464 317 3527 eximiam
340 3465 399 3527 viri
421 3464 573 3552 gloriam,
595 3479 664 3526 tum
683 3464 757 3549 quia
774 3485 880 3550 neque
902 3467 1067 3552 potentior
1088 3456 1170 3533 allus

103 3563 209 3644 domi,
238 3584 344 3652 neque
376 3565 409 3626 in
435 3565 573 3628 amicitia
601 3566 801 3628 constantior
825 3565 1033 3648 credebatur;
1064 3592 1167 3656 quum

101 3665 165 3741 lam
189 3667 299 3729 Romae
324 3686 390 3729 non
416 3666 501 3754 apud
527 3666 670 3754 singulos
696 3664 796 3728 modo
817 3659 895 3729 lides
916 3678 1012 3754 atque
1032 3671 1168 3757 gravitas

104 3767 206 3829 rarior
222 3769 253 3829 in
273 3767 342 3830 dies
359 3767 534 3844 lieret‚·sed
551 3768 618 3856 ipsa
633 3786 764 3854 quoque
776 3764 972 3854 respublica,
984 3772 1168 3834 eontentio·

103 3868 200 3931 nibus
220 3869 368 3956 odiisque
392 3871 513 3956 privata
533 3868 704 3934 commoda
723 3866 860 3956 publicis
882 3871 1166 3957 anteponentiutn,

101 3966 264 4033 horrenda
285 3970 444 4034 seditione
463 3986 676 4056 quassaretur.

134 4153 253 4218 §XLVL
266 4158 298 4204 U.
310 4157 340 4205 G.
352 4158 419 4219 ⁶¹93
431 4159 462 4204 Δ.
474 4158 503 4206 C.
518 4151 944 4223 13³.-l)io‹tor.-Jo·sph.-
959 4155 974 4220 S
989 4152 1166 4203 mulsit.

106 4239 161 4294 tv,
176 4242 199 4287 3.
219 4267 253 4276 -·-
271 4241 375 4290 Diodor.
394 4268 428 4278 -
444 4240 546 4304 loseph.
561 4265 596 4275 -
610 4239 704 4286 lustin.
718 4239 842 4290 xxxvi.
856 4253 879 4285 r.
