2594 4980
321 670 373 738 IN
406 671 518 738 LOC.
544 672 635 739 LIB.
661 671 749 737 th
773 667 1015 747 ,Ltvtattt
1120 669 1181 756 341

128 793 197 854 lore
217 807 273 854 aut
296 814 453 854 novarum
474 814 584 855 rerum
605 790 714 855 studio
737 789 942 870 ardentibus,
959 793 1191 880 suscepissent,

129 893 237 955 omnia
261 915 337 955 mox
357 893 495 979 querelis
517 915 553 955 ac
574 892 838 956 contentionibus
858 893 1066 957 effervescere
1087 918 1192 984 coepe·

127 1011 214 1058 runt.
232 994 343 1075 Quum
359 995 445 1057 enim
461 1015 661 1082 possessores
679 992 813 1057 modum
831 993 995 1080 situmque
1009 995 1193 1060 latifundio·

51 1176 54 1181 .
127 1116 201 1156 rum
224 1116 360 1157 suorum
386 1094 528 1158 indicare
553 1094 694 1176 nollent,
720 1093 826 1167 edicto
848 1095 1038 1159 triumvirali
1065 1099 1192 1162 excitati

127 1194 264 1276 indices,
284 1195 367 1259 falsis
388 1186 537 1284 verisque
558 1196 774 1260 delationibus
788 1196 1003 1284 plurimorum
1021 1199 1095 1279 jura
1112 1222 1192 1263 con·

126 1278 296 1360 vellebant*
314 1298 397 1361 Nam
414 1299 571 1385 promotis
589 1299 655 1387 agri
675 1298 798 1385 publici
817 1298 979 1380 terminis,
996 1315 1034 1362 ut
1055 1323 1191 1388 quaeque

126 1397 230 1461 vicina
246 1417 351 1474 erant,
371 1400 600 1481 turbabantur,
618 1399 748 1462 incertis
759 1397 824 1477 jam
840 1399 990 1462 'omnium
1006 1398 1145 1482 finibus,
1159 1417 1192 1464 et

127 1522 232 1586 neque
258 1518 427 1565 contractu
448 1503 650 1591 privatorum
673 1501 758 1582 ulto,
782 1523 889 1587 neque
912 1499 1069 1565 divisione
1092 1502 1192 1566 reteri

125 1602 253 1688 publica
271 1603 449 1667 obtinente.

170 1705 320 1769 LXXlll.
345 1707 391 1768 lta
408 1703 522 1784 fiebat,
535 1720 589 1785 ut,
605 1704 702 1768 motis
716 1703 839 1790 ubique
851 1703 1026 1782 limitibus,
1041 1703 1192 1767 transfer·

126 1821 239 1868 rentur
262 1822 529 1893 mutarenturque
553 1807 638 1896 agri,
657 1821 689 1869 et
707 1827 791 1891 saepe
812 1805 932 1868 inculta
950 1827 1010 1891 pro
1030 1805 1142 1885 cultis,
1159 1821 1192 1868 et

126 1928 185 1992 pro
211 1908 545 1996 fructuosispuligines
571 1924 627 1971 aut
653 1907 774 1971 arentia
798 1905 1021 1971 redderentur.
1050 1909 1192 1994 Eratque

124 2005 316 2093 plerumque
335 2031 415 2072 ceca
432 2009 465 2070 in
483 2007 719 2097 distinguendis
737 2008 873 2096 publicis
891 2009 1088 2095 privatisque
1108 2008 1191 2097 agris

126 2108 312 2190 aestimati03
328 2132 431 2196 quum
444 2109 539 2172 etiam
557 2110 736 2196 antiquitus
753 2107 840 2172 baud
858 2125 1005 2172 accurata
1021 2124 1191 2196 captorum

125 2208 165 2271 ab
187 2209 336 2273 hostibus
358 2211 438 2273 l'aota
456 2210 641 2274 distributio
665 2225 766 2290 esset,
782 2209 1043 2297 permissumque
1059 2209 1191 2290 fuisset,

125 2309 259 2373 indivisa
274 2311 406 2374 cuilibet
419 2312 558 2393 volenti,
570 2312 632 2375 sub
644 2327 734 2375 certo
746 2311 891 2400 vectigali
904 2312 1021 2375 colere.
1037 2311 1089 2375 sic
1102 2311 1189 2375 enim

124 2410 263 2473 vicinam
279 2413 345 2475 suis
364 2411 491 2499 praediis
508 2429 633 2501 partem
648 2429 791 2488 arantes,
808 2436 907 2477 omne
921 2412 1094 2476 discrimen
1111 2435 1191 2476 con·

125 2511 294 2577 fuderant:
315 2529 346 2576 et
367 2516 434 2577 baec
452 2514 551 2603 longo
575 2533 722 2601 tempore
743 2515 901 2594 factitata,
917 2514 1118 2601 locupletum
1139 2513 1192 2576 in·

122 2612 256 2695 juriam,
274 2615 347 2678 licet
361 2637 510 2702 magnam
526 2638 595 2679 esse
612 2631 793 2694 constaret,
806 2614 977 2677 obscuram
995 2628 1102 2675 tamen
1120 2611 1191 2676 effi·

124 2716 269 2796 ciebant,
287 2718 500 2805 tegebantque
518 2717 684 2795 intricato,
703 2733 735 2778 et
753 2715 794 2778 ad
814 2715 1017 2803 arguendum
1035 2714 1124 2779 haud
1143 2715 1190 2777 fa·

124 2816 174 2878 cili
192 2840 311 2881 errore.

167 2919 311 2981 LXXIV.
334 2920 470 3003 Jamque
488 2917 569 2980 nibil
584 2914 822 3004 propemodum
840 2931 908 2978 tota
924 2916 1013 2979 ltalia
1032 2915 1108 2978 satis
1122 2937 1191 2979 cer·
1242 2937 1245 2940 ·

122 3034 192 3081 tum
209 3036 381 3106 tutumque
398 3019 550 3105 cuiquam
567 3018 764 3097 habebatur,
779 3039 882 3104 quum
901 3017 979 3080 socii
995 3032 1187 3103 praesentem

123 3144 232 3184 rerum
255 3139 374 3186 statum
402 3121 536 3184 moleste
560 3120 699 3184 ferentes
724 3119 765 3183 ad
794 3118 978 3205 Scipionem
1002 3118 1188 3180 Africanum

124 3224 360 3310 confugerunt,
378 3222 530 3285 adversus
556 3221 666 3307 iniqua
690 3220 933 3284 triumvirorum
947 3217 1067 3298 judicia
1090 3215 1187 3281 fidem

123 3323 191 3401 ejus
208 3324 403 3388 invocantes.
418 3324 473 3386 llle
485 3346 587 3409 quum
600 3323 749 3410 aequitate
764 3344 883 3402 causae,
898 3338 968 3385 tum
984 3320 1084 3409 gratia
1098 3341 1189 3383 oran-

124 3422 205 3483 tium
223 3441 388 3509 permotus
403 3424 514 3510 (erant
529 3425 616 3487 enim
635 3447 759 3512 magnae
781 3423 978 3487 auctoritatis
996 3420 1189 3508 virtutisque

124 3520 290 3604 homines,
306 3543 535 3613 strenuamque
559 3526 588 3588 ei
613 3525 835 3613 superioribus
856 3525 948 3588 bellis
974 3546 1106 3611 operam
1129 3545 1187 3585 ua·

124 3625 311 3710 vaverant),
327 3625 549 3692 defensionem
564 3649 679 3690 eorum
695 3649 762 3690 non
777 3626 953 3689 recusavit:
971 3624 1138 3711 multaque
1153 3622 1186 3685 in

124 3737 255 3802 senatu,
273 3746 339 3787 non
357 3744 467 3790 contra
483 3728 587 3817 legem
603 3729 833 3816 gracchanam,
849 3749 890 3788 ne
906 3726 1065 3813 populum
1082 3725 1189 3787 irrita·

124 3841 189 3902 ret,
202 3823 259 3886 sed
274 3825 313 3887 de
329 3827 530 3891 incommodis
546 3829 731 3892 exercendae
747 3828 920 3912 loquutus,
937 3825 1066 3915 impulit
1079 3825 1188 3887 Patres

124 3924 343 4013 conscriptos,
361 3944 397 3991 ut
418 3951 545 3993 causam
565 3951 717 4018 agrorum
733 3926 940 4008 judicandam
956 3952 975 3992 a
995 3926 1188 4007 triumviris,

124 4052 205 4114 quos
222 4044 258 4091 ut
272 4044 438 4115 suspectos
455 4032 600 4118 plerique
617 4045 840 4118 gravarentur,
856 4027 896 4093 ad
912 4041 1127 4118 quoscunque
1141 4027 1188 4088 vi·

123 4130 269 4212 deretur,
285 4132 504 4196 transferrent.

157 4333 289 4396 §Lxxtt
304 4332 427 4381 Plutarch,
443 4331 470 4379 in
485 4331 524 4379 Τί.
541 4328 667 4388 Graccho,
686 4347 745 4395 cap.
759 4331 801 4378 ²8.
819 4355 851 4367 -
867 4333 974 4393 Appion.
992 4330 1046 4376 Cis.
1063 4330 1107 4377 lib.
1121 4332 1187 4378 1.--

123 4416 265 4481 §blllllV¹
282 4417 332 4465 Ltv.
348 4417 412 4480 Epir.
428 4444 461 4453 -
478 4414 586 4480 Appinn.
664 4428 668 4435 ·
892 4411 895 4424 '
