2594 4980
312 693 366 760 m
396 694 509 760 soc.
536 694 629 759 Lm.
656 695 762 760 axx
792 650 1006 761 arriani.
1105 690 1175 761 615

120 835 159 874 ex
174 812 384 897 praesentibus
398 812 542 875 moribus
566 813 757 893 miraturos,
781 812 859 899 quid
881 813 925 875 ita
947 815 1098 892 Crassus,
1112 815 1175 879 cla.-

10 960 13 967 .
119 914 250 975 rissimae
271 912 370 975 homo
392 913 603 998 eloquentiae,
622 912 745 991 studia,
765 912 883 999 quihus
900 913 1005 977 lavere
1020 912 1176 995 debebat,

119 1014 307 1077 sustulerit?
324 1015 429 1077 lmmo
454 1030 524 1077 tum
551 1036 682 1100 quoque
707 1037 774 1077 nou
799 1013 991 1088 deliterunt,
1013 1016 1069 1100 qui
1091 1015 1175 1081 dice·

119 1132 214 1195 rent,
248 1117 398 1178 Crassum
426 1116 497 1179 acui
530 1114 781 1179 adolescentium
812 1115 964 1202 ingenia,
995 1116 1093 1179 veluti
1120 1138 1177 1202 per

117 1215 293 1295 invidiam,
318 1217 481 1297 noluisse;
506 1239 608 1303 quum
635 1217 687 1279 ille
712 1233 842 1296 contra,
868 1217 996 1303 ingenia
1020 1215 1176 1296 obtundi,

118 1316 319 1378 corroborari
336 1316 586 1403 impudentiam,
602 1318 724 1380 nollet:
741 1317 937 1406 intelligebat
956 1317 1042 1382 enim
1059 1318 1107 1379 vir
1123 1318 1174 1390 in,-

117 1416 378 1502 genicsissimus,
408 1417 499 1502 quod
527 1418 650 1481 utinam
674 1438 787 1481 omnes
810 1417 866 1504 qui
887 1417 1067 1480 civitatibus
1093 1437 1174 1502 prae·

116 1516 209 1576 sunt!
226 1532 346 1600 quanto
367 1517 549 1602 reipublice
564 1516 852 1581 dehonestamento
870 1534 902 1581 et
919 1518 1079 1605 periculo,
1100 1516 1177 1585 ador

115 1613 281 1679 lescentuli
298 1638 357 1703 prc
373 1618 508 1705 egregiis
525 1634 558 1681 et
575 1617 770 1704 profuturis,
789 1617 949 1697 absurda,
967 1619 1072 1700 fatua,
1087 1636 1120 1682 et
1133 1622 1174 1689 ab

115 1735 178 1775 usu
193 1737 303 1777 rerum
320 1716 526 1781 abhorrentia
542 1716 728 1782 doceantur.

158 1816 311 1879 XXXIX.
340 1819 499 1881 Caeterum
522 1818 711 1882 censoribus
731 1817 818 1882 haud
840 1819 913 1906 plus
936 1835 1049 1881 contra
1066 1842 1172 1889 mores

113 1914 268 1996 aliorum,
291 1940 388 2003 quam
410 1935 543 2005 propter
567 1941 643 1982 sucs
667 1919 849 1983 certaminis
872 1919 943 1982 luit.
967 1919 1071 1981 Crassi
1090 1920 1173 1984 cele·

113 2013 179 2078 bris
205 2034 316 2081 contra
340 2020 494 2106 collegam
516 2020 620 2082 oratio
645 2019 727 2098 luit,
751 2042 815 2105 qua
841 2018 876 2081 in
898 2017 1036 2081 maxima
1059 2020 1172 2106 populi

113 2118 291 2198 concione,
316 2120 343 2182 si
371 2142 514 2205 unquam
540 2121 624 2200 suit,
655 2123 715 2183 Gn.
745 2121 925 2185 Domitium
951 2117 1039 2183 haud
1064 2121 1173 2185 miuus

112 2216 242 2300 laeetis,
268 2242 365 2306 quam
397 2221 487 2283 seriis
513 2220 816 2308 prudentibusque,
845 2220 939 2285 dictis
970 2220 1106 2285 obruit:
1137 2222 1172 2292 in

113 2333 249 2403 utroque
272 2344 390 2409 genere
407 2322 525 2409 pariter
547 2321 689 2399 validus,
707 2321 893 2408 ingeniique
911 2336 975 2384 tam
991 2317 1170 2385 admirabili

111 2433 385 2507 temperamento,
408 2440 447 2486 ut
471 2423 703 2487 urbanissimus
726 2422 982 2506 salsissimusque
999 2421 1171 2502 omnium,

110 2518 261 2605 idemque
274 2525 491 2587 severissimus
506 2539 538 2587 et
552 2524 759 2610 gravissimus
776 2522 948 2584 rideretur.
967 2522 1015 2582 De
1030 2522 1089 2583 Cn.
1104 2522 1171 2583 Dc·

71 2642 74 2647 ’
109 2620 201 2682 mitio
214 2621 430 2685 Ahenobarbo
443 2623 541 2701 dixit,
559 2645 622 2684 non
635 2644 696 2684 esse
707 2621 904 2698 mirandum,
919 2619 1008 2705 quod
1017 2618 1170 2681 αΙιοιιοαιιι

109 2718 239 2779 barbam
258 2720 401 2797 haberet,
419 2724 472 2784 cui
489 2733 564 2783 esset
585 2719 792 2803 osfirraum,
810 2741 865 2780 eor
874 2717 1067 2805 phtmbsum.
1084 2717 1169 2783 Novi

109 2817 192 2879 inter
208 2817 276 2879 hec
290 2820 440 2882 consules
458 2820 494 2881 C.
513 2818 665 2882 Claudius
685 2819 840 2898 Pulcher,
856 2819 901 2882 Μ.
919 2818 1079 2904 Perperna
1091 2841 1168 2906 sup-

107 2918 311 3002 plicationem
334 2917 374 2983 ad
392 2919 571 3004 pulvinaria
589 2917 725 2981 deorum
745 2917 931 2981 indi-xerunt
945 2916 1167 3006 prodigiorum

108 3040 218 3098 causa,
230 3018 322 3105 quod
335 3020 368 3080 in
383 3018 451 3082 ede
464 3018 617 3085 Fortunae
630 3018 796 3104 Equestris
810 3017 900 3080 bubo
914 3018 1167 3103 comprehensus

108 3117 192 3180 inter
210 3141 324 3181 manus
343 3120 576 3206 exspiraverat,
592 3119 724 3183 Faesulis
740 3119 886 3182 fremitus
905 3133 996 3181 terrae
1013 3116 1166 3197 auditus,

107 3240 187 3304 puer
213 3243 252 3284 ex
274 3221 387 3283 ancilla
412 3237 506 3283 natus
530 3221 599 3283 sine
623 3219 781 3285 l'cramirre
807 3235 945 3299 naturae,
968 3240 1031 3304 qua
1046 3217 1166 3281 humor

106 3320 279 3399 emittitur;
300 3322 415 3385 mulier
431 3320 552 3407 duplici
570 3337 682 3385 natura
698 3322 850 3402 inventa3
867 3323 918 3385 fax
934 3320 967 3381 in
985 3319 1063 3383 caelo
1079 3320 1170 3398 visas

105 3417 163 3480 bos
174 3420 311 3506 loquuta
319 3422 424 3486 luerat
432 3446 441 3502 3
450 3444 583 3487 examen
594 3445 692 3509 apum
703 3423 737 3487 in
749 3423 890 3489 culmine
903 3421 1031 3507 priratae
1045 3418 1162 3487 domus

106 3519 302 3584 consederat.

149 3618 215 3681 XL.
239 3620 412 3686 Volaterris
434 3623 598 3711 sanguinis
618 3623 706 3685 rivus
726 3636 933 3687 manaverat:
953 3622 1062 3685 Rome
1083 3621 1163 3683 laete

105 3716 250 3800 pluerat:
267 3719 383 3783 Arretii
403 3720 470 3786 duo
488 3721 669 3810 androgyni
690 3722 828 3802 inventi,
847 3721 953 3808 pullus
972 3721 1163 3809 gallinaceus

104 3815 287 3904 quadrupes
312 3836 427 3900 natus,
449 3822 585 3885 fulmine
606 3823 758 3909 pleraque
777 3822 839 3887 ieta
863 3821 1001 3885 lucrant.
1020 3820 1162 3906 Populus

103 3918 211 3989 Cereri
232 3935 265 3982 et
284 3920 483 4008 Proserpina
500 3923 616 4010 stipem
634 3924 730 3987 tulit:
749 3923 889 4012 virgines
906 3923 1019 4010 viginti
1037 3936 1161 4006 septem

103 4041 230 4081 carmen
248 4038 419 4096 canentes,
437 4024 558 4087 Urbem
572 4026 795 4087 lustraverunt.
813 4027 988 4099 Censores,
1005 4021 1161 4084 recensito

103 4135 234 4199 senatu,
260 4136 291 4183 et
315 4122 361 4185 M.
389 4122 510 4187 Scauro
539 4140 691 4211 quartum
717 4124 861 4213 principe
889 4124 992 4200 lecto,
1022 4121 1157 4187 lustrum

135 4324 152 4388 S
165 4327 373 4376 mammea.
386 4327 657 4389 acnt.u1,2t.-
670 4325 976 4393 §armauessm
989 4324 1108 4388 sem.
1123 4352 1132 4361 -

107 4407 157 4453 Cic.
169 4409 193 4453 in
206 4410 292 4466 Bruto,
307 4427 359 4475 cap.
373 4418 418 4469 44,
431 4423 456 4458 et
469 4411 499 4458 de
510 4413 577 4460 Orat.
589 4414 614 4458 ΙΙ
622 4445 629 4469 ,
641 4412 682 4461 56.
697 4439 730 4449 -
744 4412 844 4459 Sueten.
854 4410 880 4457 in
891 4409 1003 4465 Neroua,
1016 4423 1093 4475 capa
1153 4464 1161 4476 ὗ
