2594 4980
10 39 1280 329 u

223 433 226 441 .

331 688 385 757 in
414 689 525 756 noc.
554 689 649 756 nra.
677 687 1046 761 11x1vn1v1anr.
1154 692 1224 778 463

153 841 165 864 ιι
178 810 315 896 eripitur
329 832 336 872 :
355 826 386 872 et
402 809 495 873 vobis
512 825 628 873 :eterna
645 806 829 872 sollicitudo
843 810 1042 891 remanebit,
1057 833 1160 898 quum
1175 813 1225 876 iu·

153 941 165 965 ι
182 910 332 998 telligetis
345 959 354 991 ,
369 926 425 973 aut
442 910 649 975 serviendum
665 933 752 991 esse,
766 926 822 973 aut
836 934 894 998 per
910 935 1025 976 manus
1043 913 1224 980 libertatem

153 1042 165 1068 ι
182 1013 397 1076 retinendam.

196 1116 353 1179 XXXIII.
379 1147 391 1170 ι
408 1116 491 1179 Nam
511 1114 585 1179 Iidei
607 1114 758 1203 quidem,
778 1129 834 1177 aut
855 1113 1036 1177 concordias
1058 1137 1130 1202 quae
1151 1139 1225 1205 spes

153 1249 165 1271 ιι
183 1217 255 1280 cst?
272 1218 440 1281 Dominari
454 1218 498 1280 illi
513 1218 646 1297 volunt3
658 1239 734 1297 vos,
750 1215 842 1279 liberi
857 1238 945 1279 esse:
963 1215 1067 1280 facere
1082 1217 1126 1280 illi
1137 1218 1225 1301 inju-

154 1353 165 1374 ιι
184 1321 264 1400 rias3
281 1343 337 1383 vos
360 1319 553 1407 prohibere:
571 1335 737 1407 postremo
757 1318 852 1381 sociis
868 1317 982 1381 vestris
1001 1318 1102 1381 veluti
1121 1320 1224 1384 hosti-

155 1453 167 1477 «
184 1422 246 1485 bus
256 1471 263 1503 ,
275 1423 425 1485 hostibus
442 1445 502 1510 pro
518 1421 613 1484 sociis
626 1435 777 1484 utuntur.
793 1420 947 1483 Potestne
958 1420 993 1483 in
1009 1437 1074 1484 tam
1090 1418 1223 1486 diversis

152 1555 163 1578 ιι
182 1524 345 1587 mentibus
361 1547 431 1611 pax,
447 1539 505 1586 ant
519 1523 658 1586 amicitia
668 1522 760 1586 esse?
775 1522 885 1603 Quare
899 1545 1033 1602 moneo,
1046 1522 1227 1612 hortorque

151 1656 163 1679 ι
181 1649 254 1701 vos,
273 1649 315 1689 ne
332 1642 461 1689 tantum
476 1627 580 1689 scelus
598 1625 798 1712 impunitum
816 1623 996 1687 dimittatis.
1012 1623 1087 1687 Non
1100 1624 1225 1712 pecula-

152 1759 164 1782 ιι
182 1744 234 1791 tus
251 1729 352 1791 aerarii
375 1729 477 1791 Iactus
495 1744 558 1807 est;
575 1749 682 1815 neque
701 1749 760 1813 per
783 1725 848 1788 vim
872 1726 967 1789 sociis
989 1742 1105 1813 ereptae
1125 1748 1225 1814 pecu·

152 1858 163 1882 ·‹
183 1829 264 1892 niae:
292 1851 363 1916 quaa
381 1851 578 1916 quamquam
596 1829 702 1917 gravia
728 1843 825 1906 sunt,
851 1843 959 1891 tamen
984 1826 1224 1893 consuetudine

151 1930 243 2007 «jam
260 1953 320 2018 pro
340 1931 444 1992 nihilo
465 1929 637 1993 habentur.
656 1930 749 1992 Hosti
768 1929 925 1992 acerrimo
945 1928 1073 2016 prodita
1090 1947 1222 1995 senatus

152 2061 163 2083 ιι
180 2031 371 2106 auctoritas,
386 2031 554 2118 proditum
567 2031 740 2118 imperium
753 2048 897 2096 vestrum
908 2055 917 2110 3
929 2030 1019 2094 domi
1035 2032 1223 2120 militiasque

153 2162 163 2184 ι
181 2133 360 2221 respublica
380 2135 500 2198 venalis
519 2134 599 2197 fuit:
615 2157 687 2220 quae
707 2133 769 2196 nisi
790 2134 922 2220 quaesita
939 2149 1054 2214 erunt,
1072 2134 1134 2197 nisi
1150 2134 1223 2198 viu·

152 2264 162 2285 ι
180 2233 321 2297 dicatum
347 2236 381 2298 in
399 2237 529 2317 noxios,
549 2234 629 2323 quid
646 2235 708 2298 erit
724 2234 907 2322 reliquum,
930 2234 993 2297 nisi
1012 2249 1050 2296 ut
1066 2234 1146 2315 illis,
1164 2235 1223 2321 qui

152 2357 216 2397 «ea
231 2337 350 2416 fecere,
366 2337 551 2401 obedientes
570 2335 739 2401 vivamus?
752 2360 828 2399 nam
849 2336 983 2422 impune
1003 2335 1156 2423 quaslibet
1174 2335 1221 2400 fa·

152 2464 163 2488 ¹‹
180 2459 271 2519 cere,
289 2438 322 2502 id
341 2455 390 2502 est
406 2462 515 2528 regem
530 2462 608 2503 esse.

194 2541 345 2604 XXXIV.
370 2571 382 2595 ι
401 2539 595 2629 Neque'ego
611 2563 690 2621 vos,
708 2538 873 2619 Quirites,
895 2537 1029 2618 hortor,
1051 2553 1089 2600 ut
1103 2538 1221 2602 malitis

151 2670 163 2693 ι
180 2641 264 2705 cives
275 2658 399 2705 vestros
414 2664 597 2730 perperam,
611 2663 709 2727 quam
724 2655 826 2718 recte,
840 2639 970 2717 I'eoisse3
986 2636 1043 2701 sed
1059 2660 1115 2720 ne,
1130 2639 1222 2728 igno·

152 2770 164 2793 ι
183 2741 304 2804 scendo
323 2743 431 2822 malis,
449 2743 555 2804 bonos
572 2740 736 2828 perditum
755 2739 852 2801 eatis:
868 2736 909 2799 atl
925 2738 989 2800 hoc
1005 2738 1039 2800 in
1058 2737 1223 2825 republica

153 2871 164 2894 ιι
184 2843 287 2905 multo
314 2857 459 2928 praestat,
484 2841 653 2920 beneficii,
678 2862 775 2926 quam
803 2839 971 2919 maleficii,
997 2830 1222 2905 immemorem

152 2971 163 2996 ιι
181 2966 249 3007 esse
262 2969 270 3024 ;
284 2944 392 3007 bonus
405 2941 634 3007 tantummodo
650 2942 781 3029 segnior
796 2939 849 3014 Iit,
863 2939 921 3002 ubi
935 2939 1094 3028 negligas,
1107 2957 1141 3004 at
1154 2963 1223 3006 ma·

150 3074 163 3097 «
182 3044 232 3107 lus
252 3046 451 3133 improbior:
466 3044 506 3109 ad
529 3045 613 3123 hoc,
635 3044 660 3107 si
685 3042 811 3122 injuriae
834 3065 900 3105 non
925 3041 1009 3122 sint,
1026 3040 1115 3106 haud
1138 3066 1222 3133 saepe

151 3175 162 3199 ι
181 3148 289 3211 atrxilii
309 3171 411 3238 egeas.
426 3179 438 3202 ι
456 3149 532 3211 Haec
548 3163 646 3234 atque
660 3144 734 3207 talia
750 3166 834 3232 saepe
848 3140 1042 3233 ingerendo,
1057 3141 1223 3232 diligentia

150 3246 296 3312 Memmii
309 3250 461 3338 pervicit,
476 3264 514 3312 ut
527 3250 562 3313 L.
577 3247 706 3311 Cassius
720 3262 840 3334 praetor
853 3245 894 3309 ad
907 3244 1103 3333 Iugurtham
1116 3246 1224 3311 mitte·

151 3365 260 3442 retur,
275 3374 417 3439 eumque
436 3349 500 3415 fide
517 3351 648 3439 publica
667 3348 857 3437 interposita
874 3348 1011 3412 Romam
1028 3346 1222 3433 adduceret,

152 3473 217 3535 quo
231 3454 314 3541 regis
326 3455 427 3541 ipsius
439 3453 645 3518 indubitabili
656 3431 779 3515 indicio
793 3452 949 3529 Scaurus,
962 3465 995 3513 et
1006 3450 1128 3532 caeteri,
1139 3472 1222 3539 quos

151 3553 288 3636 pecunia
310 3571 483 3642 corruptos
508 3553 741 3633 autumabant,
762 3552 1053 3615 convincerentur:
1077 3574 1219 3639 quorum

151 3651 304 3717 invidiam
319 3657 449 3720 relictus
463 3658 497 3720 in
510 3654 664 3719 Numidia
676 3654 835 3717 exercitus
850 3651 1059 3740 aggravabat,
1073 3654 1222 3740 pluriuait

150 3769 183 3815 et
200 3751 453 3842 flagitiosishmis
465 3756 568 3821 factis.

178 3855 333 3919 XXXV.
359 3858 442 3919 Nam
469 3859 621 3938 luerunt,
645 3857 701 3942 qui
722 3854 860 3943 pecunia
884 3869 1015 3940 accepta
1033 3854 1222 3941 elephantos

152 3980 169 4018 a
186 3957 346 4045 Iugurtha
364 3956 517 4039 traditos,
532 3959 677 4045 itemque
693 3956 843 4045 perfugas
857 3952 898 4017 ad
915 3955 1111 4042 supplicIum
1127 3956 1222 4020 resti·

152 4072 301 4138 tuerent3
316 4059 368 4121 ulii
382 4081 421 4121 ex
437 4059 557 4145 pacatis
571 4058 655 4147 agris
670 4054 793 4144 praedas
808 4054 967 4145 agebant:
984 4077 1020 4118 ea
1035 4071 1106 4119 tum
1123 4059 1234 4125 avari·.

152 4159 215 4239 tia,
228 4160 328 4222 veluti
342 4160 447 4239 tabes,
463 4160 589 4223 animos
603 4159 777 4223 hominum
793 4158 961 4220 invaserat.
979 4157 1083 4245 Igitur
1094 4158 1224 4226 Cassius

153 4277 271 4341 praetor
284 4284 322 4325 ex
337 4240 556 4351 rogatione&
569 4259 717 4326 Memmii
731 4258 772 4325 ad
782 4258 978 4349 Iugurtham
990 4257 1224 4345 proficiscitun,

189 4445 205 4509 s
218 4448 341 4494 mlv.
353 4447 410 4495 Sall.
423 4447 538 4513 Iugurth.
552 4464 574 4497 c.
585 4449 627 4496 32.
638 4472 673 4487 -
686 4447 738 4497 biv.
747 4447 811 4512 upa.
