2594 4980
136 702 201 776 158
304 710 371 776 10.
399 708 744 777 FREINSHEMII
775 711 1024 789 suPPLEM.

131 833 237 917 tisque
255 829 551 918 propugnatoribus
567 829 790 920 jungebantur
807 831 992 909 tabularum
1007 833 1128 915 iniecn'o

130 938 218 1002 velut
235 933 425 1024 ponticulis,
442 932 647 1023 angiportus,
664 948 697 999 et
712 956 753 999 ex
767 932 868 1001 dono
887 935 923 999 in
941 935 1077 1003 domurn
1093 940 1128 1005 vi

131 1040 221 1103 miles
242 1034 486 1115 transcedebat3
506 1049 538 1098 et
556 1034 611 1101 hic
631 1034 763 1123 quidem
780 1036 815 1103 in
833 1037 926 1101 tectis
939 1037 1076 1124 edium,
1091 1064 1128 1107 ne

130 1141 234 1204 secius
257 1139 359 1219 infra,
383 1152 421 1200 ut
445 1137 532 1201 forte.
550 1136 688 1205 invicem
707 1155 930 1221 occurrerant,
952 1139 995 1207 ad
1009 1144 1128 1233 augipo

130 1243 313 1307 certabatur
330 1264 338 1306 :
356 1241 516 1328 plenaque
528 1254 621 1307 erant
636 1239 747 1309 omnia
763 1240 904 1330 gemitu,
923 1258 956 1307 et
971 1241 1111 1317 dimonis

129 1345 294 1426 moribus,
313 1345 553 1428 vulnerumque
574 1363 612 1406 ac
631 1341 744 1411 mortis
762 1341 849 1409 varia
870 1341 1030 1436 imagine,
1046 1345 1126 1413 dum

128 1448 230 1528 ferro,
256 1447 310 1511 alii
334 1445 429 1509 ruina
452 1444 619 1509 intereunt
642 1442 829 1532 praecipitati
851 1466 890 1509 cx
917 1445 1063 1529 solariis,
1089 1448 1128 1515 αθ

128 1549 237 1632 humi,
259 1545 391 1635 quidam
414 1545 512 1611 etiam
530 1545 564 1608 in
582 1561 704 1625 erectae
723 1546 862 1613 aliorum
879 1546 987 1620 busitu
1009 1550 1128 1639 gladiot

124 1672 203 1714 casu
218 1648 326 1713 delati.
677 1692 682 1711 .

171 1751 289 1819 XLIII.
310 1749 423 1813 Solum
444 1747 553 1813 adhuc
571 1746 760 1815 incendium
777 1749 908 1831 aberam
924 1772 991 1815 non
1013 1752 1128 1823 miseri

125 1855 198 1936 dia,
222 1852 279 1917 sed
297 1852 373 1939 quia
388 1851 488 1939 partis
509 1851 681 1937 utrimque
695 1873 816 1941 magno
832 1873 971 1917 numero
989 1854 1123 1942 repleta

127 1978 201 2019 mus
218 1969 310 2018 erant
326 1977 333 2017 :
350 1952 456 2019 donec
468 1951 511 2016 ad
526 1972 638 2017 muros
654 1955 761 2040 Byrtae
775 1975 794 2018 a
806 1951 958 2040 Scipione
968 1970 1128 2040 penetrati

126 2057 167 2121 ad
194 2079 276 2144 quos
304 2054 545 2136 suffodiendoe,
568 2055 801 2142 quiapropter
823 2053 890 2122 vitu
914 2072 1128 2145 propugnator

123 2157 231 2223 valido
250 2158 368 2223 roboro
384 2172 453 2221 erat
466 2177 570 2244 opue,
582 2154 714 2219 incendi
725 2171 790 2219 tres
801 2155 1007 2225 interiorum
1024 2180 1128 2231 arcem

124 2261 191 2325 vias
204 2260 317 2341 jussit3
336 2259 510 2342 statimque
526 2256 657 2332 ruinae,
673 2269 797 2341 utque
810 2255 852 2319 ab
869 2255 946 2344 igne
959 2255 1056 2325 saeue
1073 2274 1128 2331 'eoa

123 2361 309 2450 repurgari,
321 2380 389 2447 quo
405 2372 517 2445 posset
531 2355 573 2420 ad
587 2377 695 2419 arcem
710 2355 868 2421 exercitus
884 2356 963 2423 citra
978 2358 1128 2448 impediti

123 2480 193 2526 tum
208 2460 370 2526 accedere.
388 2459 475 2541 Hinc
488 2479 566 2521 voro
584 2456 969 2545 multiplicatamalorurn
985 2460 1087 2544 facie,
1105 2461 1128 2529 ll

123 2586 251 2628 mamm
273 2562 431 2650 crepitus,
458 2559 814 2647 procumbentinmque
833 2560 960 2627 sonitus
984 2561 1128 2631 ndiliciu

122 2666 218 2753 longe
235 2665 364 2750 lateque
385 2659 589 2726 horrendum
610 2659 771 2751 fragorem
796 2661 946 2728 edebant.
970 2664 1037 2729 Sed
1061 2666 1126 2731 eti

122 2782 277 2831 caernenta
300 2765 533 2851 materiamque
548 2762 740 2845 domorum,
757 2786 836 2850 quas
855 2764 938 2852 ignia
954 2781 1013 2830 aut
1034 2767 1128 2837 nitur

91 2932 95 2939 ,
120 2868 289 2932 ruentium
305 2866 490 2948 disjecerat,
506 2865 609 2928 multa
624 2862 778 2928 cadavera
789 2866 1087 2953 provolvebantur:
1103 2893 1128 2937 tt

122 2970 218 3037 ctiam
237 2969 405 3048 vivorum,
430 2965 551 3054 quibus
566 2965 728 3053 praecipue
751 2988 845 3031 sexus
869 2985 924 3031 aut
939 2986 1015 3035 totas
1033 2970 1128 3037 inlitu

120 3072 257 3135 latebras
283 3085 443 3149 suaserat,
465 3067 518 3131 alii
535 3066 765 3147 semiustulati,
781 3067 915 3154 quidam
939 3068 1086 3139 laceratis
1109 3073 1128 3137 l

120 3173 332 3261 corporibus,
363 3168 536 3236 miserabili
567 3190 644 3233 curn
672 3168 793 3247 ejulatu
818 3170 997 3260 praecipitet
1023 3173 1128 3243 mdeb

120 3274 170 3337 Ne
187 3275 234 3337 sic
257 3273 390 3361 quidem
407 3270 481 3335 linit
499 3269 660 3333 malorum
678 3286 765 3351 crat3
787 3271 845 3337 sed
867 3272 987 3360 quibus
1005 3276 1128 3343 munita

117 3376 176 3439 viae
194 3374 307 3438 datum
323 3371 492 3461 negotium
510 3371 631 3453 luerat,
648 3371 810 3460 quidquid
830 3391 905 3440 ante
922 3375 1024 3463 pedes
1041 3395 1128 3463 emt,

118 3475 223 3564 pidet,
246 3477 350 3566 ligna,
373 3472 543 3552 cadavera,
563 3472 653 3536 vivos
671 3488 769 3561 atque
790 3476 984 3562 semineces,
1001 3480 1106 3547 futuit

116 3579 311 3642 ramentisve
326 3589 512 3662 correptos,
531 3573 565 3637 in
583 3574 691 3639 foveas
706 3591 741 3640 ct
758 3577 827 3641 loca
843 3599 919 3643 cava
930 3580 1128 3667 protraheba

117 3680 162 3744 ibi
181 3678 332 3767 quidam,
348 3675 507 3763 capitibus
526 3674 578 3739 alii
592 3676 651 3739 alia
668 3693 758 3764 parte
775 3679 919 3767 corpotis
935 3696 1118 3765 exstantes,

116 3805 193 3845 cum
208 3781 314 3844 anima
335 3777 553 3859 luctabantur,
572 3779 688 3842 amissa
704 3780 794 3844 omni
814 3779 944 3844 vivendi
961 3803 1019 3871 epe
1039 3806 1078 3853 ac
1092 3806 1128 3855 vo

116 3908 159 3948 ne
176 3883 289 3947 mortis
307 3879 441 3969 quidem
458 3895 604 3944 extremo
622 3880 736 3946 solatio
758 3897 944 3970 compotee3
961 3881 1069 3951 tlonoc
1084 3906 1128 3975 oq

117 4008 191 4051 rum
207 3982 339 4073 ungulis
354 3981 486 4063 obtriti,
498 3981 716 4053 miserrimum
733 3981 884 4071 spiritum
900 3985 1128 4055 acerbissimo:

115 4085 327 4174 expellerent,
344 4100 409 4147 tam
430 4085 500 4148 sine
518 4084 614 4173 culpa
634 4084 836 4167 facientium,
855 4107 953 4173 quarn
972 4086 1045 4153 tine
1061 4088 1128 4157 min

115 4185 235 4251 cordia.

160 4292 273 4354 XLIV.
294 4290 362 4354 Nec
379 4290 466 4354 enirn
488 4289 562 4353 dntn
581 4312 677 4375 opera
696 4289 764 4353 hece
789 4306 854 4354 tam
871 4288 1014 4354 crudelia
1031 4291 1127 4380 gereb

150 4471 166 4537 ,l
180 4475 272 4520 xttu.
285 4499 320 4509 -
331 4474 419 4518 Zonar.
429 4498 464 4508 -
473 4470 579 4533 Appinn.
