2594 4980
229 702 287 771 tn
317 700 430 770 LOC.
456 703 551 770 LIB.
577 703 698 772 XLVI
727 704 940 776 LIVIANI.
1097 733 1115 801 7

60 840 183 888 «torum
195 845 268 887 uno
279 822 411 888 decreto
420 839 526 888 vestro
541 825 653 913 periit:
665 824 719 889 cui
730 824 862 912 quidem
871 825 1004 891 obedire
1013 850 1117 915 quan-

60 948 170 1014 ·quam
178 926 325 990 marimo
335 948 412 990 cum
422 927 606 1014 reipublice
615 943 733 992 nostrat
743 926 937 993 detrimento
947 930 1118 1012 conjuncta

62 1050 122 1092 ares
134 1045 225 1107 erat,
237 1049 307 1091 non
320 1025 518 1092 distulimus.
530 1028 660 1112 Quibus
678 1051 718 1092 ex
728 1028 989 1094 rebus'effectum
1003 1044 1066 1114 est,
1082 1047 1120 1094 ut

62 1129 212 1209 «majores
228 1151 340 1217 poenas
349 1129 469 1193 Rhodii
482 1129 667 1195 dederimus
682 1130 783 1194 semel
798 1128 890 1194 dubii
902 1130 1012 1212 amici,
1022 1153 1120 1218 quam

64 1252 205 1318 «semper
216 1231 296 1294 certi
307 1231 419 1295 hostes
431 1230 626 1294 Macedones
637 1253 645 1294 ι
658 1246 696 1293 ut
705 1230 771 1311 jam
782 1231 858 1294 alias
871 1247 1032 1295 taceamus
1045 1253 1124 1320 gen·

63 1346 139 1412 «tes,
151 1352 195 1394 ne
207 1331 265 1394 cui
278 1330 534 1395 incolumitatem
551 1354 643 1396 suam
659 1331 804 1397 invidere
819 1332 928 1420 potius
938 1381 947 1415 ‚
957 1355 1055 1421 quam
1068 1356 1121 1398 ve·

64 1430 187 1494 utari
206 1448 328 1496 notum
344 1432 524 1498 videamur.

100 1533 156 1597 xl.
169 1561 183 1587 ι
192 1534 235 1596 Et
243 1549 353 1597 tamen
362 1534 564 1622 praecipuum
574 1534 710 1600 civitatis
720 1551 837 1600 nostrae
845 1536 965 1600 vulnus
976 1534 1124 1599 nondum

66 1632 186 1722 «attigi,
196 1631 288 1720 quod
304 1635 511 1722 exemptione
520 1637 612 1718 Deli,
623 1636 821 1725 demptaque
832 1637 956 1726 populo
970 1637 1011 1702 de
1026 1634 1125 1726 portu

66 1734 260 1821 «etpublicis
282 1735 444 1800 stamendi
454 1753 629 1825 potestate,
639 1739 840 1827 portorium,
850 1739 914 1803 hoc
925 1755 989 1821 est,
1003 1737 1125 1803 rhodie

67 1836 125 1898 moi
138 1834 264 1900 fundus
277 1853 311 1901 ot
325 1839 477 1902 columen
489 1839 535 1904 sic
546 1839 686 1922 interiit,
699 1855 736 1904 ut
746 1839 837 1928 quod
846 1840 943 1929 paulo
956 1854 1031 1904 ante
1045 1862 1126 1928 qua-

68 1936 206 2027 ·dragies
216 1938 291 2004 H-S.
304 1939 403 2003 locari
416 1955 644 2017 consueverat,
652 1939 751 2005 hodie
759 1941 812 2004 vix
822 1941 856 2004 in
869 1957 1018 2006 sexcenta
1027 1941 1127 2005 millia

67 2059 257 2103 «nummum
268 2040 413 2110 inveniat
423 2039 663 2129 redemptorem
677 2041 799 2123 redeo,
812 2042 922 2107 Patres
936 2042 1127 2130 conscripti,

67 2139 231 2226 nugatum
243 2139 366 2228 premit
376 2141 425 2205 ira
437 2156 603 2224 vestra,et
614 2142 702 2230 ipsos
717 2142 809 2230 quasi
822 2165 938 2208 nervos
952 2143 1067 2208 incidit
1079 2144 1127 2207 ci·
1148 2134 1150 2139 ¹

68 2239 198 2304 «vitatis.
215 2240 317 2323 Quod
332 2242 361 2304 si
376 2241 511 2307 meritos
526 2243 595 2307 htec
612 2259 742 2332 urgeret
757 2243 939 2328 calamitas,
957 2267 1032 2327 non
1042 2245 1128 2309 foret

68 2341 262 2424 «absonum,
277 2343 411 2431 publico
425 2343 541 2408 delicta
557 2343 711 2427 consilio,
725 2343 864 2432 publicis
882 2367 1015 2433 quoque
1031 2345 1128 2409 mise·

69 2442 137 2504 uiis
152 2444 299 2532 expiari:
318 2466 408 2508 nunc
423 2461 549 2526 autem,
566 2443 698 2530 quando
715 2461 748 2509 et
770 2466 950 2532 paucorum
961 2445 1022 2508 iste
1036 2444 1129 2508 furor

69 2543 162 2624 ·fuit,
172 2560 208 2609 et
217 2567 351 2608 reorum
364 2547 513 2609 omnium
527 2545 691 2633 suppliciis
703 2546 827 2635 populo
837 2544 957 2610 rhodio
966 2547 1129 2634 expiatus3

69 2644 291 2731 uelinquitur,
302 2660 340 2708 ut
350 2645 484 2709 remotis
500 2668 518 2708 a
532 2667 629 2710 sensu
638 2647 798 2728 malorum
810 2647 973 2728 sontibus,
985 2647 1132 2736 indigna·

69 2745 244 2810 «tiovem
254 2745 484 2810 tantummodo
493 2746 647 2811 adversus
657 2747 846 2812 innocentes
858 2747 1017 2811 desaetiat.
1030 2747 1131 2829 Quod

71 2847 163 2933 «quia
181 2868 289 2933 neque
311 2869 372 2935 pro
397 2864 512 2912 caetera
536 2846 786 2912 mansuetudine
803 2864 924 2923 vestra,
941 2871 1049 2934 neque
1069 2869 1131 2935 pro

69 2945 189 3033 ·gloria
198 2947 313 3034 saepius
323 2947 542 3037 ignoscendo,
552 2970 650 3036 quam
659 2948 856 3013 vindicando
866 2941 1014 3035 quesita,
1025 2950 1131 3012 facere

71 3047 262 3129 ¹videmini3
277 3065 366 3113 certa
382 3072 435 3113 me
452 3072 523 3139 spes
540 3065 643 3126 tenet,
659 3049 747 3131 fore,
763 3048 988 3138 utaliquando
1005 3048 1132 3114 miseri·

72 3148 225 3224 «cumin,
242 3171 341 3236 quam
359 3151 432 3234 iroe,
450 3151 635 3215 meminisse
652 3151 779 3215 malitis.

109 3249 183 3312 ΧΗ.
194 3279 208 3306 ι
218 3249 272 3314 Ob
284 3252 457 3316 amentiam
471 3274 666 3339 paucorum,
679 3250 877 3317 iracundiam
895 3274 963 3315 non
979 3249 1131 3331 injustam

74 3366 202 3414 «contra
225 3349 373 3416 Rhodios
392 3354 583 3442 concepistis
602 3369 753 3441 :quanto
778 3354 901 3441 aequius
925 3352 1024 3416 fuerit
1040 3352 1133 3416 venia

75 3453 243 3539 «pmsequi
252 3454 382 3518 sceleris
392 3453 561 3537 innoxios,
573 3455 617 3518 ob
631 3476 774 3519 errorem
788 3455 967 3542 supplices,
982 3468 1016 3516 et
1028 3453 1132 3540 pteni-

76 3553 190 3616 ·tentia
207 3575 246 3617 ac
261 3553 427 3642 obsequiis
442 3554 580 3619 admissa
596 3554 820 3620 correcturos?
833 3554 1009 3622 Amisimus
1025 3551 1134 3642 digni·

77 3667 209 3737 ·tatem,
224 3656 421 3743 potentiam,
434 3656 615 3743 vectigalia,
629 3656 725 3719 etiam
741 3655 902 3735 libertate,
913 3677 975 3742 pro
990 3676 1055 3741 qua
1068 3652 1132 3733 jam

76 3753 166 3818 «inde
181 3755 224 3820 ab
240 3756 473 3844 antiquissimis
490 3756 692 3845 temporibus
710 3756 793 3820 nihil
813 3777 880 3819 non
903 3753 1134 3836 sustinuimus,

76 3855 177 3921 «baud
186 3880 303 3946 parum
316 3859 488 3923 imminuta
499 3882 507 3923 ε
518 3874 552 3922 et
566 3874 674 3922 tamen
685 3859 819 3922 ferimus
830 3858 889 3920 ista
906 3857 1132 3944 patimurque:

77 3957 191 4022 «modo
209 3960 257 4023 sic
275 3957 406 4024 tandem
428 3961 625 4024 satisfactum
645 3960 687 4023 sit
706 3960 761 4024 irae
780 3972 913 4039 vestrae,
929 3957 1039 4021 Patres
1058 3978 1136 4020 con·

77 4060 447 4149 «scripti,aerumuaeque
465 4060 670 4126 Rhodiorum
686 4061 738 4127 vel
754 4062 788 4124 in
809 4061 870 4124 hac
887 4060 1018 4124 fortuna
1033 4056 1133 4123 finem

79 4157 258 4226 «inveniant
270 4184 279 4226 ι
292 4161 327 4225 id
342 4179 451 4226 autem
477 4164 568 4227 nullo
588 4179 684 4252 pacto
709 4184 838 4251 sperare
859 4159 1031 4242 audemus,
1055 4158 1133 4240 nisi,

80 4261 184 4346 «quod
200 4263 295 4328 toties
311 4264 492 4346 oravimus,
510 4265 545 4328 in
563 4263 736 4328 amicitiam
753 4263 1004 4346 societatemque
1022 4258 1136 4348 populi

102 4454 126 4518 S
134 4459 166 4506 X.
177 4457 251 4506 Diod.
262 4459 330 4523 apud
341 4459 421 4507 Valcs.
435 4485 470 4496 -·
480 4456 496 4522 S
507 4462 554 4507 11.
566 4461 654 4524 Polyb.
