2594 4980
328 690 379 760 IN
409 690 520 758 LOC.
546 687 640 758 LIB.
667 689 799 759 LXIII
829 689 1042 762 LIVIANI.
1146 691 1218 781 433

198 810 255 874 IX.
275 813 400 875 Interea
413 812 450 875 C.
460 809 606 874 Caecilius
616 810 783 886 Metellus,
797 811 1013 898 CnPapirIus
1023 813 1128 878 Carbo
1142 836 1219 879 con·

154 911 239 975 sules
251 912 338 975 facti.
355 913 457 976 Multa
475 927 544 974 tum
561 910 879 1001 prodigianuntiata3
898 914 1018 976 clarum
1031 913 1094 980 diei
1105 916 1224 983 lumen-

155 1028 251 1077 nocte
267 1014 372 1076 visum
387 1036 395 1076 :
413 1011 579 1076 aediculam
594 1029 626 1076 et
641 1013 770 1102 signum
789 1013 829 1078 de
846 1015 922 1078 coelo
936 1031 1018 1080 tacta
1035 1039 1042 1080 :
1059 1040 1145 1080 uram
1160 1020 1218 1083 So·

154 1116 231 1179 lutis
242 1117 456 1203 interruptam
468 1139 475 1179 :
487 1116 518 1178 in
524 1115 663 1204 Lucanis
673 1131 706 1178 et
712 1115 890 1179 Priuernati
901 1138 1014 1205 agrum
1024 1119 1086 1182 late
1097 1119 1218 1186 hiesse:

156 1235 299 1282 montem
323 1218 505 1297 Albanum,
529 1233 561 1280 et
584 1217 617 1279 in
634 1215 735 1281 Gallia
754 1217 868 1282 caelum
888 1218 1012 1282 arsisse.
1034 1220 1164 1300 Quibus
1183 1223 1218 1285 in

156 1319 290 1405 vngnm
305 1316 430 1398 diditis,
447 1341 550 1404 quum
565 1334 658 1380 aucta
671 1319 803 1383 eoelestis
822 1319 875 1380 irae
892 1319 1034 1383 formido
1050 1337 1152 1403 essct,
1171 1323 1220 1403 ju·

157 1418 277 1482 dicium
290 1419 419 1482 Liciniae
436 1418 545 1482 multis
564 1418 770 1482 sermonibus
787 1419 898 1507 agitari
915 1420 1011 1508 coepit
1028 1444 1036 1484 :
1056 1444 1078 1483 a
1084 1419 1220 1510 panefi-

155 1522 240 1584 cibns
256 1519 361 1600 illam,
379 1543 443 1583 non
459 1544 481 1582 a
497 1520 556 1582 diis
573 1519 752 1584 absolutam
769 1543 831 1583 essa
842 1544 853 1583 .·
867 1521 939 1600 bos,
961 1524 1037 1608 quea
1055 1523 1177 1611 negligi
1188 1547 1221 1588 se

155 1623 287 1686 videant
294 1671 304 1701 ,
317 1634 503 1709 contemptae
515 1619 686 1710 majestatis
699 1620 847 1685 ultionem
863 1619 1029 1707 manfisto
1042 1645 1159 1687 sumere
1172 1624 1223 1689 de·

156 1728 288 1788 crevisse.
308 1723 350 1786 Id
363 1747 427 1787 non
445 1723 539 1785 modo
542 1721 763 1811 frequentibus
776 1737 807 1784 et
820 1725 906 1785 sceris
912 1722 1068 1810 prodigiis
1084 1727 1221 1806 urinari3

155 1827 210 1889 scd
218 1825 502 1889 crudelissimorum
510 1825 652 1912 gentium
662 1823 748 1887 bellis
759 1821 1113 1911 atqnapopulatrom'bus
1122 1841 1222 1891 osten·

156 1930 227 1992 dere
238 1951 249 1990 .·
260 1926 452 2006 Scordiscos,
474 1925 688 2013 Cimbrosque,
706 1939 738 1988 et
752 1925 898 1988 inaudita
909 1937 1042 2012 patrum
1054 1940 1150 1991 atate
1165 1950 1221 1992 no·

156 2034 261 2109 mina,
280 2053 320 2091 ne
339 2027 429 2116 longe
447 2028 570 2115 quidem
589 2027 692 2091 abesse
700 2051 713 2106 ;
729 2027 802 2114 jam
818 2028 850 2088 in
862 2029 1022 2113 proximis
1033 2031 1220 2114 provinciis,

156 2136 188 2195 in
204 2134 275 2218 ipsu
288 2126 521 2216 ltaliaefinibus
540 2130 684 2217 conspici.

200 2235 242 2295 X.
261 2233 459 2295 Manentibus
476 2231 632 2295 malornm
644 2233 763 2311 carnis,
773 2226 1007 2317 fincmsrustra
1020 2233 1221 2319 exspectari:

156 2334 352 2396 liberandam
369 2337 454 2397 ocius
470 2333 617 2421 religione
637 2335 813 2413 civitatem,
834 2345 865 2396 et
882 2336 1057 2397 nocentium
1072 2333 1223 2422 supplicio

156 2437 369 2500 redimendam
384 2435 512 2499 deorum
523 2459 638 2525 pacem
655 2458 726 2499 esse.
745 2436 854 2522 Neque
876 2434 1009 2522 πψτη,
1029 2434 1117 2522 quod
1130 2434 1225 2499 semel

156 2540 291 2602 decresse
302 2537 469 2625 collegium
481 2538 629 2601 dicmur:
639 2542 735 2600 etiam
746 2538 780 2597 in
787 2537 883 2597 sacris
888 2534 1026 2622 ,populr',
1041 2559 1225 2624 quampon·

157 2636 295 2724 tficum,
311 2641 461 2727 majorem
470 2651 656 2725 potestatem
666 2660 727 2699 esse
739 2660 750 2697 .·
760 2634 853 2721 idque
860 2631 1028 2720 pontifices
1038 2638 1117 2720 ipsos
1130 2660 1225 2722 agno·

159 2743 241 2801 visse.
256 2739 306 2801 Sic
327 2738 362 2801 C.
377 2738 518 2801 Cassium
535 2758 708 2813 censorem,
727 2736 850 2819 signnm
874 2733 1057 2797 Concordiae
1078 2735 1224 2802 dedicare

157 2842 349 2926 cupientem,
366 2861 387 2898 a
400 2835 530 2921 collegio
541 2836 588 2898 ad
595 2834 711 2922 populi
722 2834 919 2896 voluntatem
931 2834 1076 2921 rq'ectum
1088 2860 1099 2898 :
1113 2840 1156 2901 sic
1171 2838 1226 2903 de-

158 2944 237 3001 cimo
256 2952 328 3000 anta
343 2960 428 2999 anno
443 2935 612 3000 cedr'culam
625 2935 680 2997 sub
698 2956 780 2996 saxo
796 2955 907 3012 sacro,
924 2958 967 2997 ea
976 2934 1161 3022 pontficum
1172 2962 1223 3005 re.

160 3063 267 3128 sperno
277 3038 433 3103 sublatam
446 3060 523 3116 csse,
534 3035 622 3128 quod
634 3058 705 3099 eam
716 3034 837 3126 injussu
841 3034 956 3125 populi
963 3035 1086 3101 Licinia
1093 3039 1223 3105 vesum

158 3142 337 3205 dedicasset.

203 3245 261 3308 XI.
279 3245 355 3307 Haec
372 3266 439 3307 non
452 3243 518 3323 jam
539 3242 704 3330 privatim,
720 3238 777 3305 sed
796 3242 898 3305 aSex.
911 3239 1070 3305 Peducaeo
1089 3242 1223 3309 tribuno

160 3347 261 3432 pIebis
281 3369 340 3433 pro
360 3346 472 3409 rostris
487 3343 708 3425 jactabantur,
731 3343 789 3429 qni
811 3342 846 3404 L.
860 3340 1023 3407 Metellum
1037 3339 1224 3430 pontfiaem

160 3452 337 3509 maximum
348 3495 358 3527 ,
385 3461 542 3534 totumque
566 3444 732 3532 collegium
749 3437 939 3532 poruficum
964 3441 1047 3503 male
1060 3444 1224 3531 judicasse

161 3548 365 3630 criminatus,
389 3564 553 3636 postremo
575 3546 777 3634 rogationem
802 3543 893 3622 tulit,
913 3555 950 3605 ut
966 3553 1062 3605 extro
1081 3544 1225 3613 ordinem

155 3647 291 3736 populus
294 3662 462 3735 praetorem
460 3647 602 3735 faceret,
611 3651 665 3734 qui
673 3646 712 3709 de
724 3648 837 3708 incesto
849 3646 1049 3731 quoestronem
1058 3664 1225 3713 exerceret.

162 3751 295 3811 Crestus
316 3765 364 3810 est
382 3749 417 3811 L.
431 3749 575 3828 Cassius,
592 3748 648 3833 qui
665 3745 780 3810 consul
798 3760 831 3806 et
848 3766 965 3837 censor
978 3743 1083 3808 fuerat
1100 3770 1108 3810 :
1125 3750 1224 3814 tristis

162 3852 248 3915 enim
269 3867 302 3914 et
321 3851 530 3938 incorruptus
548 3847 648 3928 judex
663 3845 887 3935 quaerebatur,
907 3844 1035 3930 qualem
1056 3869 1131 3910 eum
1155 3850 1225 3914 sore

162 3953 303 4040 populus
319 3973 473 4033 romanus
486 3948 698 4013 exisumabat.
714 3948 829 4033 Neque
843 3962 1033 4034 conceptam
1048 3948 1090 4012 de
1105 3973 1139 4013 sc
1155 3952 1227 4040 opi·

163 4056 295 4118 nionem
320 4053 442 4116 fefellit.
466 4051 541 4115 Non
560 4051 646 4113 enim
671 4049 751 4112 duas
772 4046 872 4111 modo
889 4047 1050 4138 virgines,
1069 4050 1126 4113 sed
1143 4052 1225 4121 adeo

163 4173 315 4243 preterca
339 4154 459 4217 multos
482 4151 730 4233 condemnavit,
754 4166 791 4213 ut
815 4148 958 4213 tribunal
980 4149 1048 4228 ejus
1073 4156 1225 4242 scopulus

197 4333 581 4400 six.1J.c.639;A.C.113.
596 4358 632 4369 -
645 4331 710 4384 Plio.
724 4334 764 4389 II,
780 4331 821 4380 33.
836 4357 870 4367 -
886 4329 936 4379 snt.
951 4328 1042 4394 Obseq.
1056 4357 1091 4370 -·
1103 4332 1225 4399 §1.Cie.

162 4436 206 4484 pro
220 4420 308 4476 domo,
322 4436 375 4484 erp.
391 4419 432 4467 5³.

285 4516 345 4585 IX.
991 4508 1035 4581 28
