2594 4980
153 695 221 765 382
326 697 393 763 JO.
422 694 762 763 FREINSHEMII
793 695 1036 764 SUPPLEM.

151 841 218 881 mas
235 817 374 880 actiones
392 816 506 878 Caium
525 815 710 903 suscepisse.
729 815 790 879 Die
809 816 1019 880 comitiorum
1033 838 1139 904 quum
1157 842 1223 907 po-

149 922 245 1010 pulus
257 919 358 1007 prima
370 919 442 980 luce
453 918 648 1005 Capitolium
661 918 855 1006 implevisset
864 966 873 998 ,
879 919 1013 1006 jamque
1022 918 1068 983 Μ.
1080 921 1222 988 Flaccus

149 1046 224 1086 curn
242 1045 281 1084 eo
302 1043 396 1108 agere
412 1043 544 1083 exorsus
562 1035 665 1099 esset,
683 1041 802 1108 magno
824 1019 959 1107 stipatus
975 1021 1102 1109 agmine
1120 1023 1221 1088 Caius

148 1128 263 1191 eodem
280 1125 471 1190 contendit:
493 1123 549 1188 sed
566 1123 740 1211 impeditus
758 1124 964 1188 inimicorum
981 1148 1138 1207 occursu,
1157 1126 1219 1192 de·

147 1228 264 1291 clinato
277 1227 426 1306 comitio,
439 1228 471 1287 in
487 1226 650 1313 porticum
667 1225 813 1307 secessit,
826 1225 946 1307 donec,
959 1226 1038 1313 quid
1049 1226 1219 1316 agendum

147 1351 206 1417 pro
224 1344 369 1416 ternpore
384 1344 484 1408 esset,
499 1328 728 1391 consideraret.
872 1335 885 1371 l

189 1431 277 1493 XVI.
303 1430 437 1491 Interim
456 1431 496 1510 Q.
513 1429 675 1517 Antyllius
689 1428 812 1517 Opimii
826 1451 949 1517 praeco,
964 1451 1101 1515 quamn
1116 1432 1220 1495 sacti·

146 1530 220 1594 licio
232 1531 374 1593 consulis
386 1548 457 1594 exta
470 1530 671 1618 deportaret,
683 1531 813 1594 turbam
825 1531 1057 1594 triumviralem
1070 1530 1217 1611 findens,

146 1636 258 1697 «Date
282 1634 408 1712 locum,
432 1633 603 1714 exclamat,
625 1632 721 1695 bonis
745 1632 869 1695 civibus
895 1632 1053 1719 improbi!
1071 1662 1084 1687 υ
1108 1634 1218 1699 Simul

146 1735 307 1798 nudatum
322 1734 490 1796 brachium
508 1733 647 1821 turpiter
658 1748 860 1797 commotum
873 1733 1067 1820 exporrigit:
1085 1734 1118 1796 in
1133 1756 1218 1799 con·

146 1838 313 1899 tumeliam
339 1835 371 1897 id
394 1850 583 1922 acceptum,
607 1835 752 1922 stilisque
769 1834 988 1922 longioribus,
1011 1835 1066 1921 qui
1092 1832 1135 1899 tle
1161 1837 1218 1899 in·

146 1935 268 1999 dustria
286 1937 453 2024 praeparati
470 1935 564 1998 caedis
580 1958 676 2000 causa
696 1934 901 2015 dicebantur,
917 1936 1089 2000 confestim
1110 1936 1217 2002 homo

145 2041 314 2102 conlossus
331 2056 389 2101 est.
417 2038 482 2119 Qui
508 2037 656 2102 Graccho
673 2038 851 2125 iniquiores
872 2053 966 2119 sunt,
987 2038 1069 2101 nihil
1093 2055 1216 2102 contu·

145 2141 276 2203 meliose
287 2139 411 2203 dictum
422 2141 608 2228 laetumque
618 2140 659 2204 ab
671 2141 813 2231 Antyllio
823 2138 1043 2216 tradiderunt,
1055 2141 1111 2205 sed
1121 2143 1216 2207 hunc

144 2244 176 2305 in
192 2243 319 2330 porticu
334 2242 581 2322 sacrificantem,
594 2264 696 2330 quum
711 2242 888 2330 praeteriret
901 2241 1083 2322 Gracchus,
1095 2242 1215 2323 injecta

143 2368 241 2408 manu
257 2347 434 2435 rogavisse,
454 2347 563 2432 patriae
578 2358 733 2433 parceret.

185 2448 291 2511 XVII.
310 2448 396 2510 Tum
411 2447 576 2526 Graccho,
588 2461 743 2533 tanquam
757 2445 798 2509 ad
812 2446 942 2534 cogitati
956 2443 1083 2508 sceleris
1098 2466 1215 2533 expro-

141 2547 342 2627 brationem,
361 2567 491 2611 torvum
509 2548 676 2623 intuente,
695 2548 861 2611 clientium
875 2547 1036 2634 aliquem,
1052 2567 1113 2610 nec
1129 2568 1213 2611 roce

142 2650 220 2730 ulla,
235 2673 295 2714 nec
309 2651 402 2739 signo
417 2666 617 2737 exspectato,
629 2647 686 2715 sed
700 2672 739 2714 ex
747 2650 839 2712 vultu
853 2665 995 2712 mentem
1010 2648 1213 2736 perspexisse

141 2768 264 2832 ratum,
282 2752 428 2815 districto
450 2753 593 2840 pugione
612 2752 732 2816 caedem
755 2752 938 2840 patravisse.
962 2752 1138 2836 Utcunque
1158 2772 1212 2814 res

140 2868 228 2938 gesta
252 2868 315 2931 est,
337 2853 503 2941 aegerrimo
524 2854 633 2917 animo
653 2854 728 2917 tulit
749 2877 819 2917 earn
843 2855 962 2918 Caius:
982 2874 1152 2940 quumque
1175 2875 1212 2917 se

139 2969 336 3041 purgaturus
358 2956 390 3016 in
415 2956 523 3018 forum
549 2955 788 3037 descendisset,
812 2980 873 3021 nec
898 2956 1011 3020 audire
1035 2957 1210 3044 quisquam

139 3055 313 3118 sustineret
330 3055 437 3141 (caede
454 3058 540 3118 enim
565 3058 713 3147 cognita,
731 3059 830 3121 nescii
853 3058 911 3121 ubi
933 3058 1152 3121 constiturum
1175 3055 1210 3120 id

139 3157 323 3243 exemplum
342 3175 440 3240 esset,
461 3159 582 3245 templo
600 3157 815 3248 diffugerant,
834 3177 866 3224 et
885 3175 1062 3223 tentantem
1083 3156 1210 3238 dicere,

138 3273 291 3343 tanquam
316 3259 399 3320 civili
417 3261 574 3345 sanguine
595 3259 777 3346 pollutum,
794 3259 1062 3345 aversabantur);
1088 3281 1210 3347 magno

139 3356 250 3421 dolore
264 3376 450 3445 correptus,
465 3358 594 3421 turbam
610 3382 701 3423 suam
712 3361 890 3450 increpuit,
902 3363 990 3451 quod
998 3361 1210 3449 t'rtimt'et'sjom

132 3459 254 3545 pridem
271 3460 329 3522 hoc
342 3463 570 3546 prementibus,
583 3462 719 3526 colorem
736 3464 882 3529 adversus
895 3489 956 3529 sese
968 3463 1184 3552 praebut'ssent.

182 3562 302 3626 XVlll.
327 3564 442 3650 Neque
468 3564 572 3628 defuit
599 3567 714 3629 consul
741 3567 925 3643 occasioni,
951 3567 1030 3653 quin
1055 3587 1207 3652 magnam

137 3664 215 3727 Caio
237 3665 391 3729 invidiam
412 3664 583 3745 conflaret,
600 3667 691 3753 quasi
714 3668 781 3730 cive
808 3668 995 3747 interfecto,
1012 3665 1208 3729 concionem

138 3766 232 3827 etiam
257 3788 274 3828 a
298 3768 429 3830 tribuno
456 3769 557 3855 plebis
584 3792 718 3832 avocare
740 3792 837 3832 ausus
860 3784 952 3832 esset.
978 3771 1063 3833 Dato
1086 3765 1208 3830 deinde

137 3869 232 3930 certis
247 3869 433 3933 hominibus
450 3871 597 3959 negotio,
611 3887 647 3934 ut
663 3887 738 3934 ante
752 3872 856 3934 lucem
871 3885 1010 3934 armatos
1024 3870 1057 3931 in
1074 3868 1207 3955 Capito·

139 3969 217 4031 lium
231 3969 445 4051 adducerent,
456 3972 594 4036 dimissis
606 3973 809 4061 praeconibus
822 3989 969 4037 senatum
984 3970 1106 4035 indicit.
1120 3969 1207 4057 lpse,

139 4072 385 4137 aedeCastorum
401 4093 574 4162 occupata,
589 4076 791 4139 occasionem
805 4099 896 4140 suam
907 4073 1083 4163 opperitur.
1093 4072 1206 4135 Irrita·

172 4297 187 4361 S
202 4298 259 4343 XV.
274 4297 397 4345 Plutarch.
408 4324 442 4331 -
451 4297 557 4353 ocosv,
572 4312 610 4343 12.
621 4297 680 4363 —§
694 4299 762 4344 xvt.
774 4299 880 4362 Appian.
891 4325 924 4333 -
935 4300 1008 4345 Auct.
1020 4297 1051 4344 de
1059 4298 1114 4346 Vir.
1123 4297 1159 4345 ill.
1171 4325 1208 4334 —-

138 4367 259 4415 Plutarch.
273 4395 308 4402 —
321 4368 336 4431 3
349 4370 432 4416 nvn.
444 4363 477 4413 U.
489 4368 516 4413 C.
535 4368 584 4414 631
598 4384 605 4424 ;
623 4368 655 4417 A.
666 4369 695 4417 C.
712 4383 758 4415 aar
779 4394 814 4405 -
825 4369 947 4418 Plutarch.
958 4368 984 4416 ira
999 4369 1028 4417 C.
1038 4368 1160 4421 Graccho.
1173 4395 1209 4406 -

140 4451 246 4515 Appian.
260 4478 295 4486 -
305 4455 377 4500 Auct.
388 4452 421 4498 de
429 4451 481 4496 Vir.
494 4450 526 4495 ill.
