2594 4980
256 733 313 802 m
343 731 457 801 noc.
484 732 581 800 mn.
608 733 740 801 tvm
770 692 996 803 Lrvrsur.
1086 732 1155 805 305

103 870 250 915 amanam
268 850 374 914 studio
393 851 453 915 hac
473 851 540 932 ejus
559 850 753 918 contumelia
774 874 840 945 non
859 854 994 940 graviter
1012 878 1158 920 commo·

102 953 198 1015 sveri.
214 952 338 1039 Ecquid
350 954 434 1016 enim
453 975 521 1016 esse
532 974 633 1016 rausae
651 968 775 1040 potest,
789 975 848 1016 cur
855 953 1012 1049 judicium
1021 956 1090 1034 ejus
1106 959 1157 1020 in·

102 1040 252 1133 «eusent,
266 1054 322 1140 qui
333 1069 470 1117 vestram
480 1053 598 1116 scilicet
609 1055 710 1117 vicem
721 1053 941 1142 indignantur,
954 1057 1010 1119 uni
1025 1059 1158 1124 tribuno

102 1152 173 1230 «jus
184 1152 370 1240 ademptum
390 1176 474 1234 esse,
491 1155 730 1241 homines,·qui
749 1177 916 1241 nunquam
933 1157 1011 1220 illud
1028 1175 1156 1241 natum,

103 1269 156 1315 «et
176 1276 265 1316 nunc
283 1276 430 1341 quoque,
449 1255 475 1317 si
492 1277 555 1341 qua
573 1257 706 1341 possent
711 1301 721 1334 ,
735 1276 881 1318 eversum
898 1257 1157 1347 exstinctumque

103 1352 228 1415 «modis
247 1354 398 1417 omnibus
415 1354 571 1417 mallent?

146 1455 349 1519 XXXVHL«
363 1456 437 1518 Non
448 1470 583 1534 temere,
601 1477 707 1541 neque
723 1454 911 1519 festinanter
923 1474 1010 1522 tanta
1024 1478 1160 1533 resarta

104 1570 197 1618 aest:
220 1571 314 1642 atque
331 1557 453 1619 utinam
470 1556 531 1618 alia
546 1554 675 1619 tuendae
691 1555 791 1642 plebis
808 1557 888 1618 ratio
904 1557 1035 1639 fuisset,
1053 1582 1160 1648 neque

103 1655 310 1719 sanctoribus
327 1657 393 1719 istis
406 1672 532 1719 tantum
549 1656 601 1719 ille
616 1655 743 1735 juvenis
763 1659 972 1722 contumaciae
986 1659 1159 1743 induisset,

102 1770 163 1816 «ut
178 1756 265 1818 velut
283 1755 404 1819 indicto
421 1756 490 1818 sine
513 1755 664 1818 missione
686 1757 880 1837 certamine,
904 1774 960 1821 out
975 1760 1019 1823 illi
1042 1762 1160 1826 caden-

103 1854 220 1935 «dum,
231 1857 386 1919 autvobis
403 1855 606 1944 pereundum
623 1858 722 1918 esset!
738 1857 805 1918 Nec
821 1856 942 1944 ignari,
956 1860 1034 1945 quid
1051 1884 1161 1948 agere-

102 1988 115 2010 «
125 1974 189 2036 tur,
203 1956 243 2019 ad
259 1958 409 2046 suffragia
428 1957 556 2020 venistis
568 1980 577 2037 3
590 1956 691 2019 multa
703 1956 736 2018 iu
751 1978 788 2019 ea
803 1979 896 2021 causa
915 1959 1000 2022 ultro
1014 1961 1161 2050 citroque

103 2058 209 2121 «dicta
227 2073 324 2137 sunt,
341 2081 412 2144 quae
436 2057 556 2121 invidia
571 2073 633 2136 est,
652 2057 678 2119 si
701 2057 831 2121 tandem
849 2060 960 2123 utilior
981 2062 1159 2150 eademque

103 2160 238 2238 «justior
254 2160 411 2222 sententia
425 2155 527 2221 vicit?
548 2157 610 2221 Sed
629 2158 704 2243 quia
723 2156 764 2220 de
787 2159 922 2222 utilitate
941 2160 1047 2224 minus
1065 2162 1161 2225 dubi·

105 2293 117 2314 ιι
128 2262 186 2324 tari
204 2259 314 2339 video,
331 2284 402 2347 quoe
420 2282 489 2323 sese
505 2259 591 2322 ultro
609 2259 740 2347 ingerit,
756 2282 951 2346 omnemque
968 2261 1160 2327 criminandi

105 2385 235 2424 «ansam
253 2361 408 2425 evidentia
423 2360 668 2425 commodorum
691 2377 851 2446 amputat3
867 2384 932 2447 quo
947 2362 1020 2440 jure
1041 2365 1161 2429 factum

103 2463 181 2542 «sit,
198 2486 380 2550 quanquam
406 2463 551 2552 ignorare
570 2484 635 2524 non
660 2461 836 2539 deberent,
861 2463 917 2547 qui
935 2462 1037 2550 legem
1060 2466 1162 2530 scive-

105 2579 222 2643 «runt,
240 2579 365 2643 tamen,
385 2581 421 2627 ut
438 2564 564 2626 obviam
589 2579 680 2626 eatur
705 2584 817 2625 eorum
836 2563 975 2642 astutiae,
995 2565 1051 2650 qui
1071 2589 1161 2654 spem

105 2686 217 2727 «suant
236 2686 364 2727 omnem
393 2664 425 2725 in
448 2665 561 2726 animis
583 2662 695 2725 vestris
722 2684 915 2748 quacunque
938 2662 1069 2728 demum
1093 2685 1160 2732 arte

105 2764 293 2827 «turbandis
321 2764 594 2849 dissociandisque
621 2779 818 2850 posuerunt,
848 2785 913 2825 non
944 2765 1042 2828 modo
1071 2768 1161 2854 quod

105 2895 118 2918 ι
128 2865 246 2929 sactum
260 2883 326 2944 est,
343 2865 418 2951 quia
440 2865 558 2927 lactum
570 2879 641 2941 est,
662 2862 852 2941 sinendum,
867 2862 1053 2943 sedetiam,
1068 2867 1095 2928 si
1112 2890 1175 2949 res·

104 2966 329 3036 «foretadyhuc
347 2967 488 3052 integra,
506 2986 593 3026 nunc
608 2980 740 3049 quoque
764 2964 862 3025 fuisse
882 2963 1081 3045 laciendum,
1098 2969 1161 3033 aio.

148 3068 300 3133 XXXIX.
316 3097 328 3121 ι
347 3066 421 3127 Νοῃ
440 3082 487 3128 est
503 3066 664 3151 profecto,
688 3079 725 3125 ut
742 3064 794 3125 isti
816 3086 867 3124 nte
883 3063 1035 3145 doceant,
1055 3090 1163 3131 sacro-

106 3185 268 3231 «sanctam
293 3167 499 3230 tribunorum
525 3165 626 3252 plebis
647 3178 835 3250 potestatem
864 3185 959 3226 esse:
985 3165 1051 3228 seio
1075 3168 1162 3231 enim

105 3269 341 3355 «meminique,
354 3289 459 3354 neque
473 3265 574 3328 vereri
584 3264 718 3342 debent,
730 3287 770 3327 ne
781 3280 836 3325 ant
846 3287 905 3350 ego
920 3264 1097 3345 oblivisoar,
1106 3283 1164 3332 aut
1259 3352 1262 3357 Ι

106 3391 326 3456 «quemquam
345 3367 488 3431 oblivisci
508 3367 608 3453 patiar
626 3388 633 3428 :
652 3364 708 3428 sed
725 3381 809 3428 errat
827 3387 958 3453 prorsus
976 3369 1162 3454 pueriliter,

105 3473 313 3558 «quicunque
337 3470 513 3548 existimat,
537 3484 656 3530 tantam
681 3467 765 3530 illum
789 3468 999 3530 reverentiam
1021 3468 1163 3535 hominis

106 3593 214 3650 «esse,
232 3594 298 3633 non
323 3571 454 3657 populi,
478 3568 569 3646 cujus
593 3568 644 3630 ille
667 3566 845 3630 commodis
871 3568 1024 3632 inservire
1047 3570 1162 3656 debet3

106 3693 259 3758 «quoque
278 3671 391 3732 fortius
407 3685 439 3732 et
460 3664 603 3732 securius
629 3668 662 3730 id
678 3668 872 3741 saciat,ean1
891 3690 1007 3755 nempe
1026 3670 1069 3732 ob
1094 3694 1164 3735 rem

106 3770 319 3833 «inviolabilis
329 3784 576 3832 etsacrosanctae
585 3766 828 3855 potestatisjure
839 3767 993 3830 munitur.
1004 3769 1056 3831 Sic
1065 3773 1164 3833 utrin-

108 3894 211 3958 «que,
231 3870 330 3932 veluti
349 3883 441 3954 pacto
459 3867 600 3954 quodam
618 3869 701 3930 inter
715 3888 749 3928 se
765 3865 920 3946 devincti,
939 3868 1089 3932 tribunus
1110 3892 1165 3955 po-

108 3973 207 4059 «pulo
224 3968 335 4047 fidem,
351 3967 490 4054 populus
508 3968 641 4031 tribuno
664 3967 823 4029 honorem
842 3981 985 4051 praestat,
1004 3983 1040 4029 ut
1056 3983 1163 4030 tamen

109 4095 257 4159 «semper
282 4066 392 4157 populi
413 4070 514 4147 major
529 4068 676 4132 habenda
696 4067 736 4128 sit
753 4067 853 4144 ratio,
877 4067 932 4152 qui
951 4090 1016 4161 non
1035 4082 1166 4153 propter

110 4204 121 4228 -κ
134 4174 318 4251 tribunum,
337 4168 393 4233 sed
408 4185 540 4256 propter
557 4191 653 4256 quem
670 4168 820 4231 tribunus
838 4176 895 4230 est.

152 4274 219 4336 XL.
241 4304 253 4328 «ι
266 4272 346 4354 Quae
365 4269 462 4358 igitur
476 4269 576 4349 major
586 4270 637 4332 vel
648 4291 730 4331 noxa
743 4289 872 4347 nocere,
887 4267 936 4330 vel
948 4267 1060 4345 injuria
1071 4268 1169 4346 robis¹

110 4372 256 4452 uinlerri,
278 4370 436 4453 Quirites,
459 4385 581 4457 potest,
604 4369 746 4456 quamsi
767 4368 889 4432 tribuni
912 4383 1051 4453 potestas
1068 4392 1165 4458 supra

210 4490 270 4553 IX.
739 4496 744 4507 ’
951 4504 995 4548 20
