2594 4980
93 29 1239 349 a

285 722 337 788 IN
368 721 479 790 LOC.
507 723 601 794 LIB.
628 721 688 788 LV
717 721 933 790 LlVlANI.
1069 718 1138 805 245

93 863 140 921 rs,
156 856 330 929 negarunt
341 840 548 921 Numantini,
562 843 623 904 nisi
631 841 678 904 Ti.
693 837 838 904 Graccho
839 836 948 924 fidem
959 839 1138 905 babituros:

93 963 137 1005 nn
159 941 269 1028 patris
291 940 413 1004 Tiberii
430 964 580 1030 magnam
602 942 636 1004 in
654 942 808 1030 Hispania
831 941 948 1005 samam
969 957 1001 1005 et
1016 943 1138 1006 bellurn

93 1043 195 1107 rtiter
212 1059 364 1131 gestum,
390 1058 422 1106 et
443 1065 505 1131 pax
529 1042 707 1107 Celtiberiae
732 1041 824 1123 data,
849 1039 1019 1123 effecerat,
1039 1042 1140 1131 ipsius

93 1145 163 1207 iarn
179 1144 315 1224 juvenis
330 1143 453 1207 clarum
464 1144 582 1207 virtute
598 1162 629 1208 et
641 1144 802 1232 probitate
815 1167 936 1207 nomen
950 1160 1036 1208 erat:
1053 1167 1143 1209 acce-

93 1245 166 1309 ebat
185 1269 227 1309 ex
247 1245 433 1334 magistratu
454 1245 643 1326 auotoritas3
661 1269 736 1330 narn
753 1247 787 1308 in
811 1268 887 1309 eum
910 1268 1033 1308 annum
1053 1269 1141 1333 quaa·

93 1371 136 1411 or
148 1363 304 1425 creatus,
322 1348 546 1410 numantinum
561 1348 708 1411 militiam
720 1363 753 1410 et
771 1347 939 1410 consulem
953 1346 1141 1410 Mancinum

93 1465 158 1514 arte
170 1464 352 1537 acceperat.
367 1448 532 1514 Gracchus
543 1450 658 1538 igitur,
672 1448 714 1512 ad
728 1449 837 1512 hostes
850 1449 1030 1536 profectus,
1039 1471 1143 1535 quum

92 1574 102 1613 ι
115 1551 294 1638 praesentia
310 1549 392 1613 nihil
407 1550 547 1614 obtineri
566 1551 680 1614 melius
697 1565 826 1638 posset,
839 1549 978 1640 pepigit,
996 1565 1032 1614 ut
1046 1553 1144 1638 oequis
1212 1536 1220 1549 ⁸

93 1650 189 1738 gibus
198 1650 321 1740 populo
336 1675 466 1715 ronzano
474 1650 839 1741 numantinoquefoedus
849 1653 1038 1714 deamicitia
1051 1665 1126 1715 esset
1134 1675 1145 1712 .·

93 1774 142 1839 uo
160 1753 248 1815 facto
268 1775 372 1840 quum
387 1752 475 1817 haud
489 1755 627 1817 obscure
644 1754 758 1841 viginti
775 1753 873 1818 millia
893 1752 1012 1817 civium
1036 1775 1143 1815 roma·

93 1875 216 1929 iorum,
237 1870 354 1941 praeter
368 1855 447 1918 lixas
468 1871 501 1918 ct
516 1854 803 1935 extraordinarios,
818 1871 1056 1935 conservasset,
1078 1870 1145 1917 non

93 1952 267 2036 lubitabat,
285 1956 365 2041 quin
380 1956 431 2019 ills
445 1979 542 2044 opera
555 1957 618 2020 sibi
637 1979 704 2020 non
721 1955 821 2020 modo
836 1957 917 2021 nulli
929 1956 1147 2035 detrimento,

93 2053 137 2118 ¹red
153 2056 251 2118 etiam
275 2055 362 2120 laudi
378 2058 568 2146 gratiaeque,
587 2060 696 2123 futura
712 2074 805 2123 esset.

124 2156 211 2220 xvi.
231 2158 305 2239 Qua
333 2179 389 2246 spe
413 2175 524 2245 postea
543 2160 658 2242 falsus,
684 2160 726 2224 ad
750 2161 912 2224 civitatem
933 2160 1148 2225 seditionibus

94 2256 264 2344 agitandam
288 2259 323 2321 in
343 2258 512 2322 tribunatu
531 2283 671 2349 praeceps
692 2261 768 2324 ferri
791 2261 904 2350 coepit,
923 2275 962 2324 ut
981 2261 1048 2324 suis
1070 2261 1148 2324 locis

99 2376 272 2446 exponetur.
296 2361 392 2423 'l'unc
410 2377 519 2424 autem
540 2385 644 2449 quum
671 2365 756 2426 inter
774 2362 922 2427 ferendas
944 2362 1149 2426 conditiones

103 2477 372 2526 commemoratum
389 2486 408 2525 a
420 2462 628 2525 Numantinis
641 2479 739 2544 esset,
748 2461 1048 2549 quodpraisssoedns
1061 2462 1151 2527 Pom·

105 2561 227 2643 μίαιιιωι
245 2563 304 2625 sibi
319 2577 473 2626 servotum
491 2586 553 2626 non
559 2561 657 2649 foret
665 2610 676 2641 ‚
696 2587 731 2626 eo
749 2587 781 2626 sa
794 2584 907 2651 parem
922 2563 1015 2652 brp'us
1029 2587 1152 2652 quoque

112 2667 205 2748 negotii
218 2678 360 2728 eremum
383 2676 516 2728 metuere
521 2689 534 2743 ;
552 2665 721 2745 convenit,
745 2677 780 2728 ut
801 2664 912 2728 consul
917 2664 1149 2754 jurejurando,

114 2779 221 2846 qtoestor
234 2781 265 2828 et
276 2780 460 2829 caeterorum
472 2766 700 2830 honestissimus
716 2768 845 2852 quisque
857 2767 1032 2851 sponsione,
1047 2789 1078 2827 se
1094 2766 1153 2828 ad·

117 2863 268 2950 iungerent
273 2914 284 2946 ‚
295 2890 447 2930 arnansura
454 2889 527 2954 quoe
532 2868 729 2954 pepigissent.
741 2867 790 2929 lta
799 2865 1004 2948 Numantini,
1014 2866 1154 2929 dimissis

119 2960 259 3049 Romanis,
278 2985 381 3033 castra
394 2968 622 3056 diripuerunt:
642 2968 676 3029 in
691 2967 810 3055 quibus
827 2967 904 3054 quia
917 2967 1043 3030 tabulas
1057 2968 1155 3031 Tibe·

122 3063 168 3127 tius
181 3070 361 3158 reliquerat,
384 3094 457 3158 quaa
476 3071 618 3133 rationes
641 3083 809 3156 quaesturae
832 3066 1060 3149 continebant,
1079 3090 1154 3130 cum

124 3164 197 3233 itibus
207 3189 259 3235 aut
271 3168 413 3260 quatuor
427 3172 631 3234 familiarium
645 3169 854 3234 Numantiam
872 3167 984 3249 rediit,
998 3169 1091 3231 reddi
1099 3170 1159 3232 sibi

126 3283 160 3326 tat
171 3291 292 3361 rogans,
313 3289 350 3338 ut
365 3273 511 3335 adversus
528 3275 726 3335 inimieorum
743 3269 921 3333 calumnias
939 3271 988 3332 uti
1002 3269 1061 3332 hoc
1076 3272 1156 3332 inte-

126 3367 219 3446 girans
232 3398 297 3438 suaa
310 3376 484 3438 testiinonio
491 3389 604 3461 posset.
620 3362 811 3436 Numantini
822 3372 957 3435 comiter
968 3387 1156 3459 exceptum,

129 3478 197 3552 Nque
211 3475 240 3536 in
254 3476 368 3539 urbem
387 3498 479 3538 suam
495 3476 682 3556 invitatum,
698 3474 853 3538 restitutis
872 3473 1010 3556 tabulis,
1029 3497 1158 3538 sumere

131 3583 244 3646 interea
254 3578 421 3658 jusserunt
434 3576 474 3640 de
488 3576 609 3665 praeda,
630 3575 790 3664 quidquid
806 3576 990 3664 optavisset.
1014 3576 1073 3639 llle
1088 3592 1160 3639 tan·

133 3677 266 3741 tunmodo
279 3679 391 3758 thure,
404 3678 523 3766 quoad
534 3677 760 3766 sacrapublica
776 3675 939 3757 utebatur,
957 3691 1104 3763 recepto,
1120 3674 1160 3738 ad

133 3776 262 3842 onsubm
276 3781 388 3845 rediit:
403 3803 518 3867 quern,
535 3780 610 3843 licet
628 3779 680 3842 illa
700 3778 876 3842 calamitate
896 3776 1074 3841 miserrime
1089 3799 1161 3864 per·

136 3867 227 3939 mburn
241 3880 509 3970 depressumque,
524 3904 591 3944 non
608 3878 681 3943 ideo
700 3878 818 3941 minori
835 3877 961 3943 honore
981 3894 1078 3963 atque
1095 3876 1163 3964 pie·

137 3975 183 4029 ²²10
195 3983 442 4068 prosequebatur.

168 4068 250 4141 llllIl.
264 4083 308 4147 tt
323 4084 387 4148 hoc
403 4084 437 4145 in
453 4084 574 4146 Urbem
593 4104 696 4169 quum
710 4081 869 4161 venisset,
881 4095 987 4143 totum
1002 4077 1091 4142 istud
1106 4101 1163 4141 ne-

161 4285 226 4347 llV.
238 4301 333 4356 lbodor.
344 4307 411 4373 apud
424 4309 505 4356 Voles.
520 4336 554 4345 —
570 4309 622 4357 cio.
638 4307 669 4355 do
684 4306 789 4371 llsrusp.
805 4308 879 4370 Resp.
895 4320 948 4369 cap.
962 4318 1004 4350 πο.
1019 4329 1053 4339 -
1067 4300 1083 4364 s
1097 4304 1168 4351 m

133 4361 325 4493 albedunum
341 4390 408 4456 apud
425 4391 542 4440 Priscian.
555 4391 671 4449 linvu,
684 4406 740 4456 pag.
753 4391 812 4451 767.
826 4417 858 4426 -
871 4387 978 4453 Appias.
990 4413 1024 4424 -
1035 4387 1089 4433 val.
1100 4387 1168 4435 Max.

181 4472 219 4518 ’⁹'
232 4491 263 4505 “
276 4475 339 4523 Flor.
354 4503 389 4513 —-
402 4475 524 4523 Plutarch.
