2594 4980
135 705 208 805 476
314 704 753 778 Jo.rnn1usnnn11
782 698 1029 811 suarinas

135 829 277 895 ditatum
294 831 464 894 constituit
475 829 594 911 ,cujus
614 850 689 918 pars
707 846 826 919 magna
840 794 1022 917 pugnando
1036 824 1225 917 defm'gntn

136 932 359 1020 superioribus
375 932 454 995 locis
476 929 678 995 consederat.
693 929 811 1048 Neque
827 926 990 1019 Iugurtha
1001 926 1131 993 ullum
1140 928 1225 997 boni

136 1033 231 1098 ducis
246 1049 304 1098 aut
317 1034 427 1097 militis
444 1031 589 1097 officium
606 1029 828 1122 pretermisit,
845 1029 973 1095 artibus
984 1028 1068 1095 belli
1078 1032 1226 1121 puble-

136 1137 232 1218 tcllo,
248 1152 363 1200 natura
378 1135 441 1199 loci
458 1118 626 1222 superior;
643 1132 702 1199 sed
713 1133 836 1201 virtute
848 1131 992 1197 militum
1004 1130 1222 1209 viuoebuur.

129 1258 134 1266 ·
181 1238 241 1303 XI.
261 1238 513 1325 vesperascente
534 1237 608 1316 jam·
623 1234 699 1319 die,
719 1232 883 1316 Romani,
904 1230 1026 1322 qitibus
1039 1250 1122 1299 ἰιιιι
1136 1232 1222 1299 litet
1244 1294 1250 1305 ,

136 1340 249 1405 salutis
271 1340 322 1403 via
338 1354 522 1428 supererat,
540 1361 582 1402 ue
599 1336 643 1403 ab
659 1336 813 1403 hostibus
827 1336 916 1402 velut
931 1332 1076 1416 obsessi,
1089 1356 1220 1401 -remm

136 1438 287 1507 omnium
300 1488 309 1524 ,
325 1456 358 1505 et
372 1440 551 1530 'praesertim
567 1462 661 1528 aquae
673 1438 812 1529 penuria
826 1436 1029 1517 fatiscerent,
1041 1433 1079 1499 ri
1092 1456 1221 1525 magns
1245 1434 1249 1441 '

135 1544 282 1625 connisi,
298 1541 523 1631 superioribus
537 1541 617 1607 locis
634 1540 765 1607 bostem
779 1539 943 1630 expulere.
957 1535 1021 1601 llic
1034 1532 1114 1601 finis
1129 1560 1221 1627 pru·

134 1644 179 1709 lio
191 1645 272 1727 fuit,
287 1642 402 1724 majori
413 1644 571 1709 exercitus
582 1642 627 1707 ob
637 1643 756 1707 victam
766 1639 953 1707 molestiam
958 1636 1101 1730 gaudio,
1110 1660 1220 1727 quam

132 1748 257 1828 jactura
270 1746 457 1836 jugurthini
469 1745 596 1829 militis,
611 1744 671 1835 qui
685 1742 766 1810 letis
781 1758 816 1810 et
827 1739 1020 1833 expeditus,
1037 1758 1102 1831 per
1114 1754 1220 1815 ,ιιοιιι

135 1847 303 1937 regiones,
324 1848 435 1911 labore
456 1870 574 1937 pugnas
594 1843 783 1938 languidos,
799 1858 833 1909 et
848 1842 998 1909 looorum
1017 1840 1217 1931 impmitoe,

133 1951 285 2015 facillime
297 1949 461 2015 evadebat.
472 1951 600 2015 Interea
608 1948 787 2029 Bomilcar,
796 1954 1005 2035 expraeoepto
1014 1942 1217 2034 regisfcum

135 2052 316 2140 elephantis
331 2068 363 2116 et
374 2068 466 2140 parte
478 2050 641 2138 peditatus
648 2049 662 2132 ,'
669 2047 830 2115 Rutilium
839 2047 931 2113 lento
939 2042 1045 2137 gradu
1053 2066 1219 2135 ιιιιιιιιιι-

135 2169 206 2233 tus,
225 2168 327 2216 castra
344 2152 625 2216 communientem
644 2148 839 2241 aggreditur.

180 2252 254 2317 XII.
273 2255 344 2317 lam
356 2267 389 2317 et
399 2252 542 2316 Rutilius
557 2251 662 2317 aciem
675 2264 856 2333 statuerat,
866 2249 1022 2340 pulvere,
1039 2270 1145 2337 quem
1159 2248 1218 2315 ad·

145 2353 279 2418 veniens
307 2353 410 2417 hostis
434 2352 613 2434 excitabat,
635 2351 849 2467 praemopitus
861 2344 1219 2465 3'idcirco·pugnspdi

120 2464 123 2471 '
136 2477 227 2518 mora
239 2455 328 2518 nulla
344 2455 427 2518 fuit:
441 2453 499 2517 sed
509 2452 677 2541 elephanti
687 2452 785 2517 ramis
796 2451 969 2533 arborum,
983 2470 1058 2539 quo
1070 2450 1217 2539 propin·

135 2556 208 2643 quis
225 2554 352 2620 flumini
371 2555 450 2620 locis
472 2555 659 2644 frequentes
680 2566 782 2619 enatae
803 2555 935 2618 fuerant
944 2548 1126 2641 ,impediti
1139 2548 1216 2617 dis·

131 2658 294 2745 jectique,
325 2656 450 2721 facilem
481 2656 647 2721 Romanis
668 2654 838 2721 victoriam
865 2599 1099 2743 proibemus,
1124 2652 1215 2769 eapti

133 2775 294 2847 quatuor,
320 2759 437 2847 reliqui
459 2781 595 2842 omnes,
620 2755 710 2823 haud
730 2754 903 2872 pauciores
928 2752 1213 2844 uiginta,ocers1.
1243 2826 1249 2847 .

126 2860 286 2925 Numidae
294 2861 376 2948 ,qui
391 2883 483 2948 spem
497 2881 632 2924 omnem
646 2857 764 2923 nonin
780 2878 840 2921 sua
856 2857 995 2938 virtute,
1009 2852 1068 2919 sed
1084 2852 1214 2921 fereda

134 2977 167 3026 et
180 2963 298 3027 robore
308 2963 492 3026 belluarum
504 2958 720 3042 habebant,u
698 2982 738 3025 us
750 2956 997 3038 circumventis,
1011 2956 1048 3020 in
1056 2954 1160 3045 pedes
1174 2978 1213 3023 se

134 3064 356 3143 conjecerunt.
374 3062 537 3144 Rutilius,
557 3061 677 3150 fugatis
697 3059 865 3141 hostibus,
883 3058 950 3124 de
940 3072 1159 3149 imperatore,
1175 3074 1214 3125 et

134 3187 192 3252 qur
183 3164 293 3252 apud
309 3187 385 3227 cum
402 3178 640 3245 remanserant,
650 3160 766 3226 anxius
773 3184 984 3250 ,quanquam
995 3160 1104 3226 fessos
1099 3180 1213 3251 opere

135 3276 317 3342 castrorum
339 3279 372 3326 et
389 3262 501 3350 praelio
520 3261 655 3346 milites,
673 3259 805 3345 eadem,
825 3284 891 3353 qua
912 3277 1046 3329 venerat
1061 3261 1212 3346 vinste-

133 3362 237 3427 duxit.
1042 3406 1046 3413 -
1144 3408 1148 3415 -

178 3466 270 3528 XIII.
285 3467 348 3529 lies
360 3467 483 3554 optime
498 3465 637 3555 cogitata
652 3465 894 3557 propemodum
910 3468 1037 3533 tristem
1049 3480 1211 3533 mentum
1275 3458 1278 3465 ¹

134 3566 270 3650 habuit,
286 3586 480 3633 occurrente
501 3568 651 3652 Metello,
668 3581 774 3659 quum
794 3592 854 3660 per
876 3569 1050 3634 obscuram
1072 3582 1211 3635 noemin

134 3667 290 3756 utrinque
307 3671 466 3760 Iugurtha
485 3669 597 3735 adesse
612 3668 823 3752 mederetur,
834 3669 1020 3758 pernicioso
1035 3684 1148 3733 errem
1163 3668 1210 3735 ad

133 3791 249 3834 manus
265 3788 350 3836 esset
363 3790 517 3854 ventum,
539 3771 574 3836 ni
589 3770 746 3860 premissi
763 3770 888 3860 equites
908 3771 1075 3858 explorata
1086 3770 1210 3860 cogni·

133 3888 230 3960 taque
241 3873 352 3937 omnia
365 3876 561 3939 retulissent.
573 3874 622 3938 lta
632 3874 736 3956 majus
750 3895 881 3940 exvana
896 3870 1116 3938 sollicitudine
1126 3892 1212 3963 gau·

134 3974 226 4039 dium
242 3975 315 4040 fuit.
333 3976 504 4059 Metellus,
522 3975 658 4043 duobus·
669 3975 787 4066 preliis
803 3974 916 4045 eadem
932 3973 986 4039 die
1004 3974 1126 4055 victor,
1142 3972 1210 4039 do·
1280 4056 1283 4061 g

134 4077 215 4140 natis
239 4078 442 4166 laudatisque
466 4078 642 4161 militibus,
658 4100 763 4167 quum
786 4077 923 4142 minime
938 4077 1077 4142 fractum
1092 4074 1211 4140 animo

133 4199 260 4265 regem,
276 4180 310 4242 in
327 4181 405 4244 locis
421 4180 570 4244 saltuosis
587 4195 686 4269 atque
696 4172 831 4245 munitis
847 4201 948 4244 novas
963 4198 1081 4268 cogere
1095 4176 1210 4267 sopita

133 4281 351 4366 cognovisset,
364 4281 405 4346 ‹Ie
418 4282 543 4344 ratione
558 4280 635 4345 belli
649 4280 788 4346 oonsilio
798 4278 985 4363 habito,·ab
996 4278 1066 4344 acie
1076 4298 1115 4343 so
1126 4298 1211 4365 pro·

134 4379 204 4461 liis,
222 4380 309 4446 unde
327 4384 389 4446 sibi
415 4405 507 4471 prone
526 4381 601 4470 plns
621 4381 845 4464 incommodi,
873 4381 899 4446 si
917 4379 1080 4463 vinceret,
1103 4394 1209 4467 qnam

133 4481 319 4568 Iugurthae,
336 4484 362 4545 si
384 4485 588 4566 vinceretur,
604 4482 707 4566 foret,
722 4481 764 4547 ad
780 4481 1028 4571 populationem
1048 4502 1207 4571 agrorum
1232 4532 1237 4539 .
