<?xml version="1.0" encoding="UTF-8"?>
<!DOCTYPE html PUBLIC "-//W3C//DTD XHTML 1.0 Transitional//EN"
    "http://www.w3.org/TR/xhtml1/DTD/xhtml1-transitional.dtd">
<html xmlns="http://www.w3.org/1999/xhtml" xml:lang="en" lang="en">
 <head>
  <title>
</title>
<meta http-equiv="Content-Type" content="text/html;charset=utf-8" />
  <meta name='ocr-system' content='tesseract 3.04.00' />
  <meta name='ocr-capabilities' content='ocr_page ocr_carea ocr_par ocr_line ocrx_word'/>
</head>
<body>
  <div class='ocr_page' id='page_1' title='image "./titusliviuspata00freigoog_0520.png"; bbox 0 0 2594 4980; ppageno 0'>
   <div class='ocr_carea' id='block_1_1' title="bbox 299 737 1204 815">
    <p class='ocr_par' dir='ltr' id='par_1_1' title="bbox 299 737 1204 815">
     <span class='ocr_line' id='line_1_1' title="bbox 299 737 1204 815; baseline 0.007 -9"><span class='ocrx_word' id='word_1_1' title='bbox 299 739 351 807; x_wconf 86' lang='grc' dir='ltr'><strong>ΙΝ</strong></span> <span class='ocrx_word' id='word_1_2' title='bbox 381 740 496 806; x_wconf 83' lang='lat' dir='ltr'><strong>LOC.</strong></span> <span class='ocrx_word' id='word_1_3' title='bbox 523 741 617 806; x_wconf 89' lang='lat' dir='ltr'><strong>LIB.</strong></span> <span class='ocrx_word' id='word_1_4' title='bbox 640 741 791 808; x_wconf 82' lang='lat' dir='ltr'>LXVII</span> <span class='ocrx_word' id='word_1_5' title='bbox 822 741 1038 808; x_wconf 73' lang='lat' dir='ltr'><strong>Liviani.</strong></span> <span class='ocrx_word' id='word_1_6' title='bbox 1135 737 1204 815; x_wconf 82' lang='lat'><strong>533</strong></span> 
     </span>
    </p>
   </div>
   <div class='ocr_carea' id='block_1_2' title="bbox 134 860 1208 4585">
    <p class='ocr_par' dir='ltr' id='par_1_2' title="bbox 137 860 1208 1352">
     <span class='ocr_line' id='line_1_2' title="bbox 138 860 1205 948; baseline 0.002 -25"><span class='ocrx_word' id='word_1_7' title='bbox 138 884 201 948; x_wconf 85' lang='lat' dir='ltr'><strong>quo</strong></span> <span class='ocrx_word' id='word_1_8' title='bbox 217 876 366 947; x_wconf 78' lang='lat' dir='ltr'>agerent,</span> <span class='ocrx_word' id='word_1_9' title='bbox 387 881 495 948; x_wconf 83' lang='lat' dir='ltr'><strong>regem</strong></span> <span class='ocrx_word' id='word_1_10' title='bbox 519 877 671 923; x_wconf 82' lang='lat' dir='ltr'>crearunt</span> <span class='ocrx_word' id='word_1_11' title='bbox 698 861 840 925; x_wconf 86' lang='lat' dir='ltr'><strong>Salvium</strong></span> <span class='ocrx_word' id='word_1_12' title='bbox 863 860 1016 938; x_wconf 89' lang='lat' dir='ltr'><strong>nomine,</strong></span> <span class='ocrx_word' id='word_1_13' title='bbox 1038 883 1152 946; x_wconf 87' lang='lat' dir='ltr'><strong>quem,</strong></span> <span class='ocrx_word' id='word_1_14' title='bbox 1171 862 1205 925; x_wconf 87' lang='lat' dir='ltr'><strong>in</strong></span> 
     </span>
     <span class='ocr_line' id='line_1_3' title="bbox 138 960 1208 1051; baseline 0.001 -26"><span class='ocrx_word' id='word_1_15' title='bbox 138 963 311 1025; x_wconf 79' lang='lat' dir='ltr'>mulierum</span> <span class='ocrx_word' id='word_1_16' title='bbox 328 962 428 1049; x_wconf 81' lang='lat' dir='ltr'><strong>orgiis</strong></span> <span class='ocrx_word' id='word_1_17' title='bbox 443 962 538 1025; x_wconf 82' lang='lat' dir='ltr'><strong>tibias</strong></span> <span class='ocrx_word' id='word_1_18' title='bbox 559 960 670 1024; x_wconf 87' lang='lat' dir='ltr'><strong>inllare</strong></span> <span class='ocrx_word' id='word_1_19' title='bbox 687 963 837 1042; x_wconf 87' lang='lat' dir='ltr'><strong>solitum,</strong></span> <span class='ocrx_word' id='word_1_20' title='bbox 852 962 896 1024; x_wconf 94' lang='lat' dir='ltr'><strong>ob</strong></span> <span class='ocrx_word' id='word_1_21' title='bbox 910 961 996 1025; x_wconf 80' lang='lat' dir='ltr'><strong>illam</strong></span> <span class='ocrx_word' id='word_1_22' title='bbox 1014 977 1047 1023; x_wconf 87' lang='lat' dir='ltr'><strong>et</strong></span> <span class='ocrx_word' id='word_1_23' title='bbox 1062 962 1208 1051; x_wconf 76' lang='lat' dir='ltr'><strong>haruspi-</strong></span> 
     </span>
     <span class='ocr_line' id='line_1_4' title="bbox 137 1061 1206 1152; baseline 0.001 -26"><span class='ocrx_word' id='word_1_24' title='bbox 137 1064 217 1126; x_wconf 85' lang='lat' dir='ltr'><strong>cinae</strong></span> <span class='ocrx_word' id='word_1_25' title='bbox 231 1063 417 1141; x_wconf 90' lang='lat' dir='ltr'><strong>scientiam,</strong></span> <span class='ocrx_word' id='word_1_26' title='bbox 432 1064 523 1149; x_wconf 84' lang='lat' dir='ltr'><strong>quasi</strong></span> <span class='ocrx_word' id='word_1_27' title='bbox 534 1062 682 1125; x_wconf 87' lang='lat' dir='ltr'><strong>divinum</strong></span> <span class='ocrx_word' id='word_1_28' title='bbox 700 1063 867 1127; x_wconf 90' lang='lat' dir='ltr'><strong>bominem</strong></span> <span class='ocrx_word' id='word_1_29' title='bbox 881 1084 921 1125; x_wconf 88' lang='lat' dir='ltr'><strong>eo</strong></span> <span class='ocrx_word' id='word_1_30' title='bbox 932 1062 1058 1125; x_wconf 90' lang='lat' dir='ltr'><strong>honore</strong></span> <span class='ocrx_word' id='word_1_31' title='bbox 1069 1061 1206 1152; x_wconf 80' lang='lat' dir='ltr'><strong>dignum</strong></span> 
     </span>
     <span class='ocr_line' id='line_1_5' title="bbox 137 1164 1207 1251; baseline 0.005 -27"><span class='ocrx_word' id='word_1_32' title='bbox 137 1164 376 1225; x_wconf 74' lang='lat' dir='ltr'>existimarant:</span> <span class='ocrx_word' id='word_1_33' title='bbox 394 1186 453 1226; x_wconf 90' lang='lat' dir='ltr'><strong>nec</strong></span> <span class='ocrx_word' id='word_1_34' title='bbox 470 1185 582 1243; x_wconf 87' lang='lat' dir='ltr'><strong>causa,</strong></span> <span class='ocrx_word' id='word_1_35' title='bbox 598 1187 657 1227; x_wconf 88' lang='lat' dir='ltr'><strong>nec</strong></span> <span class='ocrx_word' id='word_1_36' title='bbox 671 1165 781 1227; x_wconf 90' lang='lat' dir='ltr'><strong>omine</strong></span> <span class='ocrx_word' id='word_1_37' title='bbox 797 1164 937 1251; x_wconf 86' lang='lat' dir='ltr'><strong>dispari,</strong></span> <span class='ocrx_word' id='word_1_38' title='bbox 955 1180 1053 1249; x_wconf 83' lang='lat' dir='ltr'><strong>atque</strong></span> <span class='ocrx_word' id='word_1_39' title='bbox 1065 1180 1141 1227; x_wconf 88' lang='lat' dir='ltr'><strong>ante</strong></span> <span class='ocrx_word' id='word_1_40' title='bbox 1153 1166 1207 1229; x_wconf 78' lang='lat' dir='ltr'><strong>ali·</strong></span> 
     </span>
     <span class='ocr_line' id='line_1_6' title="bbox 138 1263 1176 1352; baseline 0.002 -26"><span class='ocrx_word' id='word_1_41' title='bbox 138 1281 220 1349; x_wconf 90' lang='lat' dir='ltr'><strong>quot</strong></span> <span class='ocrx_word' id='word_1_42' title='bbox 233 1286 336 1327; x_wconf 87' lang='lat' dir='ltr'><strong>annos</strong></span> <span class='ocrx_word' id='word_1_43' title='bbox 350 1286 405 1326; x_wconf 86' lang='lat' dir='ltr'><strong>rex</strong></span> <span class='ocrx_word' id='word_1_44' title='bbox 420 1264 630 1352; x_wconf 81' lang='lat' dir='ltr'><strong>lugitivorum</strong></span> <span class='ocrx_word' id='word_1_45' title='bbox 644 1265 757 1328; x_wconf 82' lang='lat' dir='ltr'><strong>Eunus</strong></span> <span class='ocrx_word' id='word_1_46' title='bbox 770 1266 802 1328; x_wconf 93' lang='lat' dir='ltr'><strong>in</strong></span> <span class='ocrx_word' id='word_1_47' title='bbox 816 1263 930 1328; x_wconf 88' lang='lat' dir='ltr'><strong>eadem</strong></span> <span class='ocrx_word' id='word_1_48' title='bbox 943 1264 1048 1327; x_wconf 82' lang='lat' dir='ltr'>Sicilia</span> <span class='ocrx_word' id='word_1_49' title='bbox 1062 1265 1176 1328; x_wconf 83' lang='lat' dir='ltr'><strong>fuerat.</strong></span> 
     </span>
    </p>

    <p class='ocr_par' dir='ltr' id='par_1_3' title="bbox 134 1365 1207 2840">
     <span class='ocr_line' id='line_1_7' title="bbox 182 1365 1205 1451; baseline 0.003 -25"><span class='ocrx_word' id='word_1_50' title='bbox 182 1365 333 1427; x_wconf 89' lang='lat' dir='ltr'><strong>XXXVl.</strong></span> <span class='ocrx_word' id='word_1_51' title='bbox 358 1368 518 1427; x_wconf 76' lang='lat' dir='ltr'><strong>Caeterum</strong></span> <span class='ocrx_word' id='word_1_52' title='bbox 543 1366 665 1429; x_wconf 83' lang='lat' dir='ltr'><strong>Salvius</strong></span> <span class='ocrx_word' id='word_1_53' title='bbox 691 1366 795 1428; x_wconf 88' lang='lat' dir='ltr'><strong>acrius</strong></span> <span class='ocrx_word' id='word_1_54' title='bbox 819 1381 852 1428; x_wconf 89' lang='lat' dir='ltr'><strong>et</strong></span> <span class='ocrx_word' id='word_1_55' title='bbox 867 1367 1089 1444; x_wconf 84' lang='lat' dir='ltr'><strong>constantius,</strong></span> <span class='ocrx_word' id='word_1_56' title='bbox 1107 1387 1205 1451; x_wconf 80' lang='lat' dir='ltr'><strong>quam</strong></span> 
     </span>
     <span class='ocr_line' id='line_1_8' title="bbox 138 1465 1206 1555; baseline 0.004 -29"><span class='ocrx_word' id='word_1_57' title='bbox 138 1488 196 1553; x_wconf 88' lang='lat' dir='ltr'><strong>pro</strong></span> <span class='ocrx_word' id='word_1_58' title='bbox 218 1465 391 1551; x_wconf 87' lang='lat' dir='ltr'><strong>superioris</strong></span> <span class='ocrx_word' id='word_1_59' title='bbox 414 1467 485 1528; x_wconf 76' lang='lat' dir='ltr'><strong>vitre</strong></span> <span class='ocrx_word' id='word_1_60' title='bbox 506 1467 731 1554; x_wconf 81' lang='lat' dir='ltr'><strong>turpitudine,</strong></span> <span class='ocrx_word' id='word_1_61' title='bbox 748 1467 921 1554; x_wconf 89' lang='lat' dir='ltr'><strong>imperium</strong></span> <span class='ocrx_word' id='word_1_62' title='bbox 941 1489 1131 1555; x_wconf 81' lang='lat' dir='ltr'><strong>capessens,</strong></span> <span class='ocrx_word' id='word_1_63' title='bbox 1147 1467 1206 1530; x_wconf 88' lang='lat' dir='ltr'><strong>tri·</strong></span> 
     </span>
     <span class='ocr_line' id='line_1_9' title="bbox 137 1565 1205 1657; baseline 0.004 -30"><span class='ocrx_word' id='word_1_64' title='bbox 137 1566 255 1652; x_wconf 90' lang='lat' dir='ltr'><strong>partito</strong></span> <span class='ocrx_word' id='word_1_65' title='bbox 268 1565 376 1628; x_wconf 84' lang='lat' dir='ltr'><strong>divisis</strong></span> <span class='ocrx_word' id='word_1_66' title='bbox 388 1567 489 1653; x_wconf 89' lang='lat' dir='ltr'><strong>copiis</strong></span> <span class='ocrx_word' id='word_1_67' title='bbox 500 1566 638 1631; x_wconf 88' lang='lat' dir='ltr'><strong>totidem</strong></span> <span class='ocrx_word' id='word_1_68' title='bbox 648 1568 747 1633; x_wconf 85' lang='lat' dir='ltr'><strong>duces</strong></span> <span class='ocrx_word' id='word_1_69' title='bbox 758 1568 890 1657; x_wconf 84' lang='lat' dir='ltr'><strong>praeficit</strong></span> <span class='ocrx_word' id='word_1_70' title='bbox 901 1593 908 1632; x_wconf 90' lang='lat'><strong>:</strong></span> <span class='ocrx_word' id='word_1_71' title='bbox 920 1568 1043 1657; x_wconf 80' lang='lat' dir='ltr'><strong>praedas</strong></span> <span class='ocrx_word' id='word_1_72' title='bbox 1056 1591 1095 1631; x_wconf 87' lang='lat' dir='ltr'><strong>ex</strong></span> <span class='ocrx_word' id='word_1_73' title='bbox 1104 1567 1205 1657; x_wconf 81' lang='lat' dir='ltr'><strong>agris,</strong></span> 
     </span>
     <span class='ocr_line' id='line_1_10' title="bbox 138 1668 1206 1757; baseline 0.003 -28"><span class='ocrx_word' id='word_1_74' title='bbox 138 1682 272 1753; x_wconf 86' lang='lat' dir='ltr'><strong>quantas</strong></span> <span class='ocrx_word' id='word_1_75' title='bbox 286 1668 421 1753; x_wconf 78' lang='lat' dir='ltr'><strong>possint,</strong></span> <span class='ocrx_word' id='word_1_76' title='bbox 431 1691 524 1757; x_wconf 81' lang='lat' dir='ltr'><strong>agero</strong></span> <span class='ocrx_word' id='word_1_77' title='bbox 533 1669 698 1749; x_wconf 89' lang='lat' dir='ltr'><strong>,homines</strong></span> <span class='ocrx_word' id='word_1_78' title='bbox 709 1693 800 1733; x_wconf 84' lang='lat' dir='ltr'><strong>suam</strong></span> <span class='ocrx_word' id='word_1_79' title='bbox 812 1693 940 1733; x_wconf 87' lang='lat' dir='ltr'><strong>causam</strong></span> <span class='ocrx_word' id='word_1_80' title='bbox 951 1686 1206 1756; x_wconf 81' lang='lat' dir='ltr'><strong>sequuturosrc·</strong></span> 
     </span>
     <span class='ocr_line' id='line_1_11' title="bbox 137 1768 1206 1859; baseline 0.001 -29"><span class='ocrx_word' id='word_1_81' title='bbox 137 1769 256 1855; x_wconf 81' lang='lat' dir='ltr'><strong>cipere,</strong></span> <span class='ocrx_word' id='word_1_82' title='bbox 267 1768 384 1832; x_wconf 91' lang='lat' dir='ltr'><strong>deinde</strong></span> <span class='ocrx_word' id='word_1_83' title='bbox 396 1770 429 1832; x_wconf 93' lang='lat' dir='ltr'><strong>in</strong></span> <span class='ocrx_word' id='word_1_84' title='bbox 443 1793 564 1850; x_wconf 92' lang='lat' dir='ltr'><strong>unum,</strong></span> <span class='ocrx_word' id='word_1_85' title='bbox 576 1794 615 1834; x_wconf 88' lang='lat' dir='ltr'><strong>eo</strong></span> <span class='ocrx_word' id='word_1_86' title='bbox 627 1793 725 1859; x_wconf 87' lang='lat' dir='ltr'><strong>quem</strong></span> <span class='ocrx_word' id='word_1_87' title='bbox 736 1770 924 1858; x_wconf 75' lang='lat' dir='ltr'><strong>predixerat</strong></span> <span class='ocrx_word' id='word_1_88' title='bbox 932 1771 1023 1850; x_wconf 90' lang='lat' dir='ltr'><strong>loco,</strong></span> <span class='ocrx_word' id='word_1_89' title='bbox 1033 1769 1206 1832; x_wconf 71' lang='lat' dir='ltr'><strong>convenire</strong></span> 
     </span>
     <span class='ocr_line' id='line_1_12' title="bbox 134 1871 1205 1961; baseline 0 -29"><span class='ocrx_word' id='word_1_90' title='bbox 134 1871 235 1949; x_wconf 82' lang='lat' dir='ltr'><strong>jubet.</strong></span> <span class='ocrx_word' id='word_1_91' title='bbox 253 1871 311 1934; x_wconf 87' lang='lat' dir='ltr'><strong>His</strong></span> <span class='ocrx_word' id='word_1_92' title='bbox 330 1872 476 1935; x_wconf 74' lang='lat' dir='ltr'><strong>alacriter</strong></span> <span class='ocrx_word' id='word_1_93' title='bbox 489 1875 576 1951; x_wconf 86' lang='lat' dir='ltr'><strong>jussa</strong></span> <span class='ocrx_word' id='word_1_94' title='bbox 594 1874 796 1959; x_wconf 86' lang='lat' dir='ltr'><strong>exsequutis,</strong></span> <span class='ocrx_word' id='word_1_95' title='bbox 813 1895 927 1961; x_wconf 80' lang='lat' dir='ltr'><strong>magna</strong></span> <span class='ocrx_word' id='word_1_96' title='bbox 940 1872 971 1934; x_wconf 88' lang='lat' dir='ltr'><strong>ri</strong></span> <span class='ocrx_word' id='word_1_97' title='bbox 986 1888 1055 1934; x_wconf 90' lang='lat' dir='ltr'><strong>tum</strong></span> <span class='ocrx_word' id='word_1_98' title='bbox 1068 1871 1205 1933; x_wconf 72' lang='lat' dir='ltr'><strong>alionum</strong></span> 
     </span>
     <span class='ocr_line' id='line_1_13' title="bbox 138 1969 1205 2060; baseline -0.001 -27"><span class='ocrx_word' id='word_1_99' title='bbox 138 1973 341 2052; x_wconf 85' lang='lat' dir='ltr'><strong>animalium,</strong></span> <span class='ocrx_word' id='word_1_100' title='bbox 359 1990 428 2034; x_wconf 92' lang='lat' dir='ltr'><strong>tum</strong></span> <span class='ocrx_word' id='word_1_101' title='bbox 444 1983 603 2060; x_wconf 89' lang='lat' dir='ltr'><strong>equorum</strong></span> <span class='ocrx_word' id='word_1_102' title='bbox 621 1990 747 2054; x_wconf 87' lang='lat' dir='ltr'><strong>coacta,</strong></span> <span class='ocrx_word' id='word_1_103' title='bbox 769 1990 878 2037; x_wconf 80' lang='lat' dir='ltr'><strong>tantus</strong></span> <span class='ocrx_word' id='word_1_104' title='bbox 899 1973 1057 2039; x_wconf 83' lang='lat' dir='ltr'><strong>exercitus</strong></span> <span class='ocrx_word' id='word_1_105' title='bbox 1069 1969 1205 2049; x_wconf 80' lang='lat' dir='ltr'><strong>coaluit,</strong></span> 
     </span>
     <span class='ocr_line' id='line_1_14' title="bbox 138 2071 1205 2163; baseline 0.001 -29"><span class='ocrx_word' id='word_1_106' title='bbox 138 2089 174 2135; x_wconf 91' lang='lat' dir='ltr'><strong>ut</strong></span> <span class='ocrx_word' id='word_1_107' title='bbox 196 2096 299 2136; x_wconf 81' lang='lat' dir='ltr'><strong>novus</strong></span> <span class='ocrx_word' id='word_1_108' title='bbox 328 2097 383 2137; x_wconf 79' lang='lat' dir='ltr'><strong>rex</strong></span> <span class='ocrx_word' id='word_1_109' title='bbox 408 2074 648 2163; x_wconf 83' lang='lat' dir='ltr'><strong>lllorgantinam</strong></span> <span class='ocrx_word' id='word_1_110' title='bbox 673 2075 810 2138; x_wconf 85' lang='lat' dir='ltr'><strong>validam</strong></span> <span class='ocrx_word' id='word_1_111' title='bbox 833 2076 948 2139; x_wconf 87' lang='lat' dir='ltr'><strong>urbem</strong></span> <span class='ocrx_word' id='word_1_112' title='bbox 973 2097 1048 2138; x_wconf 90' lang='lat' dir='ltr'><strong>cum</strong></span> <span class='ocrx_word' id='word_1_113' title='bbox 1075 2071 1205 2135; x_wconf 84' lang='lat' dir='ltr'><strong>duobus</strong></span> 
     </span>
     <span class='ocr_line' id='line_1_15' title="bbox 138 2173 1206 2265; baseline 0.003 -32"><span class='ocrx_word' id='word_1_114' title='bbox 138 2174 283 2258; x_wconf 90' lang='lat' dir='ltr'><strong>equitum</strong></span> <span class='ocrx_word' id='word_1_115' title='bbox 304 2174 461 2252; x_wconf 87' lang='lat' dir='ltr'><strong>millibus,</strong></span> <span class='ocrx_word' id='word_1_116' title='bbox 475 2175 622 2262; x_wconf 84' lang='lat' dir='ltr'><strong>peditum</strong></span> <span class='ocrx_word' id='word_1_117' title='bbox 636 2177 750 2265; x_wconf 78' lang='lat' dir='ltr'><strong>viginti</strong></span> <span class='ocrx_word' id='word_1_118' title='bbox 765 2176 1024 2241; x_wconf 84' lang='lat' dir='ltr'><strong>circumsederet.</strong></span> <span class='ocrx_word' id='word_1_119' title='bbox 1040 2174 1096 2237; x_wconf 86' lang='lat' dir='ltr'><strong>llis</strong></span> <span class='ocrx_word' id='word_1_120' title='bbox 1109 2173 1206 2238; x_wconf 81' lang='lat' dir='ltr'><strong>rebus</strong></span> 
     </span>
     <span class='ocr_line' id='line_1_16' title="bbox 139 2274 1205 2364; baseline 0.004 -29"><span class='ocrx_word' id='word_1_121' title='bbox 139 2275 295 2361; x_wconf 84' lang='lat' dir='ltr'><strong>cognitis,</strong></span> <span class='ocrx_word' id='word_1_122' title='bbox 318 2275 353 2338; x_wconf 87' lang='lat' dir='ltr'><strong>P.</strong></span> <span class='ocrx_word' id='word_1_123' title='bbox 379 2277 519 2340; x_wconf 87' lang='lat' dir='ltr'><strong>Licinius</strong></span> <span class='ocrx_word' id='word_1_124' title='bbox 543 2279 663 2340; x_wconf 85' lang='lat' dir='ltr'><strong>italicas</strong></span> <span class='ocrx_word' id='word_1_125' title='bbox 687 2278 868 2364; x_wconf 84' lang='lat' dir='ltr'><strong>siculusque</strong></span> <span class='ocrx_word' id='word_1_126' title='bbox 887 2278 1015 2364; x_wconf 88' lang='lat' dir='ltr'><strong>copias,</strong></span> <span class='ocrx_word' id='word_1_127' title='bbox 1034 2275 1074 2339; x_wconf 81' lang='lat' dir='ltr'><strong>ad</strong></span> <span class='ocrx_word' id='word_1_128' title='bbox 1091 2274 1205 2339; x_wconf 86' lang='lat' dir='ltr'><strong>decem</strong></span> 
     </span>
     <span class='ocr_line' id='line_1_17' title="bbox 139 2373 1207 2458; baseline 0 -21"><span class='ocrx_word' id='word_1_129' title='bbox 139 2377 234 2438; x_wconf 85' lang='lat' dir='ltr'><strong>millia</strong></span> <span class='ocrx_word' id='word_1_130' title='bbox 254 2378 441 2458; x_wconf 86' lang='lat' dir='ltr'><strong>hominum,</strong></span> <span class='ocrx_word' id='word_1_131' title='bbox 458 2380 603 2442; x_wconf 83' lang='lat' dir='ltr'><strong>celeriter</strong></span> <span class='ocrx_word' id='word_1_132' title='bbox 617 2395 816 2451; x_wconf 79' lang='lat' dir='ltr'><strong>contractas,</strong></span> <span class='ocrx_word' id='word_1_133' title='bbox 835 2393 999 2440; x_wconf 90' lang='lat' dir='ltr'><strong>nocturno</strong></span> <span class='ocrx_word' id='word_1_134' title='bbox 1014 2376 1130 2438; x_wconf 85' lang='lat' dir='ltr'><strong>itinere</strong></span> <span class='ocrx_word' id='word_1_135' title='bbox 1145 2373 1207 2438; x_wconf 88' lang='lat' dir='ltr'><strong>du·</strong></span> 
     </span>
     <span class='ocr_line' id='line_1_18' title="bbox 139 2475 1205 2567; baseline -0.002 -29"><span class='ocrx_word' id='word_1_136' title='bbox 139 2478 180 2540; x_wconf 90' lang='lat' dir='ltr'><strong>cit</strong></span> <span class='ocrx_word' id='word_1_137' title='bbox 193 2502 201 2557; x_wconf 90' lang='lat'>;</span> <span class='ocrx_word' id='word_1_138' title='bbox 216 2480 446 2566; x_wconf 82' lang='lat' dir='ltr'><strong>occupatisque</strong></span> <span class='ocrx_word' id='word_1_139' title='bbox 459 2480 570 2543; x_wconf 86' lang='lat' dir='ltr'><strong>castris</strong></span> <span class='ocrx_word' id='word_1_140' title='bbox 584 2480 817 2567; x_wconf 80' lang='lat' dir='ltr'><strong>fugitivorum,</strong></span> <span class='ocrx_word' id='word_1_141' title='bbox 832 2478 865 2540; x_wconf 91' lang='lat' dir='ltr'><strong>in</strong></span> <span class='ocrx_word' id='word_1_142' title='bbox 884 2476 1003 2563; x_wconf 88' lang='lat' dir='ltr'><strong>quibus</strong></span> <span class='ocrx_word' id='word_1_143' title='bbox 1020 2475 1114 2561; x_wconf 83' lang='lat' dir='ltr'><strong>pauci</strong></span> <span class='ocrx_word' id='word_1_144' title='bbox 1128 2496 1205 2560; x_wconf 90' lang='lat' dir='ltr'><strong>pro·</strong></span> 
     </span>
     <span class='ocr_line' id='line_1_19' title="bbox 138 2572 1204 2668; baseline -0.008 -27"><span class='ocrx_word' id='word_1_145' title='bbox 138 2596 349 2668; x_wconf 76' lang='lat' dir='ltr'><strong>pugnatores,</strong></span> <span class='ocrx_word' id='word_1_146' title='bbox 376 2597 527 2643; x_wconf 79' lang='lat' dir='ltr'><strong>caeterum</strong></span> <span class='ocrx_word' id='word_1_147' title='bbox 549 2580 744 2642; x_wconf 84' lang='lat' dir='ltr'><strong>feminarum</strong></span> <span class='ocrx_word' id='word_1_148' title='bbox 768 2594 954 2662; x_wconf 82' lang='lat' dir='ltr'><strong>caeteraeque</strong></span> <span class='ocrx_word' id='word_1_149' title='bbox 973 2573 1087 2661; x_wconf 80' lang='lat' dir='ltr'><strong>praedoe</strong></span> <span class='ocrx_word' id='word_1_150' title='bbox 1103 2572 1204 2659; x_wconf 69' lang='lat' dir='ltr'><strong>pluri·</strong></span> 
     </span>
     <span class='ocr_line' id='line_1_20' title="bbox 139 2674 1203 2765; baseline -0.006 -24"><span class='ocrx_word' id='word_1_151' title='bbox 139 2703 228 2741; x_wconf 89' lang='lat' dir='ltr'><strong>mum</strong></span> <span class='ocrx_word' id='word_1_152' title='bbox 255 2697 343 2758; x_wconf 87' lang='lat' dir='ltr'><strong>erat,</strong></span> <span class='ocrx_word' id='word_1_153' title='bbox 370 2697 467 2765; x_wconf 89' lang='lat' dir='ltr'><strong>atque</strong></span> <span class='ocrx_word' id='word_1_154' title='bbox 492 2679 641 2765; x_wconf 87' lang='lat' dir='ltr'><strong>direptis,</strong></span> <span class='ocrx_word' id='word_1_155' title='bbox 663 2676 703 2741; x_wconf 92' lang='lat' dir='ltr'><strong>ad</strong></span> <span class='ocrx_word' id='word_1_156' title='bbox 721 2677 836 2739; x_wconf 88' lang='lat' dir='ltr'><strong>urbem</strong></span> <span class='ocrx_word' id='word_1_157' title='bbox 859 2674 1099 2761; x_wconf 81' lang='lat' dir='ltr'><strong>Morgantinaur</strong></span> <span class='ocrx_word' id='word_1_158' title='bbox 1123 2693 1203 2735; x_wconf 83' lang='lat' dir='ltr'><strong>oon·</strong></span> 
     </span>
     <span class='ocr_line' id='line_1_21' title="bbox 140 2781 253 2840; baseline 0.018 -2"><span class='ocrx_word' id='word_1_159' title='bbox 140 2781 253 2840; x_wconf 85' lang='lat' dir='ltr'><strong>tendit.</strong></span> 
     </span>
    </p>

    <p class='ocr_par' dir='ltr' id='par_1_4' title="bbox 139 2874 1207 3677">
     <span class='ocr_line' id='line_1_22' title="bbox 182 2874 1205 2964; baseline 0.003 -24"><span class='ocrx_word' id='word_1_160' title='bbox 182 2877 350 2941; x_wconf 89' lang='lat' dir='ltr'><strong>XXXVll.</strong></span> <span class='ocrx_word' id='word_1_161' title='bbox 384 2877 547 2964; x_wconf 81' lang='lat' dir='ltr'><strong>Fugitiros</strong></span> <span class='ocrx_word' id='word_1_162' title='bbox 581 2874 859 2962; x_wconf 82' lang='lat' dir='ltr'><strong>quemadmodum</strong></span> <span class='ocrx_word' id='word_1_163' title='bbox 887 2874 1075 2962; x_wconf 85' lang='lat' dir='ltr'><strong>repentinus</strong></span> <span class='ocrx_word' id='word_1_164' title='bbox 1103 2894 1205 2943; x_wconf 82' lang='lat' dir='ltr'><strong>terror</strong></span> 
     </span>
     <span class='ocr_line' id='line_1_23' title="bbox 140 2976 1204 3066; baseline 0.004 -26"><span class='ocrx_word' id='word_1_165' title='bbox 140 2981 230 3042; x_wconf 77' lang='lat' dir='ltr'><strong>lacile</strong></span> <span class='ocrx_word' id='word_1_166' title='bbox 255 2979 365 3043; x_wconf 86' lang='lat' dir='ltr'><strong>castris</strong></span> <span class='ocrx_word' id='word_1_167' title='bbox 388 2978 572 3066; x_wconf 80' lang='lat' dir='ltr'><strong>expulerat,</strong></span> <span class='ocrx_word' id='word_1_168' title='bbox 598 2978 639 3040; x_wconf 85' lang='lat' dir='ltr'><strong>ita</strong></span> <span class='ocrx_word' id='word_1_169' title='bbox 663 2976 777 3039; x_wconf 87' lang='lat' dir='ltr'><strong>notitia</strong></span> <span class='ocrx_word' id='word_1_170' title='bbox 799 2977 947 3039; x_wconf 91' lang='lat' dir='ltr'><strong>locorum</strong></span> <span class='ocrx_word' id='word_1_171' title='bbox 966 2991 1000 3039; x_wconf 87' lang='lat' dir='ltr'><strong>et</strong></span> <span class='ocrx_word' id='word_1_172' title='bbox 1013 2999 1079 3041; x_wconf 87' lang='lat' dir='ltr'><strong>nox</strong></span> <span class='ocrx_word' id='word_1_173' title='bbox 1095 2995 1204 3044; x_wconf 75' lang='lat' dir='ltr'><strong>tutatae</strong></span> 
     </span>
     <span class='ocr_line' id='line_1_24' title="bbox 140 3077 1203 3168; baseline 0.005 -29"><span class='ocrx_word' id='word_1_174' title='bbox 140 3097 248 3143; x_wconf 78' lang='lat' dir='ltr'><strong>erant:</strong></span> <span class='ocrx_word' id='word_1_175' title='bbox 268 3102 381 3143; x_wconf 90' lang='lat' dir='ltr'><strong>omnes</strong></span> <span class='ocrx_word' id='word_1_176' title='bbox 404 3082 505 3142; x_wconf 80' lang='lat' dir='ltr'><strong>ferme</strong></span> <span class='ocrx_word' id='word_1_177' title='bbox 524 3079 723 3151; x_wconf 82' lang='lat' dir='ltr'><strong>incolumes,</strong></span> <span class='ocrx_word' id='word_1_178' title='bbox 741 3100 848 3165; x_wconf 86' lang='lat' dir='ltr'><strong>neque</strong></span> <span class='ocrx_word' id='word_1_179' title='bbox 870 3077 967 3166; x_wconf 82' lang='lat' dir='ltr'><strong>longe</strong></span> <span class='ocrx_word' id='word_1_180' title='bbox 989 3080 1065 3167; x_wconf 78' lang='lat' dir='ltr'><strong>fuga</strong></span> <span class='ocrx_word' id='word_1_181' title='bbox 1089 3081 1203 3168; x_wconf 76' lang='lat' dir='ltr'><strong>palati,</strong></span> 
     </span>
     <span class='ocr_line' id='line_1_25' title="bbox 141 3178 1203 3270; baseline 0.001 -27"><span class='ocrx_word' id='word_1_182' title='bbox 141 3199 312 3270; x_wconf 84' lang='lat' dir='ltr'><strong>postquam</strong></span> <span class='ocrx_word' id='word_1_183' title='bbox 330 3183 413 3246; x_wconf 86' lang='lat' dir='ltr'><strong>vires</strong></span> <span class='ocrx_word' id='word_1_184' title='bbox 431 3181 642 3267; x_wconf 89' lang='lat' dir='ltr'><strong>animumque</strong></span> <span class='ocrx_word' id='word_1_185' title='bbox 659 3179 912 3267; x_wconf 81' lang='lat' dir='ltr'><strong>recollegerunt,</strong></span> <span class='ocrx_word' id='word_1_186' title='bbox 928 3178 1119 3243; x_wconf 78' lang='lat' dir='ltr'><strong>reddendam</strong></span> <span class='ocrx_word' id='word_1_187' title='bbox 1138 3180 1203 3244; x_wconf 85' lang='lat' dir='ltr'><strong>llo·</strong></span> 
     </span>
     <span class='ocr_line' id='line_1_26' title="bbox 140 3279 1204 3362; baseline 0.002 -18"><span class='ocrx_word' id='word_1_188' title='bbox 140 3308 233 3347; x_wconf 69' lang='lat' dir='ltr'><strong>torino</strong></span> <span class='ocrx_word' id='word_1_189' title='bbox 246 3288 346 3348; x_wconf 69' lang='lat' dir='ltr'><strong>vacem</strong></span> <span class='ocrx_word' id='word_1_190' title='bbox 358 3285 520 3362; x_wconf 83' lang='lat' dir='ltr'><strong>fremunt,</strong></span> <span class='ocrx_word' id='word_1_191' title='bbox 533 3296 566 3344; x_wconf 86' lang='lat' dir='ltr'><strong>ot</strong></span> <span class='ocrx_word' id='word_1_192' title='bbox 578 3295 688 3344; x_wconf 80' lang='lat' dir='ltr'><strong>contra</strong></span> <span class='ocrx_word' id='word_1_193' title='bbox 700 3295 859 3344; x_wconf 84' lang='lat' dir='ltr'><strong>auctorem</strong></span> <span class='ocrx_word' id='word_1_194' title='bbox 876 3279 1038 3343; x_wconf 81' lang='lat' dir='ltr'><strong>vertendas</strong></span> <span class='ocrx_word' id='word_1_195' title='bbox 1050 3281 1182 3346; x_wconf 55' lang='lat' dir='ltr'><strong>immas</strong></span> <span class='ocrx_word' id='word_1_196' title='bbox 1193 3306 1204 3345; x_wconf 95' lang='lat'><em>:</em></span> 
     </span>
     <span class='ocr_line' id='line_1_27' title="bbox 139 3382 1207 3473; baseline 0.003 -26"><span class='ocrx_word' id='word_1_197' title='bbox 139 3388 262 3449; x_wconf 77' lang='lat' dir='ltr'><strong>eosdem</strong></span> <span class='ocrx_word' id='word_1_198' title='bbox 283 3388 442 3466; x_wconf 80' lang='lat' dir='ltr'><strong>tenebras,</strong></span> <span class='ocrx_word' id='word_1_199' title='bbox 470 3408 541 3473; x_wconf 78' lang='lat' dir='ltr'><strong>quse</strong></span> <span class='ocrx_word' id='word_1_200' title='bbox 558 3387 617 3448; x_wconf 83' lang='lat' dir='ltr'><strong>sibi</strong></span> <span class='ocrx_word' id='word_1_201' title='bbox 633 3387 820 3463; x_wconf 73' lang='lat' dir='ltr'><strong>nocut&#39;ssem,</strong></span> <span class='ocrx_word' id='word_1_202' title='bbox 838 3382 937 3446; x_wconf 81' lang='lat' dir='ltr'><strong>multo</strong></span> <span class='ocrx_word' id='word_1_203' title='bbox 954 3385 1053 3469; x_wconf 78' lang='lat' dir='ltr'><strong>magis</strong></span> <span class='ocrx_word' id='word_1_204' title='bbox 1071 3383 1207 3450; x_wconf 70' lang='lat' dir='ltr'><strong>hostibus</strong></span> 
     </span>
     <span class='ocr_line' id='line_1_28' title="bbox 140 3485 1204 3574; baseline 0.002 -24"><span class='ocrx_word' id='word_1_205' title='bbox 140 3487 304 3573; x_wconf 67' lang='lat' dir='ltr'><strong>aerlffuturos</strong></span> <span class='ocrx_word' id='word_1_206' title='bbox 316 3513 327 3550; x_wconf 89' lang='lat'><em>:</em></span> <span class='ocrx_word' id='word_1_207' title='bbox 341 3491 474 3552; x_wconf 83' lang='lat' dir='ltr'><strong>victorio</strong></span> <span class='ocrx_word' id='word_1_208' title='bbox 494 3491 658 3565; x_wconf 69' lang='lat' dir='ltr'><strong>incautos,</strong></span> <span class='ocrx_word' id='word_1_209' title='bbox 678 3485 793 3573; x_wconf 80' lang='lat' dir='ltr'><strong>proeda</strong></span> <span class='ocrx_word' id='word_1_210' title='bbox 812 3507 940 3574; x_wconf 79' lang='lat' dir='ltr'><strong>graves,</strong></span> <span class='ocrx_word' id='word_1_211' title='bbox 958 3489 988 3547; x_wconf 80' lang='lat' dir='ltr'><strong>si</strong></span> <span class='ocrx_word' id='word_1_212' title='bbox 1001 3509 1023 3547; x_wconf 85' lang='lat' dir='ltr'><strong>a</strong></span> <span class='ocrx_word' id='word_1_213' title='bbox 1039 3488 1204 3574; x_wconf 79' lang='lat' dir='ltr'><strong>superiori·</strong></span> 
     </span>
     <span class='ocr_line' id='line_1_29' title="bbox 140 3585 723 3677; baseline 0.007 -30"><span class='ocrx_word' id='word_1_214' title='bbox 140 3589 194 3649; x_wconf 80' lang='lat' dir='ltr'><strong>hus</strong></span> <span class='ocrx_word' id='word_1_215' title='bbox 211 3585 284 3649; x_wconf 85' lang='lat' dir='ltr'><strong>loeis</strong></span> <span class='ocrx_word' id='word_1_216' title='bbox 302 3591 452 3671; x_wconf 77' lang='lat' dir='ltr'><strong>incurres,</strong></span> <span class='ocrx_word' id='word_1_217' title='bbox 470 3589 723 3677; x_wconf 65' lang='lat' dir='ltr'><strong>dustjnamporse.</strong></span> 
     </span>
    </p>

    <p class='ocr_par' dir='ltr' id='par_1_5' title="bbox 140 3686 1206 4585">
     <span class='ocr_line' id='line_1_30' title="bbox 184 3686 1206 3778; baseline 0.003 -30"><span class='ocrx_word' id='word_1_218' title='bbox 184 3688 368 3751; x_wconf 89' lang='lat' dir='ltr'><strong>XXXVlll.</strong></span> <span class='ocrx_word' id='word_1_219' title='bbox 381 3690 496 3777; x_wconf 86' lang='lat' dir='ltr'><strong>Neque</strong></span> <span class='ocrx_word' id='word_1_220' title='bbox 509 3690 657 3778; x_wconf 82' lang='lat' dir='ltr'><strong>segnius,</strong></span> <span class='ocrx_word' id='word_1_221' title='bbox 668 3709 765 3774; x_wconf 85' lang='lat' dir='ltr'><strong>quam</strong></span> <span class='ocrx_word' id='word_1_222' title='bbox 776 3687 905 3773; x_wconf 90' lang='lat' dir='ltr'><strong>loquuti</strong></span> <span class='ocrx_word' id='word_1_223' title='bbox 917 3686 1060 3767; x_wconf 82' lang='lat' dir='ltr'><strong>fuerant,</strong></span> <span class='ocrx_word' id='word_1_224' title='bbox 1071 3688 1206 3775; x_wconf 85' lang='lat' dir='ltr'><strong>impres·</strong></span> 
     </span>
     <span class='ocr_line' id='line_1_31' title="bbox 140 3788 1205 3878; baseline 0.003 -29"><span class='ocrx_word' id='word_1_225' title='bbox 140 3789 188 3849; x_wconf 87' lang='lat' dir='ltr'><strong>sio</strong></span> <span class='ocrx_word' id='word_1_226' title='bbox 207 3789 287 3851; x_wconf 84' lang='lat' dir='ltr'><strong>lacta</strong></span> <span class='ocrx_word' id='word_1_227' title='bbox 304 3812 311 3850; x_wconf 76' lang='grc' dir='ltr'><strong>ι</strong></span> <span class='ocrx_word' id='word_1_228' title='bbox 331 3812 437 3875; x_wconf 85' lang='lat' dir='ltr'><strong>neque</strong></span> <span class='ocrx_word' id='word_1_229' title='bbox 455 3791 553 3870; x_wconf 88' lang='lat' dir='ltr'><strong>alius,</strong></span> <span class='ocrx_word' id='word_1_230' title='bbox 572 3812 670 3878; x_wconf 86' lang='lat' dir='ltr'><strong>quam</strong></span> <span class='ocrx_word' id='word_1_231' title='bbox 688 3788 804 3852; x_wconf 89' lang='lat' dir='ltr'><strong>animis</strong></span> <span class='ocrx_word' id='word_1_232' title='bbox 820 3805 1053 3874; x_wconf 75' lang='lat' dir='ltr'><strong>preceperant,</strong></span> <span class='ocrx_word' id='word_1_233' title='bbox 1071 3804 1205 3853; x_wconf 80' lang='lat' dir='ltr'><strong>eventus</strong></span> 
     </span>
     <span class='ocr_line' id='line_1_32' title="bbox 140 3886 1205 3979; baseline 0.004 -31"><span class='ocrx_word' id='word_1_234' title='bbox 140 3888 210 3950; x_wconf 86' lang='lat' dir='ltr'><strong>fuit.</strong></span> <span class='ocrx_word' id='word_1_235' title='bbox 234 3889 344 3968; x_wconf 85' lang='lat' dir='ltr'><strong>Quum</strong></span> <span class='ocrx_word' id='word_1_236' title='bbox 360 3904 469 3952; x_wconf 85' lang='lat' dir='ltr'><strong>tamen</strong></span> <span class='ocrx_word' id='word_1_237' title='bbox 488 3912 596 3979; x_wconf 83' lang='lat' dir='ltr'><strong>pugna</strong></span> <span class='ocrx_word' id='word_1_238' title='bbox 613 3889 817 3968; x_wconf 83' lang='lat' dir='ltr'><strong>traheretur,</strong></span> <span class='ocrx_word' id='word_1_239' title='bbox 836 3886 1071 3974; x_wconf 82' lang='lat' dir='ltr'><strong>trepidantibus</strong></span> <span class='ocrx_word' id='word_1_240' title='bbox 1086 3890 1205 3952; x_wconf 79' lang='lat' dir='ltr'><strong>Roma·</strong></span> 
     </span>
     <span class='ocr_line' id='line_1_33' title="bbox 141 3988 1203 4079; baseline 0.003 -29"><span class='ocrx_word' id='word_1_241' title='bbox 141 3991 207 4070; x_wconf 87' lang='lat' dir='ltr'><strong>nis,</strong></span> <span class='ocrx_word' id='word_1_242' title='bbox 232 4005 264 4051; x_wconf 91' lang='lat' dir='ltr'><strong>et</strong></span> <span class='ocrx_word' id='word_1_243' title='bbox 288 3990 387 4079; x_wconf 89' lang='lat' dir='ltr'><strong>magis</strong></span> <span class='ocrx_word' id='word_1_244' title='bbox 410 3989 635 4079; x_wconf 73' lang='lat' dir='ltr'><strong>desperatione</strong></span> <span class='ocrx_word' id='word_1_245' title='bbox 652 3991 753 4078; x_wconf 76' lang='lat' dir='ltr'><strong>fugae,</strong></span> <span class='ocrx_word' id='word_1_246' title='bbox 766 4010 872 4075; x_wconf 84' lang='lat' dir='ltr'><strong>-quam</strong></span> <span class='ocrx_word' id='word_1_247' title='bbox 893 3989 1012 4052; x_wconf 85' lang='lat' dir='ltr'><strong>virtute</strong></span> <span class='ocrx_word' id='word_1_248' title='bbox 1032 4010 1069 4050; x_wconf 88' lang='lat' dir='ltr'><strong>ac</strong></span> <span class='ocrx_word' id='word_1_249' title='bbox 1087 3988 1203 4053; x_wconf 83' lang='lat' dir='ltr'><strong>robore</strong></span> 
     </span>
     <span class='ocr_line' id='line_1_34' title="bbox 141 4088 1204 4180; baseline 0 -28"><span class='ocrx_word' id='word_1_250' title='bbox 141 4091 380 4165; x_wconf 80' lang='lat' dir='ltr'><strong>resistentibus,</strong></span> <span class='ocrx_word' id='word_1_251' title='bbox 408 4113 463 4153; x_wconf 86' lang='lat' dir='ltr'><strong>rex</strong></span> <span class='ocrx_word' id='word_1_252' title='bbox 487 4092 698 4180; x_wconf 80' lang='lat' dir='ltr'><strong>lugitivorum</strong></span> <span class='ocrx_word' id='word_1_253' title='bbox 723 4105 908 4179; x_wconf 89' lang='lat' dir='ltr'><strong>opportuna</strong></span> <span class='ocrx_word' id='word_1_254' title='bbox 937 4088 1106 4153; x_wconf 83' lang='lat' dir='ltr'><strong>calliditate</strong></span> <span class='ocrx_word' id='word_1_255' title='bbox 1125 4112 1204 4178; x_wconf 83' lang='lat' dir='ltr'><strong>pro·</strong></span> 
     </span>
     <span class='ocr_line' id='line_1_35' title="bbox 141 4190 1204 4281; baseline 0.005 -29"><span class='ocrx_word' id='word_1_256' title='bbox 141 4192 283 4254; x_wconf 86' lang='lat' dir='ltr'><strong>nuntiari</strong></span> <span class='ocrx_word' id='word_1_257' title='bbox 297 4213 376 4254; x_wconf 82' lang='lat' dir='ltr'><strong>vore</strong></span> <span class='ocrx_word' id='word_1_258' title='bbox 391 4193 549 4278; x_wconf 77' lang='lat' dir='ltr'><strong>praeconis</strong></span> <span class='ocrx_word' id='word_1_259' title='bbox 561 4193 672 4272; x_wconf 88' lang='lat' dir='ltr'><strong>jubet,</strong></span> <span class='ocrx_word' id='word_1_260' title='bbox 688 4216 727 4255; x_wconf 78' lang='lat' dir='ltr'><strong>nc</strong></span> <span class='ocrx_word' id='word_1_261' title='bbox 738 4193 806 4281; x_wconf 81' lang='lat' dir='ltr'><strong>qais</strong></span> <span class='ocrx_word' id='word_1_262' title='bbox 819 4194 882 4254; x_wconf 70' lang='lat' dir='ltr'><strong>nui</strong></span> <span class='ocrx_word' id='word_1_263' title='bbox 890 4204 1032 4254; x_wconf 81' lang='lat' dir='ltr'><strong>armatus</strong></span> <span class='ocrx_word' id='word_1_264' title='bbox 1043 4190 1204 4257; x_wconf 62' lang='lat' dir='ltr'><strong>credant:</strong></span> 
     </span>
     <span class='ocr_line' id='line_1_36' title="bbox 142 4292 1206 4382; baseline 0.006 -29"><span class='ocrx_word' id='word_1_265' title='bbox 142 4314 202 4355; x_wconf 83' lang='lat' dir='ltr'><strong>nec</strong></span> <span class='ocrx_word' id='word_1_266' title='bbox 226 4315 315 4356; x_wconf 90' lang='lat' dir='ltr'><strong>mora</strong></span> <span class='ocrx_word' id='word_1_267' title='bbox 339 4292 419 4373; x_wconf 87' lang='lat' dir='ltr'><strong>luit,</strong></span> <span class='ocrx_word' id='word_1_268' title='bbox 439 4293 519 4379; x_wconf 90' lang='lat' dir='ltr'><strong>quin</strong></span> <span class='ocrx_word' id='word_1_269' title='bbox 541 4295 688 4382; x_wconf 85' lang='lat' dir='ltr'><strong>plerique</strong></span> <span class='ocrx_word' id='word_1_270' title='bbox 713 4294 809 4357; x_wconf 82' lang='lat' dir='ltr'><strong>armis</strong></span> <span class='ocrx_word' id='word_1_271' title='bbox 830 4293 960 4373; x_wconf 83' lang='lat' dir='ltr'><strong>abjectis</strong></span> <span class='ocrx_word' id='word_1_272' title='bbox 979 4292 1138 4381; x_wconf 78' lang='lat' dir='ltr'><strong>fugerent.</strong></span> <span class='ocrx_word' id='word_1_273' title='bbox 1156 4294 1206 4359; x_wconf 82' lang='lat' dir='ltr'><strong>Ex</strong></span> 
     </span>
     <span class='ocr_line' id='line_1_37' title="bbox 142 4392 1203 4483; baseline 0.004 -30"><span class='ocrx_word' id='word_1_274' title='bbox 142 4392 192 4455; x_wconf 82' lang='lat' dir='ltr'><strong>liis</strong></span> <span class='ocrx_word' id='word_1_275' title='bbox 210 4395 306 4457; x_wconf 90' lang='lat' dir='ltr'><strong>millia</strong></span> <span class='ocrx_word' id='word_1_276' title='bbox 331 4410 471 4481; x_wconf 88' lang='lat' dir='ltr'><strong>quatuor</strong></span> <span class='ocrx_word' id='word_1_277' title='bbox 493 4395 555 4458; x_wconf 81' lang='lat' dir='ltr'><strong>vivi</strong></span> <span class='ocrx_word' id='word_1_278' title='bbox 580 4396 683 4483; x_wconf 90' lang='lat' dir='ltr'><strong>capti:</strong></span> <span class='ocrx_word' id='word_1_279' title='bbox 701 4394 788 4458; x_wconf 91' lang='lat' dir='ltr'><strong>haud</strong></span> <span class='ocrx_word' id='word_1_280' title='bbox 806 4395 914 4483; x_wconf 91' lang='lat' dir='ltr'><strong>plures</strong></span> <span class='ocrx_word' id='word_1_281' title='bbox 932 4392 1088 4457; x_wconf 75' lang='lat' dir='ltr'><strong>sexcentis</strong></span> <span class='ocrx_word' id='word_1_282' title='bbox 1103 4394 1203 4457; x_wconf 84' lang='lat' dir='ltr'><strong>inter·</strong></span> 
     </span>
     <span class='ocr_line' id='line_1_38' title="bbox 146 4493 1204 4585; baseline 0.005 -34"><span class='ocrx_word' id='word_1_283' title='bbox 146 4493 232 4571; x_wconf 77' lang='lat' dir='ltr'><strong>scoti,</strong></span> <span class='ocrx_word' id='word_1_284' title='bbox 250 4495 337 4581; x_wconf 90' lang='lat' dir='ltr'><strong>quod</strong></span> <span class='ocrx_word' id='word_1_285' title='bbox 356 4519 395 4558; x_wconf 83' lang='lat' dir='ltr'><strong>ex</strong></span> <span class='ocrx_word' id='word_1_286' title='bbox 411 4495 494 4585; x_wconf 83' lang='lat' dir='ltr'><strong>regis</strong></span> <span class='ocrx_word' id='word_1_287' title='bbox 510 4496 615 4560; x_wconf 87' lang='lat' dir='ltr'><strong>edicto</strong></span> <span class='ocrx_word' id='word_1_288' title='bbox 631 4495 790 4585; x_wconf 85' lang='lat' dir='ltr'><strong>parcitum</strong></span> <span class='ocrx_word' id='word_1_289' title='bbox 810 4494 988 4558; x_wconf 88' lang='lat' dir='ltr'><strong>inermibus</strong></span> <span class='ocrx_word' id='word_1_290' title='bbox 1006 4497 1120 4559; x_wconf 85' lang='lat' dir='ltr'><strong>fuerat.</strong></span> <span class='ocrx_word' id='word_1_291' title='bbox 1137 4493 1204 4558; x_wconf 85' lang='lat' dir='ltr'><strong>Sal-</strong></span> 
     </span>
    </p>
   </div>
   <div class='ocr_carea' id='block_1_3' title="bbox 0 0 1307 4980">
    <p class='ocr_par' dir='ltr' id='par_1_6' title="bbox 0 0 1307 4980">
     <span class='ocr_line' id='line_1_39' title="bbox 0 0 1307 4980; baseline 0 0"><span class='ocrx_word' id='word_1_292' title='bbox 0 0 1307 4980; x_wconf 95' lang='lat' dir='ltr'><strong> </strong></span> 
     </span>
    </p>
   </div>
  </div>
 </body>
</html>
