2640 5046
274 807 329 874 tn
360 806 791 873 sonuimus
820 803 1033 871 mvmnr.
1139 797 1186 895 59

123 944 176 992 tus
188 941 416 990 successerant.
433 928 480 990 Ex
496 927 600 990 Africa
617 926 699 990 filius
710 927 884 990 Masinissae
894 925 1123 1003 nuntiabat,se
1126 946 1188 1012 per

121 1052 253 1094 causam
274 1027 464 1116 deprecandi
482 1052 542 1116 pro
559 1030 718 1094 exsulibus
739 1026 936 1113 cumfratre
952 1026 1103 1114 Micipsa,
1124 1048 1187 1112 pa»

123 1137 217 1195 rentis
235 1136 343 1210 missu,
363 1129 585 1215 Carthaginem
607 1134 725 1194 venisse
743 1155 754 1192 :
774 1142 921 1193 cteterwn
942 1129 976 1189 in
998 1127 1104 1189 urbem
1123 1147 1188 1192 non

123 1256 186 1297 esse
200 1233 375 1295 admissos:
388 1245 419 1295 et
430 1233 489 1296 sibi
493 1282 502 1311 ,
518 1257 613 1321 quum
626 1245 833 1311 reverteretur,
848 1232 890 1295 ab
901 1227 1080 1292 Hannibale
1093 1228 1188 1291 Sum·

124 1337 205 1413 nite,
223 1335 280 1421 qui
294 1348 389 1420 caput
399 1331 560 1418 factionis
580 1334 744 1423 popularis
766 1349 861 1411 esset,
880 1332 1009 1394 insidias
1029 1341 1163 1393 structus
1173 1376 1184 1406 ,

125 1449 155 1499 et
172 1458 217 1498 ex
232 1437 384 1498 comitatu
404 1458 459 1498 suo
479 1437 632 1524 quosdam
653 1440 872 1523 interempto&
895 1456 925 1495 se
941 1430 1033 1520 firgo
1055 1430 1190 1492 salutem

123 1539 303 1626 quaesivisse.
317 1535 472 1600 Coeterum
481 1561 541 1624 pro
557 1553 710 1627 comperto
722 1561 752 1600 se
770 1534 890 1624 efferre
898 1583 907 1612 ,
922 1533 1115 1618 Carthagine
1131 1530 1187 1592 de-

124 1639 219 1702 lectus
241 1641 316 1723 agi,
346 1642 462 1726 parari
484 1640 632 1720 classem,
659 1662 756 1727 neque
777 1636 1011 1701 dissimulanter
1030 1634 1107 1722 jam
1131 1646 1189 1695 aut

123 1741 248 1804 obscure
265 1740 379 1803 bellum
395 1757 507 1806 contro
526 1742 682 1805 Romanos
700 1745 785 1804 strui.
806 1741 881 1804 Non
901 1755 970 1800 erat
984 1739 1028 1800 ita
1043 1750 1186 1823 prostra-

123 1856 175 1906 tus
193 1840 372 1906 domestico
388 1845 522 1906 vulnere
538 1846 668 1907 Catonis
682 1844 826 1923 animus,
837 1858 875 1905 ut
889 1857 946 1905 aut
961 1837 1097 1927 publicis
1111 1857 1190 1898 cou-

124 1944 351 2007 saltationibus
367 1945 616 2024 abstinendum,
634 1962 691 2008 aut
708 1945 749 2007 de
769 1944 864 2008 solito
885 1943 991 2029 rigore
1010 1936 1189 2025 quidquam

122 2043 355 2107 remittendum
372 2068 458 2126 esse,
468 2045 613 2111 duceret.
630 2049 744 2133 ltaque
756 2061 826 2108 tum
838 2066 987 2131 quoque,
1001 2057 1038 2103 ut
1051 2060 1189 2125 semper,

123 2143 240 2207 lelium
249 2145 348 2208 inda'ci
356 2147 460 2210 Ptenis
470 2165 626 2236 oportere,
640 2171 754 2235 magna
771 2146 1005 2210 asseveratione
1015 2140 1187 2206 tendebat:

124 2267 232 2330 neque
248 2247 379 2333 segnius
396 2249 585 2335 opinionem
602 2272 693 2312 suam
712 2251 746 2312 P.
764 2248 873 2335 Scipio
888 2247 1002 2310 Nasica
1020 2243 1189 2320 tuebatur,

124 2349 230 2409 omniu
242 2351 332 2435 prius
347 2352 553 2438 experiundo.
566 2350 618 2414 sic
632 2352 749 2413 iterum
764 2350 797 2411 in
816 2351 899 2411 hanc
914 2345 1106 2410 sententiam
1123 2340 1190 2405 dis·

124 2470 269 2529 cessum,
287 2450 371 2513 iacto
396 2454 694 2531 senatusconsulto,
718 2455 767 2513 uti
786 2451 891 2512 decem
914 2449 1013 2535 legati
1028 2444 1191 2533 quampri-

124 2571 209 2611 mum
230 2552 434 2629 mitterentur,
454 2553 658 2639 speculaturi,
678 2551 756 2640 quid
772 2549 1077 2639 Carthaginiensibus
1092 2547 1193 2609 animi

124 2651 277 2714 consiliive
303 2666 387 2715 esset.

169 2753 243 2815 ΧΠ.
262 2753 395 2815 interim
415 2755 652 2817 Celtiberorum
671 2754 784 2842 legati,
801 2778 905 2840 quum
920 2756 1058 2816 Romam
1076 2772 1190 2838 perve-

125 2854 267 2933 nissent,
284 2852 499 2916 diversimode
513 2855 638 2940 excepti
653 2870 731 2916 sunt
746 2878 753 2916 ε
770 2877 844 2916 nam
862 2854 918 2939 qui
934 2877 952 2915 a
968 2852 1062 2915 soniis
1082 2850 1191 2913 civita·

126 2952 214 3015 tibus
236 2970 407 3032 venerant,
425 2955 462 3017 iis
487 2955 522 3016 in
545 2955 627 3016 urbe
650 2955 828 3042 hospitium
856 2954 1052 3041 probitum:
1075 2950 1191 3035 reliqui

128 3068 215 3116 trans
225 3054 368 3117 Tiberim
390 3077 519 3119 manere
532 3056 623 3135 jussi.
646 3056 706 3119 Die
722 3071 867 3136 senatus,
881 3055 1004 3141 priores
1020 3051 1125 3115 vocati
1139 3073 1192 3115 so·

125 3155 251 3218 ciorum
275 3172 433 3233 oratores,
453 3157 588 3220 civitatis
603 3158 761 3244 cujusque
779 3157 968 3245 sepinatim,
987 3154 1134 3218 eamdem
1157 3154 1191 3216 in

125 3255 316 3318 seutentiam
327 3257 424 3320 rerba
436 3258 601 3322 feceruut:
616 3261 700 3324 Earn
710 3282 773 3322 esse
784 3259 993 3321 conditionem
1009 3258 1189 3344 Hispanico,

125 3373 161 3419 ut
175 3358 244 3419 aliis
265 3359 347 3420 ru'ltil
363 3361 468 3422 carius
480 3382 611 3423 romano
624 3363 767 3450 imperio,
783 3361 855 3424 aliis
869 3359 952 3422 aittt
965 3357 1190 3423 intolerabilius

126 3460 301 3523 videntur:
322 3461 379 3523 ltus
403 3467 485 3524 inter
499 3460 663 3549 factiones
686 3464 855 3526 necessario
876 3465 980 3525 intuta
1004 3462 1191 3547 inimicaque

126 3563 232 3622 omnia
246 3585 307 3623 csse
321 3585 332 3623 :
348 3585 404 3625 nec
421 3563 556 3627 alterum
571 3588 662 3652 posse
675 3565 783 3628 stabili
802 3561 988 3651 infortuna
1010 3565 1188 3639 cornutam,

127 3664 445 3752 ni.si'depressispurtis
456 3666 586 3729 alterius
599 3669 728 3730 votius.
744 3698 757 3725 ιι
768 3666 869 3749 Quod
883 3667 910 3729 si
924 3667 1034 3753 igitur,
1044 3663 1188 3743 aiebant,

127 3794 140 3819 α
153 3763 252 3827 duces
267 3782 389 3830 vestros
406 3769 631 3856 exercitusque
647 3769 733 3832 bello
752 3769 903 3833 nondum
921 3767 1071 3830 consecto
1095 3788 1189 3829 revo-

127 3866 246 3936 «catis,
263 3866 344 3929 nihii
359 3868 508 3932 futurum
521 3885 572 3933 est
583 3871 717 3949 certius,
730 3892 827 3957 quam
842 3886 878 3933 ut
890 3870 923 3931 iu
939 3890 1017 3940 nos,
1035 3882 1188 3951 tanquam
1240 3920 1243 3925 ⁴

126 3967 333 4055 «proditores
348 3971 474 4056 patria,
492 3973 599 4035 omnis
616 3973 843 4035 communium
864 3970 1009 4034 hostium
1026 3967 1190 4030 cooriatur

127 4100 140 4125 ι
153 4071 311 4157 impetus:
322 4092 396 4133 nam
408 4071 434 4133 si
446 4071 509 4135 hoc
521 4073 717 4153 eonstiterit,
727 4094 815 4135 arma
826 4070 918 4134 vohis
929 4070 1065 4155 impune
1078 4065 1190 4128 inferri

128 4201 140 4226 ι
153 4194 262 4258 posse,
280 4194 386 4258 neque
399 4173 487 4236 aliud
503 4173 579 4236 inde
593 4173 792 4252 timendum,
811 4173 872 4235 nisi
886 4187 923 4234 ut
937 4168 1111 4233 vindictam
1128 4166 1189 4230 mi-

127 4303 140 4328 ·
153 4273 315 4354 nitemini,
335 4273 453 4338 deinde
469 4274 642 4355 omittatis,
661 4297 728 4338 non
747 4275 809 4338 erit
823 4290 889 4337 tam
909 4267 1080 4335 imbecillis
1090 4268 1190 4331 animi

162 4479 176 4545 S
191 4483 236 4530 xl.
250 4483 304 4541 Lis,
320 4484 384 4548 Epit.
394 4507 438 4520 ¹-
449 4483 557 4549 Appirn.
572 4485 655 4531 Punic.
670 4512 705 4520 —
719 4483 782 4532 Flor.
797 4483 890 4540 11,15.
906 4507 942 4518 -
958 4478 1080 4528 Plutarch.
1094 4479 1121 4527 iu
1136 4478 1188 4529 cn.

127 4581 180 4629 ser*
195 4567 237 4621 4⁸·
