2594 4980
158 722 227 794 560
330 723 396 788 JO.
424 717 764 786 FRElNSHEMII
793 715 1037 785 SUPPLElll.

156 867 250 932 capra
269 842 422 906 cornibus
442 839 630 902 ardentibus
658 860 715 927 per
730 836 846 901 urbem
865 836 977 918 ducta,
997 853 1089 925 porta
1108 840 1227 905 Naevia

156 948 286 1024 emissa,
302 944 484 1028 relictaque.
509 943 597 1003 lnter
612 940 681 1003 haec
695 938 836 1003 Cimbris
852 955 931 1002 noto
948 939 1061 1004 itinere
1077 963 1140 1028 per
1150 943 1227 1006 No·

158 1050 237 1112 ricas
261 1048 354 1133 Alpes
380 1047 411 1106 in
438 1045 559 1105 ltaliam
583 1043 762 1129 irrumpere
780 1040 988 1123 conantibus,
1007 1043 1047 1123 Q.
1061 1043 1224 1125 Catulus,

158 1172 198 1211 ne
214 1146 359 1210 custodia
376 1147 520 1207 locorum
536 1144 677 1231 plurium
692 1141 849 1207 divideret
862 1142 986 1230 copias,
1000 1142 1148 1208 deductis
1162 1168 1224 1208 un·

157 1248 254 1335 dique
271 1247 440 1334 praesidiis,
457 1247 532 1332 juga
554 1245 716 1308 montium
732 1242 891 1325 deseruit3
911 1261 947 1308 ut
969 1244 1003 1307 in
1023 1246 1148 1310 Carnos
1166 1270 1222 1310 re·

154 1374 297 1438 gressus,
314 1349 442 1413 Athesis
455 1346 595 1409 lluminis
607 1346 737 1424 objectu
750 1347 876 1410 hostem
889 1362 1086 1428 moraretur,
1103 1349 1220 1411 castris

152 1452 185 1512 in
200 1452 348 1513 citeriore
367 1450 433 1535 ripa
452 1448 571 1533 positis.
1056 1468 1059 1473 ·

198 1553 311 1614 XLVI.
328 1552 390 1612 Pro
408 1550 518 1612 Athesi
536 1547 633 1611 fluvio
648 1548 839 1612 Plutarchus
858 1549 1025 1614 Atisonem
1042 1551 1158 1638 ponit:
1175 1551 1222 1615 id·

156 1677 220 1741 que
237 1651 335 1714 hodie
352 1651 427 1713 viris
443 1650 576 1712 eruditis
589 1649 714 1737 plaeere
728 1647 833 1713 video.
848 1650 910 1713 Sed
926 1673 1032 1738 neque
1047 1651 1221 1715 Atisonem

158 1768 243 1816 recte
262 1776 320 1838 pro
338 1752 493 1813 Natisone
509 1750 668 1813 nominari
687 1773 783 1814 reor:
802 1767 834 1813 et
851 1751 1010 1838 quidquid
1029 1752 1069 1814 sit
1085 1751 1133 1822 ,de
1156 1772 1222 1815 no·

158 1854 260 1931 mine,
271 1853 379 1938 potius
389 1850 428 1912 nd
440 1852 572 1913 Athesin
585 1851 713 1915 haesisse
720 1853 926 1915 Cimbrorum
936 1855 1106 1941 impetum,
1119 1875 1221 1940 quarn

158 1954 284 2042 longius
301 1969 464 2015 remotum
485 1951 605 2015 flumen
622 1951 830 2029 crediderim,
848 1954 922 2040 quia
938 1952 1122 2017 tridentinis
1132 1953 1222 2042 jugis

158 2055 342 2143 degressos,
367 2070 399 2114 et
418 2053 558 2114 Venetiae
583 2051 704 2116 deliciis
722 2053 923 2117 effeminatos
946 2054 1094 2133 inveni03
1126 2051 1222 2141 quod

159 2157 232 2217 situi
259 2156 340 2217 circa
367 2152 499 2214 lluvium
524 2153 657 2216 Athesin
680 2155 873 2217 examussim
896 2156 1071 2243 congruit:
1093 2153 1151 2217 sed
1178 2152 1223 2217 ad

160 2257 326 2320 historiam
345 2254 452 2317 redeo.
473 2253 610 2332 Cimbri,
629 2252 770 2316 discessu
793 2255 994 2341 proconsulis
1017 2277 1157 2319 vacuum
1180 2255 1222 2321 ad

162 2359 257 2442 Alpes
287 2354 410 2416 aditum
439 2353 541 2432 nacti,
567 2374 752 2439 quanquam
778 2353 881 2417 hiems
909 2371 994 2435 erat,
1022 2357 1222 2445 nivibusque

161 2457 322 2519 montium
346 2471 510 2518 creverant
534 2454 683 2536 vertices,
707 2454 828 2517 nullam
852 2456 959 2520 itineri
984 2479 1108 2520 moram
1131 2459 1222 2523 lece·

162 2576 254 2637 runt,
272 2559 349 2645 quin
369 2581 425 2644 per
444 2546 576 2643 glaciem
597 2572 630 2618 et
648 2555 725 2619 altas
745 2556 851 2636 nives,
871 2556 997 2622 nudatis
1017 2560 1114 2622 etiam
1130 2563 1224 2626 nulla

160 2660 361 2737 necessitate,
387 2658 442 2719 sed
469 2656 509 2718 ad
531 2657 780 2722 ostentationem
807 2658 984 2745 patientiae,
1007 2662 1223 2747 corporibus,

160 2761 200 2825 ad
217 2784 382 2823 summum
400 2760 611 2822 eniterentur.

204 2863 332 2923 XLVll
356 2860 482 2921 Dehinc
502 2860 668 2922 latioribus
686 2859 976 2931 scutisinsidentes
997 2884 1063 2925 non
1084 2863 1224 2929 descen·

160 2962 295 3040 derunt,
308 2959 363 3021 sed
374 2984 432 3046 per
444 2961 565 3023 lubrica
578 2960 651 3047 gelu
663 2961 851 3049 praecipitia,
864 2979 896 3025 et
906 2965 1110 3052 confragosas
1122 2988 1224 3054 rupes

160 3064 191 3125 in
211 3062 344 3125 modum
364 3063 464 3123 ruinae
486 3062 647 3148 provoluti
665 3079 751 3125 sunt.
778 3064 817 3144 Q.
833 3064 967 3126 Catulus
992 3064 1025 3126 in
1042 3064 1225 3133 tridentino

160 3164 241 3226 saltu
259 3164 299 3224 ita
318 3185 350 3223 se
370 3163 567 3241 nmniverut,
588 3178 626 3223 ut
642 3162 792 3241 junctum
810 3181 910 3250 ponte
924 3164 1043 3228 flumen
1063 3167 1226 3256 utrinque

159 3263 310 3351 operibus
323 3264 586 3347 amplecteretur3
602 3261 721 3341 majora
738 3280 838 3327 castra
851 3265 883 3326 in
901 3266 1047 3329 citeriore
1061 3266 1146 3353 ripa,
1161 3270 1227 3332 rni-

161 3389 240 3427 nora
259 3386 368 3426 versus
389 3363 515 3423 hostem
538 3376 653 3424 essent.
677 3362 817 3445 Cimbri,
838 3387 940 3450 quum
960 3382 1154 3453 perventum
1181 3369 1226 3434 ad

160 3487 288 3528 amnem
311 3477 409 3539 esset,
430 3485 543 3524 manus
565 3477 596 3525 et
619 3462 747 3551 clypeos
769 3465 923 3545 objecisse
938 3467 1110 3531 ruentibus
1126 3472 1226 3557 aquis

161 3565 331 3643 dicuntur,
351 3565 440 3649 qumi
465 3562 600 3627 lluvium
618 3567 794 3629 retenturi:
811 3566 900 3653 quod
917 3590 982 3631 non
1003 3584 1067 3631 tam
1085 3569 1127 3632 ab
1142 3571 1225 3659 ipsis

160 3667 275 3731 stolide
287 3667 425 3738 lactum,
445 3689 541 3752 quam
556 3689 573 3727 a
590 3667 801 3752 scriptoribus
815 3669 980 3754 pueriliter
991 3669 1152 3734 creditum
1167 3697 1227 3738 au·

161 3787 301 3845 tumem3
330 3791 469 3854 quorum
495 3767 642 3829 nonnulli
665 3766 705 3829 de
733 3767 843 3831 iisdem
873 3769 1010 3832 Cimbris
1033 3770 1254 3861 celticisque·

161 3870 310 3959 gentibus
330 3870 395 3929 aliis
422 3869 618 3948 retulerunt,
639 3890 690 3931 eas
712 3883 824 3932 contra
843 3869 1093 3934 exundationem
1118 3896 1226 3962 aqua·

161 3995 235 4034 rum
248 3969 368 4058 gladios
385 3971 559 4055 stringere,
575 3984 608 4031 et
618 3969 706 4031 velut
718 3969 749 4032 in
764 3970 1013 4059 hostem,atque
1029 3996 1225 4060 sensurum,

160 4074 293 4136 vulnera
310 4071 433 4132 moliri:
453 4094 523 4157 quae
543 4070 659 4133 merito
675 4070 849 4135 severiores
868 4073 963 4136 etiam
981 4072 1101 4157 Graeci,
1124 4096 1227 4145 ooete.

196 4285 211 4348 §
230 4287 306 4333 xtv.
325 4287 376 4331 Lis.
394 4287 458 4348 Epit.
477 4310 510 4320 -
532 4286 596 4333 l'lor.
615 4289 664 4344 111,
686 4288 710 4334 3.
730 4314 765 4324 -
783 4289 906 4338 Plutarch.
924 4291 950 4338 in
967 4293 1030 4341 Mar.
1048 4309 1104 4358 cap.
1126 4296 1168 4344 36.
1190 4325 1228 4336 -

165 4369 267 4415 l‘reinsh.
280 4370 310 4416 ad
325 4373 343 4415 F
345 4370 389 4415 lor.
400 4395 430 4404 α
443 4368 458 4432 §
471 4370 559 4415 XLVI.
573 4371 637 4417 Flor.
648 4398 681 4407 -
694 4372 720 4419 L.
731 4372 828 4437 Ampel.
838 4401 873 4411 -
881 4375 1002 4425 Plutarch.
1015 4404 1048 4413 —
1059 4381 1172 4441 Orosv,
1185 4385 1227 4433 ιδ,

169 4480 196 4487 -
211 4456 294 4500 Senec.
305 4453 335 4499 de
346 4455 395 4507 lra,
410 4455 460 4510 lll,
473 4454 494 4498 3.
506 4479 540 4488 -
554 4457 638 4502 Front.
649 4454 720 4503 Strat-
730 4456 775 4516 IV,
786 4472 808 4516 r,
821 4458 859 4506 13.
