2594 4980
249 749 310 820 IN
341 748 456 818 LOC.
482 748 579 816 LlB.
606 747 697 817 LIV
728 747 950 819 lelattl.
1062 772 1127 818 aar

99 868 141 936 V.
159 870 313 961 Negabat
333 869 461 949 consul,
478 868 576 932 ullam
600 867 792 952 deditionis,
814 869 878 933 nisi
897 869 1020 935 traditis
1042 873 1132 960 prius

93 972 297 1053 amantium,
324 969 547 1036 conditionem
571 992 651 1033 esse.
676 969 777 1051 Quod
795 990 899 1057 quum
916 970 1132 1037 inhumanum

93 1091 153 1140 ctu
169 1091 203 1140 et
221 1073 348 1138 foedum
361 1073 402 1137 ad
417 1072 535 1136 famam
550 1070 723 1150 videretur,
736 1071 846 1134 omnia
859 1071 968 1159 potius
982 1075 1134 1161 experiri,

93 1197 163 1241 uam
181 1176 267 1240 bene
286 1173 327 1239 de
350 1197 385 1239 se
398 1173 532 1237 meritos
548 1172 590 1236 ad
606 1173 739 1236 exitium
761 1170 895 1253 dedere,
912 1172 1134 1242 decreverunt.

93 1275 147 1342 lox
160 1277 218 1341 ubi
234 1298 309 1364 spes
329 1275 437 1340 omnis
454 1275 564 1339 salutis
583 1273 729 1362 quotidie
745 1275 845 1364 magis
861 1275 1027 1363 magisque
1043 1275 1137 1341 dece·

93 1374 184 1461 lebat,
197 1378 297 1465 inque
311 1376 415 1440 oculis
429 1392 571 1440 extrema
587 1375 697 1439 omnia
709 1390 816 1455 erant,
832 1375 954 1464 legatos
968 1375 1009 1439 ad
1023 1399 1138 1441 consu·
1242 1384 1244 1389 ’

93 1498 139 1543 aa
152 1495 273 1543 secreto
290 1478 442 1559 mittunt,
458 1477 595 1540 altorum
602 1479 709 1565 potira
724 1477 842 1554 axina,
854 1497 952 1564 quam
966 1499 1039 1560 suo,
1058 1501 1138 1541 seve-

93 1580 164 1657 vitm
172 1577 483 1664 tilius-sacrifacturos
493 1601 555 1642 esse
562 1625 572 1656 ‚
581 1578 779 1641 nuntiantes.
791 1574 867 1640 Non
881 1576 994 1641 fefellit
1003 1576 1137 1665 perfidia

93 1680 234 1746 sotiorum
246 1680 491 1746 Numantinos:
510 1679 586 1766 qui,
605 1680 794 1768 priusquam
811 1677 1048 1764 occiderentur,
1063 1681 1137 1745 vin·

97 1776 165 1845 dina
182 1805 215 1846 se
240 1781 404 1864 satiaturi,
431 1796 532 1844 noctu
551 1780 797 1867 impressionem
819 1779 853 1843 in
878 1779 1070 1846 Lancienses
1089 1783 1139 1846 fa·

100 1877 186 1959 ciam,
195 1904 416 1973 magnumque
429 1903 544 1945 eorum
557 1903 734 1945 numerum
746 1879 910 1946 occidunt.
925 1882 1141 1947 Concurritur

104 1980 170 2047 stab
183 1982 349 2073 oppidanis
367 1982 409 2046 ad
428 1981 660 2070 opprimendos
675 1981 836 2070 hospites,
861 2003 1045 2071 magnoque
1062 2006 1139 2047 cum

93 2080 213 2149 duriore
225 2100 389 2149 certamen
400 2098 492 2164 atrox
502 2083 692 2148 conseritur.
704 2083 846 2163 Consul,
856 2105 959 2146 causae
972 2106 1038 2149 non
1050 2085 1140 2174 igna-

107 2202 159 2264 ros,
176 2189 250 2250 tirter
271 2209 343 2251 eum
363 2183 529 2249 tumltum
548 2182 651 2249 scolas
665 2182 821 2272 applicari
833 2185 1001 2263 menibus,
1023 2185 1140 2267 jubet;

102 2289 332 2376 flammisque
342 2288 398 2370 iis,
414 2285 536 2374 oppido
546 2286 673 2374 potitur
682 2308 691 2349 ε
700 2286 785 2349 cives
798 2283 840 2348 ad
848 2308 954 2348 unum
966 2308 1080 2350 omnes
1094 2288 1142 2349 in-

100 2382 195 2452 ·ltrficit
207 2412 214 2452 :
227 2387 454 2467 Numantinis,
472 2387 529 2474 qui
542 2385 583 2450 ad
598 2386 757 2451 ducentos
773 2403 979 2473 supererant,
998 2388 1141 2452 abeundi

111 2481 210 2554 dnos
221 2490 298 2554 facit
312 2504 521 2577 potestatem,
543 2488 609 2552 sive
624 2488 752 2551 virtutis
767 2486 901 2576 indigne
915 2488 1142 2552 circumventae

112 2601 200 2652 mem
219 2591 390 2671 misertus,
413 2589 480 2653 sive
498 2604 536 2651 ut
551 2589 703 2653 invictam
719 2589 817 2651 armis
835 2587 1013 2671 civitatem,
1029 2590 1070 2654 ad
1086 2614 1142 2653 ro·

101 2688 306 2779 ¹'nni-imperii
324 2690 528 2778 patientiam,
543 2690 680 2753 lenitatis
696 2689 844 2777 exemplo
860 2690 1055 2755 sollicitaret.

102 2816 107 2841 ³
141 2785 182 2857 ll
196 2794 243 2857 Eo
259 2808 406 2880 tempore
422 2793 458 2856 P.
475 2792 646 2857 Africanus
663 2806 696 2853 et
713 2791 748 2854 L.
765 2789 924 2854 Achaicus
940 2792 1027 2854 varia
1042 2808 1075 2855 et
1091 2793 1143 2854 in·

113 2898 147 2951 let
158 2891 232 2980 ipsos
247 2894 391 2971 ratione,
407 2909 439 2956 et
458 2891 546 2981 apud
563 2906 695 2955 caeteros
711 2889 813 2970 sama,
830 2911 999 2953 censuram
1018 2912 1145 2955 exerce-

114 2982 177 3056 bat
189 2995 263 3061 Erat
282 2995 371 3059 enim
383 3017 443 3083 par
462 2995 526 3058 hoc
542 3013 733 3074 censorum,
748 2991 842 3080 plane
860 2989 992 3055 diversis
1008 2992 1092 3056 inter
1111 3015 1147 3057 se

115 3093 227 3161 acubus
247 3121 256 3161 τ
279 3119 384 3184 quum
408 3096 488 3160 alter
507 3096 673 3175 intentus,
694 3108 727 3157 et
748 3091 871 3182 rig'dus
890 3090 987 3154 officii
1006 3109 1144 3179 exactor,

116 3190 204 3259 flullitu
216 3197 262 3261 rei
283 3197 436 3283 cuiquam
454 3196 588 3284 gratiam
608 3195 742 3275 faceret,
759 3192 817 3257 sed
833 3193 1012 3257 multorum
1029 3216 1070 3257 ex
1093 3216 1145 3258 se·

103 3305 188 3377 m,
198 3297 373 3362 multorum
390 3319 429 3359 ex
447 3297 587 3384 equestri
603 3295 738 3376 ordine,
754 3294 796 3359 de
812 3295 907 3383 plebe
922 3311 1032 3359 autem
1049 3297 1146 3384 longe

117 3388 296 3473 Plflt'tmorum
316 3398 395 3462 vitas
417 3413 525 3462 exacta
543 3397 708 3487 diligentia
727 3395 945 3484 expenderet:
967 3397 1145 3461 Mummius

120 3506 201 3560 &aaa
213 3521 318 3586 neque
334 3499 405 3587 ipse
419 3513 546 3562 notaret
559 3521 772 3586 quemquam,
788 3514 821 3563 et
837 3513 964 3561 notatos
980 3520 998 3561 a
1011 3499 1147 3587 collega,

121 3606 181 3674 ΨΜ
192 3617 310 3686 posset,
325 3600 511 3690 ignominiae
528 3600 691 3664 eximeret.
711 3597 806 3662 Unde
823 3621 938 3685 parum
956 3621 1093 3663 concors
1111 3624 1147 3663 ea

123 3707 223 3762 camum
242 3702 323 3764 suit:
343 3717 377 3764 ct
398 3700 521 3787 Scipio,
546 3723 649 3787 quum
676 3699 823 3763 Herculis
847 3698 950 3764 aedetn
971 3699 1150 3782 dedicaret,

124 3806 283 3866 Marocato
304 3801 346 3866 ad
366 3802 500 3890 epulum
522 3802 663 3891 collega,
684 3799 888 3865 sermonibus
905 3800 1077 3864 hominum
1102 3818 1150 3866 est

127 3896 308 3978 ¹qtteltcnsus.
331 3905 380 3967 lta
401 3903 521 3966 nullius
537 3918 594 3966 aut
604 3903 706 3965 virtus
723 3917 831 3982 tanta,
851 3915 908 3964 aut
928 3899 1067 3990 dignitas
1081 3917 1150 3982 est,

128 3991 186 4073 ‘1⁰5ss
195 3997 306 4074 iudiciis
320 4006 420 4069 etiam*
429 4004 526 4093 longe
538 4002 730 4067 inferiorum
744 4002 785 4064 sit
798 4000 975 4081 obnoxius,
987 4001 1151 4089 vulgoque

130 4083 241 4164 homin„
254 4105 347 4169 etiam
363 4103 404 4169 de
422 4104 488 4167 suis
504 4101 692 4168 censoribus
708 4123 876 4165 censuram
891 4117 1001 4189 agunt.

155 4305 209 4368 tn.
218 4318 264 4371 oa,
273 4326 354 4374 som
368 4325 436 4375 nrm
450 4324 758 4390 aemar.11,ss,etpro
771 4323 868 4373 cruat.
880 4339 934 4388 ep.
944 4323 986 4379 u.
997 4347 1033 4359 -
1045 4321 1149 4371 moror.

132 4389 300 4553 :⁰33ss
313 4437 348 4447 -
361 4409 425 4458 vot
443 4412 473 4468 1,
490 4410 529 4458 13.
544 4435 580 4446 -
593 4408 716 4458 Plutarch.
732 4410 849 4473 Ptaeoept.
868 4405 966 4472 gerend.
984 4405 1099 4470 neipubt.
1116 4433 1152 4444 -
