2594 4980
185 703 228 774 16
352 706 423 772 to,
450 703 794 773 FREINSHEMII
824 705 1069 776 SUPPLEM.

179 825 307 914 collegae
323 822 557 888 tumultuantes
573 839 737 887 coerceret
754 846 762 888 :
780 823 873 905 inde,
887 827 972 890 forte
987 828 1077 914 quod
1092 828 1137 892 ibi
1156 853 1240 918 quo·

178 947 243 1013 que
256 946 412 988 novarum
424 945 533 986 rerum
546 923 669 987 semina
679 939 785 1005 erant,
795 924 829 987 in
841 925 1018 991 Sardiniam
1031 930 1240 1009 transjeeisse.
1274 937 1280 1007 J

178 1027 293 1114 Neque
307 1024 393 1088 enim
410 1023 451 1087 de
467 1023 563 1112 gestis
580 1023 677 1102 hujus
694 1041 727 1088 et
741 1025 965 1113 proximorum
978 1049 1141 1093 annorum
1153 1051 1241 1098 certa

176 1127 252 1191 satis
265 1125 419 1191 memoria
434 1138 599 1211 superest,
613 1124 669 1189 sed
684 1124 796 1189 leviter
811 1142 1020 1209 annoutum,
1035 1130 1157 1194 circum
1170 1133 1241 1199 haec

178 1245 323 1317 tempora
337 1243 450 1292 contra
461 1226 609 1315 Ligures,
620 1226 754 1309 Corsos,
767 1243 800 1292 et
808 1228 978 1294 Lusitanos
988 1232 1076 1296 vario
1087 1254 1240 1300 successu

176 1329 330 1395 bellatum
344 1351 423 1393 esse.

220 1431 373 1496 XXVIII.
383 1431 452 1495 Iam
463 1430 569 1518 Scipio
580 1429 781 1517 Figulusque
792 1452 860 1494 non
870 1432 1090 1522 magistratum
1099 1433 1240 1498 inierant

174 1533 291 1616 modo,
305 1531 362 1597 sed
382 1532 479 1594 etiam
501 1531 535 1595 in
552 1532 733 1620 provincias
747 1531 876 1597 fuerant
891 1534 1049 1623 profecti,
1065 1558 1169 1622 quum
1187 1537 1235 1602 Ti.

174 1633 311 1701 Gracchi
329 1631 436 1696 literas
452 1631 493 1695 ad
509 1647 657 1696 senatum
673 1654 810 1722 augures
829 1634 989 1716 detulere,
1008 1634 1049 1700 ad
1064 1637 1238 1727 collegium

173 1758 270 1806 suum
285 1757 323 1798 ex
338 1732 483 1797 Sardinia
502 1734 628 1815 missas,
646 1733 764 1821 quibus
781 1734 997 1824 significabat,
1013 1740 1144 1801 comitiis
1159 1761 1237 1802 con·

172 1836 344 1916 sulan'bus,
362 1857 459 1924 quum
474 1835 520 1898 ad
535 1837 708 1923 aruspicium
727 1837 923 1923 repetendum
942 1838 1022 1903 Urbe
1039 1840 1073 1901 ia
1090 1861 1238 1928 cauqoum

173 1938 323 2018 rediisset,
338 1937 444 2000 eodem
455 1961 486 2001 se
496 1936 701 2002 tabernaculo
708 1985 719 2018 ,
732 1960 795 2026 quo
806 1949 901 2002 autea
912 1939 951 2002 de
960 1939 1235 2021 eoeloservaverat,

173 2063 263 2105 usum
282 2063 295 2105 .·
312 2038 430 2127 idjam
446 2039 538 2103 libros
556 2039 728 2125 augurales
746 2038 862 2127 degenti
872 2060 1022 2127 apparere
1040 2052 1157 2103 rectum
1172 2064 1237 2105 uon

159 2141 267 2230 fuisse
282 2166 294 2206 .·
310 2163 439 2230 eamque
459 2165 540 2222 rem,
559 2141 632 2205 licet
646 2163 718 2205 cum
737 2162 792 2204 suo
808 2139 932 2229 pudore
950 2142 1120 2231 conjuncta
1140 2157 1235 2222 esset,

173 2245 249 2331 quia
257 2246 409 2332 pertinere
424 2242 471 2306 ad
484 2241 647 2329 religiones
651 2241 768 2331 populi
780 2244 906 2306 romani
919 2243 1091 2323 uideretur,
1098 2246 1236 2331 perscri-

172 2347 241 2410 bere
261 2344 404 2409 volitisse.
426 2345 530 2408 Tanta
548 2367 598 2409 res
621 2345 747 2409 senatui
763 2345 847 2427 msa,
868 2362 937 2409 uta
952 2361 1087 2434 praetore
1108 2347 1236 2410 urbano

174 2448 280 2512 literas
295 2445 336 2510 ad
352 2446 501 2510 consules
517 2446 701 2511 scribendas
716 2463 877 2530 censeret,
892 2447 1011 2534 quibus
1027 2448 1179 2512 certiores
1193 2448 1236 2512 de

173 2572 213 2613 eo
225 2548 356 2636 negotio
367 2545 496 2626 fierent,
508 2548 747 2635 provinciisque
759 2547 914 2612 decedere
923 2547 1124 2628 juberentur.
1135 2551 1236 2637 Atqui

172 2649 218 2714 illi
228 2649 307 2713 vitio
321 2664 444 2712 creatos
459 2649 539 2729 rati,
553 2665 586 2712 et
603 2649 819 2737 antiquiorem
835 2650 1036 2738 reipublieoe,
1053 2674 1151 2738 quam
1169 2674 1237 2715 suae

173 2750 355 2841 dignitatis,
370 2772 481 2814 euram
497 2772 565 2813 esse
579 2766 771 2840 opportere;
787 2750 893 2839 Scipio
910 2773 928 2839 e
941 2752 1086 2828 Corsica,
1102 2752 1237 2840 Figulus

172 2876 191 2917 e
207 2853 307 2919 Gallia
324 2868 483 2916 manarate
498 2850 625 2933 reditu,
645 2853 866 2941 magistratum
882 2851 1082 2916 abdicarunt.
1101 2850 1185 2914 Nam
1203 2867 1238 2915 et

172 2954 302 3044 ingenio
323 2953 427 3041 probo
448 2951 663 3041 modestoque
686 2969 777 3017 erant
798 2952 927 3040 (Scipio
950 2953 1045 3016 etiam
1069 2951 1236 3040 sapientiae

171 3057 255 3120 fama
269 3054 430 3141 celebris),
441 3071 474 3118 et
484 3054 745 3136 recordabantur,
756 3055 851 3141 quale
860 3053 1126 3118 C.Flan1iniusin
1138 3076 1233 3118 eausa

99 3184 105 3193 ⁴
170 3157 282 3237 simili,
295 3172 424 3220 senatus
436 3156 626 3219 auctoritate
635 3171 755 3243 spreta,
768 3172 929 3220 certamen
943 3178 1018 3219 eum
1027 3155 1192 3238 Patribus,
1202 3170 1235 3218 et

171 3273 336 3346 postremo
353 3257 455 3320 fatum
470 3255 644 3319 habuisset.

214 3359 338 3424 XXIX.
362 3358 424 3422 Per
439 3359 632 3447 interregem
650 3356 768 3420 deinde
782 3357 909 3422 suffecti
925 3358 1084 3422 consules.
1101 3357 1136 3420 P.
1151 3357 1233 3419 Cor-

172 3460 275 3523 nelius
286 3462 322 3522 L.
334 3459 371 3523 F.
385 3458 421 3521 L.
436 3458 476 3521 N.
491 3458 663 3540 Lentulus,
680 3459 739 3523 Cn.
752 3459 915 3522 Domitius
927 3461 963 3522 L.
978 3458 1015 3522 F.
1030 3459 1088 3522 Cn.
1098 3457 1139 3521 N.
1151 3457 1235 3521 Ahe-

171 3561 335 3625 nobarbus
353 3560 495 3624 fuerunt.
512 3560 625 3641 Quum
643 3561 726 3624 inter
741 3560 810 3625 haee
831 3561 865 3623 in
879 3560 1004 3648 Syriam
1019 3560 1114 3648 legati
1130 3560 1170 3622 ab
1182 3583 1234 3623 se·

172 3680 251 3727 natu
266 3663 502 3751 pervenissent,
516 3676 548 3724 et
564 3662 665 3725 multa
681 3662 832 3748 passima
852 3661 981 3748 regibus
1000 3676 1112 3724 contra
1128 3658 1234 3723 foedus

171 3769 253 3831 facta
263 3781 449 3855 arguerent,
462 3782 707 3852 mutarentque;
724 3766 757 3826 in
771 3763 882 3829 odium
900 3763 1021 3851 gentis,
1035 3779 1131 3849 atque
1141 3784 1179 3825 ex
1192 3784 1234 3824 eo

171 3870 205 3933 in
215 3868 395 3957 periculum
408 3866 603 3930 inciderunt.
614 3866 755 3929 Maxime
768 3863 943 3928 movebant
953 3886 1049 3929 naves
1058 3863 1235 3952 pulcherri-

171 3968 441 4058 mresumptuque
454 3969 577 4057 ingenti
589 3967 766 4048 fabricatae,
779 3988 858 4053 quas
872 3966 1001 4030 incendi
1013 3965 1234 4030 Cn.0ctavius

208 4212 224 4277 S
239 4215 345 4261 xxvii.
361 4211 449 4276 Polyb.
460 4213 574 4275 Excerpt.
588 4211 670 4273 Legat.
682 4207 738 4255 106.
751 4234 786 4245 -
799 4204 919 4254 Plutarch.
936 4204 963 4251 in
976 4200 1079 4250 Graeeh.
1093 4217 1147 4265 cap.
1162 4215 1185 4248 1.
1198 4229 1233 4238 -

172 4297 225 4345 Cle.
240 4296 270 4344 de
282 4297 338 4345 Nat.
352 4298 427 4345 Deor.
439 4297 476 4353 11,
490 4303 514 4351 u.
528 4322 562 4330 —
576 4293 628 4342 Liv.
643 4292 709 4357 Epir.
719 4291 811 4339 XLVI.
825 4316 860 4325 —
872 4287 887 4352 S
899 4287 1019 4335 xxvnl.
1029 4283 1084 4331 val.
1093 4285 1161 4331 Max.
1171 4285 1197 4340 1,
1210 4299 1232 4332 r.

172 4409 207 4418 -
217 4380 280 4429 Plut.
291 4379 420 4439 Marcello,
430 4396 483 4444 cap.
494 4379 517 4425 5.
529 4405 564 4415 -
575 4377 629 4427 cte.
641 4376 673 4424 ad
685 4375 772 4439 Quint.
786 4375 896 4434 fratrem,
906 4374 945 4432 11,
959 4385 984 4418 a.
992 4366 1115 4428 -ldm
1129 4367 1160 4416 de
1173 4368 1231 4416 Nat.

173 4466 246 4512 Deor.
257 4465 295 4521 11,
311 4472 336 4518 Δ.
346 4475 382 4500 ·-·
394 4466 466 4510 Auet.
479 4461 509 4509 de
518 4461 572 4508 Vir.
586 4460 620 4507 ill.
634 4478 657 4508 e.
668 4459 709 4515 46.
