2594 4980
127 705 197 794 462
300 707 368 774 JO.
395 702 741 775 FREINSHEMII
769 702 1019 775 SUPPLEM.

126 860 140 884 ι
159 827 353 917 questiones
378 824 529 905 injustas,
547 824 693 913 plerique
715 822 837 890 eedem
854 825 888 889 in
910 849 969 893 tos
988 827 1122 915 iecisse,
1138 853 1205 921 pro

124 962 139 986 ι
159 929 365 994 munimento
390 926 532 1008 habent;
555 927 618 1009 ita,
646 948 746 1015 quun
771 928 911 1017 quisque
934 932 1073 1019 pessime
1098 932 1204 1016 fecit,

127 1065 140 1089 ι
155 1048 220 1097 tam
238 1030 375 1094 maxime
392 1044 482 1092 tutus
501 1045 566 1092 est:
586 1043 711 1093 metum
728 1051 748 1093 a
766 1030 886 1096 scelere
903 1052 965 1095 suo
980 1031 1021 1096 ad
1037 1032 1204 1123 ignaviam

128 1166 142 1192 a
155 1149 293 1198 vestram
316 1130 526 1212 transtulere3
544 1151 628 1217 quos
648 1152 782 1213 omues,
796 1128 908 1197 adem
929 1154 1068 1223 cupere,
1084 1135 1202 1201 endem

125 1268 139 1294 a
155 1235 283 1313 odisse,
308 1231 419 1296 eadem
445 1246 609 1311 metuere,
625 1230 660 1294 in
677 1253 783 1297 unum
803 1233 920 1325 coegit.
936 1232 1001 1299 Sed
1021 1234 1092 1300 hoa
1113 1234 1204 1303 iuter

125 1369 139 1395 ι
154 1338 261 1403 bonos
277 1335 434 1415 amicitia,
450 1334 534 1395 inter
553 1333 655 1397 malos
670 1332 769 1399 factio
785 1351 845 1400 est.

169 1438 276 1503 XXX.
309 1436 440 1519 «Quod
467 1436 492 1498 si
519 1451 585 1499 tam
610 1424 668 1499 vos
691 1434 848 1517 libertatis
879 1460 990 1503 curam
1015 1439 1202 1523 haberetis,

125 1572 138 1597 ι
155 1562 252 1629 quam
273 1539 318 1601 illi
335 1537 376 1601 ad
392 1536 651 1601 dominationem
665 1537 793 1623 aeoensi
809 1555 904 1622 sunt3
924 1540 1075 1631 prolecto·
1090 1563 1202 1633 neque

125 1676 140 1701 ι
157 1641 360 1731 respublica,
384 1639 479 1702 sicuti
503 1660 611 1721 nunc,
638 1654 837 1722 muretum
858 1657 891 1706 et
914 1642 1069 1709 beneficia
1090 1660 1203 1710 vestra

126 1765 254 1834 «penes
277 1742 436 1831 optimos,
457 1764 523 1803 non
549 1738 798 1824 audacissimos,
811 1742 929 1808 forent.
949 1744 1088 1827 Maiores
1100 1746 1202 1811 vestri

127 1878 140 1903 ι
158 1842 292 1935 parandi
311 1844 410 1924 juris,
436 1859 467 1906 et
485 1840 658 1922 majestatis
680 1842 918 1909 eonstitueudoe
938 1847 1058 1937 gnua,
1072 1845 1124 1911 bis
1140 1870 1204 1937 per

125 1980 139 2005 ι
155 1947 370 2012 secessionem
384 1947 497 2009 armati
511 1945 712 2011 Aventinum
721 1970 943 2037 occupavere:
958 1973 1017 2015 vos
1031 1973 1092 2041 pro
1105 1950 1204 2019 liba»

126 2082 139 2105 «ι
156 2067 241 2131 tate,
255 2071 352 2136 quam
367 2048 407 2111 ab
422 2049 483 2111 illis
496 2046 678 2137 accepistis,
690 2070 803 2115 nonne
816 2072 944 2117 summa
955 2074 1020 2140 ope
1029 2050 1203 2117 nitemini?

127 2184 140 2209 ι
154 2168 252 2240 atque
267 2173 307 2213 eo
323 2151 569 2232 vehementius,
581 2172 650 2239 quo
662 2150 767 2231 majus
780 2150 922 2219 dedecus
938 2169 988 2218 est
1001 2170 1092 2243 parta
1103 2154 1202 2219 amit·

127 2286 138 2308 τι
155 2271 224 2319 tere
241 2275 339 2340 quam
357 2253 493 2315 omnino
512 2274 580 2314 non
597 2252 781 2340 paravisse?

171 2356 325 2420 xxxt«
341 2354 434 2418 Dicet
448 2353 581 2440 aliquis,
596 2352 709 2436 Quid
699 2354 800 2445 igitur
813 2377 925 2421 censes
931 2354 1201 2423 l’Vindimodum

127 2458 193 2521 ·in
219 2479 296 2540 eos,
318 2457 374 2544 qui
397 2455 483 2518 hosti
506 2452 680 2570 prodidere
704 2455 961 2545 rempublicam,
985 2480 1052 2522 non
1078 2480 1201 2536 mauu,

128 2592 141 2616 ι
159 2582 266 2648 neque
280 2581 311 2620 ιι
302 2555 428 2644 (quod
440 2556 557 2646 magis,
571 2577 629 2621 vos
642 2556 755 2622 fecisse
761 2580 880 2647 ,ιιιιιιιιι
894 2558 957 2624 illis
973 2559 1163 2642 accidisse,
1153 2584 1204 2625 sn·

128 2694 141 2717 ι
158 2660 295 2751 dignum
316 2656 401 2743 est);
418 2679 532 2720 verum
554 2657 808 2745 questionibus,
822 2676 855 2724 et
875 2659 1026 2725 indicio
1018 2662 1141 2753 ipsius
1129 2662 1202 2727 Ju-

128 2797 141 2820 .
158 2764 302 2853 gurthae:
322 2762 377 2849 qui
397 2762 422 2823 si
442 2759 609 2825 dedititius
625 2776 690 2844 est,
706 2761 884 2851 profecto
872 2763 969 2842 Jussis
989 2763 1103 2827 vestris
1120 2760 1203 2829 obe·

127 2900 140 2922 ι
158 2865 249 2929 diens
266 2864 345 2928 erit:
364 2863 413 2925 sin
441 2886 476 2925 ca
500 2862 699 2947 contemnit,
717 2862 839 2929 scilicet
855 2864 1075 2947 aestimabitis,
1095 2865 1203 2954 quslis

128 3001 140 3023 a
156 2968 210 3031 illa
224 2989 308 3055 pax,
324 2981 381 3028 aut
404 2963 527 3026 deditio
546 2965 607 3045 sit,
624 2986 663 3028 ex
686 2986 752 3053 qua
771 2964 813 3030 ad
828 2966 1022 3057 Iugurtham
1040 2966 1202 3033 scelerum

127 3068 346 3156 «impunitas,
364 3065 404 3128 ad
424 3087 545 3152 paucos
567 3080 718 3153 potentes
737 3070 885 3132 maximat
903 3065 1042 3150 divitias,
1058 3069 1092 3132 in
1111 3090 1203 3134 rem·

127 3204 140 3228 ι
156 3172 318 3261 publicam
336 3168 453 3230 ‹lasnna
471 3183 569 3252 atque
585 3163 745 3231 dedecora
761 3170 978 3256 pervenerint.

171 3271 342 3336 XXXII.
342 3267 430 3330 Nisi
446 3269 529 3328 l'orte
548 3265 699 3331 nondum
717 3268 815 3333 etiam
828 3292 886 3334 vos
900 3270 1131 3337 dominationis
1145 3294 1204 3339 eo-

127 3407 139 3431 a
152 3395 228 3437 rum
249 3371 375 3433 satietas
401 3381 508 3428 tenet:
535 3380 567 3428 et
589 3366 643 3430 illa
653 3390 786 3483 ,quam
813 3371 884 3435 haee
907 3346 1074 3461 tenipora,
1097 3373 1203 3465 magis

127 3508 138 3530 ι
153 3475 296 3562 placent,
309 3491 412 3557 quum
424 3488 538 3555 regna,
550 3467 736 3556 provinciae,
745 3470 868 3561 leges,
856 3494 944 3555 Jura,
950 3473 1088 3558 judicio,
1098 3474 1203 3561 bella,

125 3608 139 3632 ι
155 3590 253 3662 atque
271 3594 383 3660 paces,
401 3585 567 3656 postremo
583 3567 693 3635 divina
708 3587 807 3660 atque
820 3573 963 3642 humana
977 3577 1086 3642 omnia
1099 3600 1204 3667 penes

127 3710 140 3735 «
158 3698 280 3767 paucos
295 3688 405 3737 erant:
423 3695 480 3734 vos
497 3686 625 3754 autem,
639 3672 704 3737 hoe
721 3690 789 3757 est,
802 3678 944 3765 populus
958 3701 1131 3762 romanus,
1149 3680 1206 3745 in·

127 3813 140 3837 a
154 3779 230 3844 victi
243 3777 284 3840 ab
300 3775 466 3855 hostibus,
481 3775 694 3862 imperatores
707 3777 858 3842 omnium
872 3781 1038 3869 gentium,
1053 3782 1129 3847 satis
1144 3782 1206 3848 hs-

124 3914 139 3938 «
152 3871 279 3947 liebatis
304 3878 444 3941 animam
471 3877 633 3943 retinere:
655 3900 731 3944 nam
756 3883 946 3947 servitutem
971 3884 1104 3973 quidem
1125 3885 1204 3973 quis
1275 3920 1280 3929 =

128 4016 141 4041 a
157 3998 303 4049 vestrum
317 4002 465 4043 recusare
478 3978 640 4045 audebat?
649 3982 759 4069 Atque
771 4003 833 4072 ego
847 3985 974 4049 tametsi
985 3985 1056 4049 viro
1067 3982 1206 4075 flagitio·

127 4117 140 4141 α
158 4085 322 4149 sissinium
337 4082 486 4144 existimo
498 4082 634 4168 impune
647 4080 796 4163 injuriam
812 4085 989 4174 accepisse3
1002 4103 1130 4168 tamen,
1140 4108 1204 4154 vos

127 4215 140 4241 n
154 4185 345 4248 hominibus
360 4182 612 4246 sceleratissimis
628 4182 814 4273 ignoscere,
828 4187 986 4275 quoniam
1002 4188 1203 4270 civessunt,

127 4316 139 4339 a
152 4307 247 4373 aequo
261 4285 370 4347 animo
383 4298 526 4370 paterer,
539 4283 601 4347 nisi
613 4283 834 4352 misericordia
846 4288 880 4351 in
895 4290 1072 4377 perniciem
1086 4309 1204 4355 casum

128 4416 141 4442 ιι
158 4402 259 4449 esset:
279 4408 353 4448 nam
377 4402 408 4447 et
432 4384 509 4464 illis,
525 4400 685 4471 quantum
707 4387 963 4477 importunitatis
982 4390 1121 4473 babent,
1142 4414 1205 4483 pn·

128 4518 141 4541 -‹
157 4510 231 4550 rum
249 4504 298 4552 est
313 4487 449 4573 impune
471 4484 553 4549 male
574 4485 704 4569 fecisse,
715 4487 744 4553 si
764 4486 884 4555 deiude
906 4489 1050 4556 faciundi
1068 4491 1205 4563 licentia
