2594 4980
288 700 349 770 'IN
379 702 492 769 LOC.
518 702 613 769 LlB.
640 701 767 771 LXIV
796 701 1010 770 LlVIANI.
1116 698 1186 784 455

119 856 131 879 ιι
143 837 272 886 externa
291 823 489 909 populorum
509 821 610 903 bella,
633 821 822 909 mutuisque
840 820 986 885 cladibus
1005 819 1187 887 debilitatos

119 955 132 981 ιι
143 948 253 1012 reges,
270 923 442 1010 imperinm
460 921 584 985 firmius
598 923 784 986 retinerent.

162 1028 203 1089 X.
221 1025 334 1089 «Nihil
349 1024 518 1103 accidisse,
538 1048 604 1111 quo
621 1026 730 1088 miuus
748 1024 864 1118 eodem
884 1025 1033 1088 instituto
1047 1024 1187 1121 utiper·

118 1162 130 1183 ιι
141 1145 254 1218 gerent
273 1151 280 1190 :
301 1127 404 1190 nullas
421 1126 574 1191 adversus
590 1128 784 1216 Iugurtham
800 1126 941 1191 bellandi
957 1127 1103 1215 proprias
1120 1130 1187 1191 lto·

120 1263 132 1285 ιι
143 1254 239 1295 mano
263 1253 373 1293 causas
393 1252 461 1293 esse
481 1253 488 1292 :
511 1232 647 1292 fratrum
665 1230 751 1294 inter
771 1253 805 1293 se
827 1229 1003 1294 certamina
1027 1229 1116 1293 nullo
1140 1230 1188 1292 rei

118 1355 281 1394 «romanas
305 1331 425 1394 damno
450 1332 622 1412 exarsisse3
651 1355 719 1395 non
752 1332 890 1396 utilitate
914 1333 998 1413 ulla,
1025 1355 1092 1396 non
1114 1331 1187 1412 jure

119 1437 214 1523 «cogi
231 1451 399 1515 senatum,
418 1449 455 1496 ut
474 1434 559 1496 bello
582 1434 717 1497 minime
739 1435 919 1497 necessario
939 1434 1082 1521 implicet
1102 1455 1188 1497 rem·

119 1565 130 1589 ιι
142 1536 315 1622 publicam.
334 1536 435 1617 Queri
453 1534 585 1623 quidem
601 1535 759 1600 invidiose
773 1536 1005 1617 Adherbalem,
1025 1535 1083 1599 sed
1098 1534 1189 1623 prius

118 1669 130 1691 «
142 1639 237 1701 etiam
255 1637 343 1701 haud
361 1638 468 1700 minus
484 1637 604 1701 atrocia
621 1639 701 1702 falso
721 1655 873 1726 questum
891 1661 898 1702 :
917 1653 1015 1724 atque
1037 1638 1081 1700 ita
1097 1635 1188 1717 judi·

119 1763 229 1803 «casse
243 1739 371 1818 Patres,
392 1761 513 1824 quum,
536 1739 719 1826 Hiempsale
738 1762 837 1820 caes0,
856 1762 994 1829 regnum
1015 1738 1100 1800 inter
1121 1737 1188 1800 fra·

119 1874 131 1896 ιι
142 1859 222 1904 trem
243 1841 311 1920 ejus
333 1856 365 1903 et
386 1840 580 1928 Iugurtham
607 1839 811 1921 divisissent,
834 1862 901 1902 non
928 1840 1015 1902 enirn
1040 1839 1189 1926 prolecto

119 1974 130 1997 ιι
140 1941 305 2031 parricidas
328 1941 497 2030 praemium
516 1938 642 2004 dedisse
662 1941 808 2022 sceleris,
831 1940 889 2004 sed
915 1963 982 2002 non
1003 1937 1077 2003 ideo
1097 1938 1188 2003 dam·

118 2077 130 2098 «
142 2044 286 2107 nandum
304 2042 484 2130 putavisse,
506 2040 596 2128 quod
616 2043 651 2104 in
671 2041 870 2129 depellendis
891 2041 1017 2105 insidiis
1042 2041 1095 2105 ille
1117 2041 1188 2105 feli·

119 2176 131 2199 ιι
143 2148 226 2226 cior,
242 2168 339 2233 quam
355 2146 388 2207 in
404 2143 565 2230 ponendis
578 2143 743 2231 Hiempsal
761 2143 885 2208 fuisset.

165 2248 222 2310 xl.
244 2279 256 2302 ιι
266 2248 399 2310 Frustra
411 2245 613 2309 Masinissam
623 2245 789 2327 advocari,
801 2269 868 2309 non
886 2246 994 2309 minus
1004 2244 1189 2335 Jugurtbae,

119 2381 130 2402 ιι
141 2372 239 2435 quam
254 2347 445 2411 Adherbalis
465 2369 559 2409 avum
580 2370 587 2411 :
608 2363 640 2410 et
656 2346 845 2410 similiorem
868 2344 1000 2433 quidem
1023 2347 1052 2409 ei
1069 2348 1191 2436 lugur-

118 2484 130 2505 ιι
143 2452 231 2514 tham
247 2474 315 2513 esse
329 2451 440 2513 animo
455 2448 671 2536 ingenioque,
687 2464 720 2512 et
737 2447 903 2512 declaratis
919 2448 952 2509 in
965 2447 1124 2535 populum
1137 2470 1190 2512 ro·
1235 2524 1238 2529 Ι

118 2586 130 2607 ι
142 2577 273 2617 manum
296 2552 422 2616 studiis.
442 2550 539 2612 lllum
560 2551 717 2614 acerrimo
739 2549 938 2638 hispaniensi
957 2548 1066 2624 bello,
1085 2572 1188 2635 quum

119 2687 129 2706 ιι
140 2657 363 2717 Romanorum
380 2651 527 2739 plerique
543 2667 633 2712 metu
648 2652 813 2739 segniores
826 2649 867 2713 ad
879 2650 1001 2714 militioe
1011 2651 1122 2713 munia
1136 2673 1187 2714 es·

119 2771 229 2832 «sent,
250 2754 285 2815 P.
300 2753 453 2816 Africano
480 2751 744 2835 praestantissimo
767 2752 954 2838 imperatori
976 2774 1041 2838 prae
1064 2752 1187 2815 caeteris

119 2885 131 2907 ιι
142 2854 296 2916 omnibus
309 2851 499 2915 industriam
514 2873 606 2914 suam
618 2851 782 2938 fidemque
792 2852 988 2940 probavisse.
1005 2853 1054 2916 Ab
1064 2852 1189 2917 Adher-

119 2955 213 3019 «bale
233 2955 313 3017 nihil
329 2956 413 3017 ultra
431 2950 528 3015 verba
546 2956 747 3039 profectum,
769 2977 842 3042 quae
858 2977 933 3018 cum
947 2955 1038 3018 lactis
1055 2954 1187 3020 alterius

119 3058 281 3120 «conferri
299 3080 365 3120 non
384 3070 543 3144 oporteat.
560 3056 658 3136 Sane,
676 3078 717 3119 ne
729 3055 844 3136 cuijus
861 3079 957 3120 suum
970 3072 1085 3144 praeter
1098 3079 1189 3120 men·

119 3177 206 3223 «tem
226 3161 492 3247 voluntatemque
511 3175 640 3222 senatus
663 3158 835 3246 eripiatur,
853 3180 933 3222 neve
954 3158 1190 3247 praecipitanter

119 3261 263 3348 «aliquid
280 3262 393 3325 durius
408 3260 617 3326 decernendo
634 3261 797 3324 sociorum
816 3259 1000 3323 alienentur
1010 3260 1131 3340 animi,
1147 3259 1190 3325 le·

120 3382 232 3451 «gatos
249 3367 281 3427 in
301 3366 438 3428 Africam
450 3365 534 3428 mitti
548 3386 662 3452 posse,
678 3362 734 3450 qui
751 3384 802 3426 res
813 3360 1004 3449 inspiciant,
1016 3377 1047 3424 et
1058 3377 1188 3425 senatus

119 3465 246 3527 «verbis
264 3464 476 3547 denuntient,
494 3465 678 3530 amicissimi
696 3464 779 3553 regis
798 3479 932 3551 nepotes
947 3467 1044 3526 armis
1062 3464 1187 3552 potius,

120 3588 239 3650 uqiram
252 3566 324 3644 jure
339 3567 555 3649 contendere,
571 3567 698 3633 senatui
714 3590 781 3629 non
797 3565 939 3653 placere:
957 3589 1115 3653 eumque,
1131 3588 1189 3655 per

119 3688 239 3752 «quem
257 3668 412 3749 stetisset,
432 3693 473 3733 ne
490 3693 578 3733 arma
595 3684 817 3758 ponerentur,
841 3681 990 3730 senatum
1008 3689 1069 3753 pro
1094 3666 1188 3730 hoste
1211 3687 1214 3693 ’

119 3767 366 3830 «habiturum»

164 3870 237 3931 ΧΗ.
257 3870 332 3931 llaec
349 3869 542 3957 aJugurthae
559 3869 704 3956 patronis
718 3889 822 3954 quum
839 3868 941 3956 magis
958 3867 1001 3931 ob
1015 3867 1188 3955 pecunias,

119 3993 197 4055 qnos
209 3986 413 4057 acceperant,
424 3987 480 4033 aut
490 3971 677 4059 sperabant,
686 3991 783 4057 quam
795 3968 857 4032 ulla
873 3969 932 4032 alia
944 3969 1064 4033 idonea
1076 3990 1185 4045 causa,

120 4071 322 4152 dicerentur,
346 4071 468 4134 sactum
492 4088 557 4151 est,
582 4070 673 4158 quod
690 4095 772 4160 saepe
791 4072 913 4152 evenit,
932 4086 969 4134 ut
987 4069 1117 4157 privatis
1134 4093 1169 4134 ra

120 4173 265 4235 tionibus
285 4172 450 4262 egregium
471 4173 639 4259 publicum
669 4171 808 4236 cederet.
831 4174 997 4261 Legantur
1018 4186 1126 4234 tamen
1150 4171 1182 4235 iu

119 4276 261 4338 Africam
278 4297 389 4354 senes,
403 4295 533 4336 summo
545 4272 618 4336 loco
630 4273 715 4354 nati,
729 4273 909 4361 amplisque
923 4269 1104 4335 honoribus
1113 4271 1187 4345 usis

119 4397 261 4461 quorum
278 4392 310 4440 et
321 4377 366 4441 bl.
380 4375 530 4440 AEmilius
547 4374 686 4438 Scaurus
703 4374 782 4455 fuit,
805 4371 846 4436 de
866 4395 934 4461 quo
949 4393 1046 4463 supra
1060 4393 1185 4437 metuo„
