<?xml version="1.0" encoding="UTF-8"?>
<!DOCTYPE html PUBLIC "-//W3C//DTD XHTML 1.0 Transitional//EN"
    "http://www.w3.org/TR/xhtml1/DTD/xhtml1-transitional.dtd">
<html xmlns="http://www.w3.org/1999/xhtml" xml:lang="en" lang="en">
 <head>
  <title>
</title>
<meta http-equiv="Content-Type" content="text/html;charset=utf-8" />
  <meta name='ocr-system' content='tesseract 3.04.00' />
  <meta name='ocr-capabilities' content='ocr_page ocr_carea ocr_par ocr_line ocrx_word'/>
</head>
<body>
  <div class='ocr_page' id='page_1' title='image "./titusliviuspata00freigoog_0114.png"; bbox 0 0 2594 4980; ppageno 0'>
   <div class='ocr_carea' id='block_1_1' title="bbox 331 745 1167 820">
    <p class='ocr_par' dir='ltr' id='par_1_1' title="bbox 331 745 1167 820">
     <span class='ocr_line' id='line_1_1' title="bbox 331 745 1167 820; baseline 0.002 -2"><span class='ocrx_word' id='word_1_1' title='bbox 331 748 388 818; x_wconf 86' lang='lat' dir='ltr'><strong>IN</strong></span> <span class='ocrx_word' id='word_1_2' title='bbox 414 746 527 816; x_wconf 88' lang='lat' dir='ltr'><strong>LOC.</strong></span> <span class='ocrx_word' id='word_1_3' title='bbox 555 747 651 815; x_wconf 89' lang='lat' dir='ltr'><strong>LIB.</strong></span> <span class='ocrx_word' id='word_1_4' title='bbox 678 748 708 814; x_wconf 92' lang='lat' dir='ltr'>L</span> <span class='ocrx_word' id='word_1_5' title='bbox 736 745 944 815; x_wconf 80' lang='lat' dir='ltr'><strong>lertrtr.</strong></span> <span class='ocrx_word' id='word_1_6' title='bbox 1105 770 1167 820; x_wconf 80' lang='lat' dir='ltr'><strong>rat</strong></span> 
     </span>
    </p>
   </div>
   <div class='ocr_carea' id='block_1_2' title="bbox 93 866 1173 4196">
    <p class='ocr_par' dir='ltr' id='par_1_2' title="bbox 93 866 1173 3691">
     <span class='ocr_line' id='line_1_2' title="bbox 138 866 1171 958; baseline 0.001 -23"><span class='ocrx_word' id='word_1_7' title='bbox 138 888 161 935; x_wconf 81' lang='lat' dir='ltr'><strong>tt</strong></span> <span class='ocrx_word' id='word_1_8' title='bbox 176 869 254 958; x_wconf 87' lang='lat' dir='ltr'><strong>regni</strong></span> <span class='ocrx_word' id='word_1_9' title='bbox 274 869 397 957; x_wconf 87' lang='lat' dir='ltr'><strong>optime</strong></span> <span class='ocrx_word' id='word_1_10' title='bbox 409 866 576 955; x_wconf 87' lang='lat' dir='ltr'><strong>providit,</strong></span> <span class='ocrx_word' id='word_1_11' title='bbox 599 867 695 932; x_wconf 90' lang='lat' dir='ltr'><strong>donis</strong></span> <span class='ocrx_word' id='word_1_12' title='bbox 717 869 889 932; x_wconf 89' lang='lat' dir='ltr'><strong>luculentis</strong></span> <span class='ocrx_word' id='word_1_13' title='bbox 912 870 996 931; x_wconf 89' lang='lat' dir='ltr'><strong>inter</strong></span> <span class='ocrx_word' id='word_1_14' title='bbox 1010 873 1171 936; x_wconf 82' lang='lat' dir='ltr'><strong>naturales</strong></span> 
     </span>
     <span class='ocr_line' id='line_1_3' title="bbox 139 968 1172 1059; baseline -0.001 -23"><span class='ocrx_word' id='word_1_15' title='bbox 139 972 241 1047; x_wconf 81' lang='lat' dir='ltr'><strong>Iberos,</strong></span> <span class='ocrx_word' id='word_1_16' title='bbox 251 993 336 1059; x_wconf 89' lang='lat' dir='ltr'><strong>quos</strong></span> <span class='ocrx_word' id='word_1_17' title='bbox 347 970 482 1034; x_wconf 91' lang='lat' dir='ltr'><strong>habebat</strong></span> <span class='ocrx_word' id='word_1_18' title='bbox 493 969 631 1050; x_wconf 92' lang='lat' dir='ltr'><strong>multos,</strong></span> <span class='ocrx_word' id='word_1_19' title='bbox 642 968 838 1049; x_wconf 58' lang='lat' dir='ltr'><strong>distributim</strong></span> <span class='ocrx_word' id='word_1_20' title='bbox 847 969 1078 1058; x_wconf 84' lang='lat' dir='ltr'><strong>legitimisque,</strong></span> <span class='ocrx_word' id='word_1_21' title='bbox 1090 992 1172 1057; x_wconf 91' lang='lat' dir='ltr'><strong>quo-</strong></span> 
     </span>
     <span class='ocr_line' id='line_1_4' title="bbox 139 1070 1170 1161; baseline -0.002 -25"><span class='ocrx_word' id='word_1_22' title='bbox 139 1094 192 1136; x_wconf 88' lang='lat' dir='ltr'><strong>rum</strong></span> <span class='ocrx_word' id='word_1_23' title='bbox 203 1073 325 1161; x_wconf 90' lang='lat' dir='ltr'><strong>ingenia</strong></span> <span class='ocrx_word' id='word_1_24' title='bbox 339 1094 509 1159; x_wconf 84' lang='lat' dir='ltr'><strong>moresque</strong></span> <span class='ocrx_word' id='word_1_25' title='bbox 525 1070 617 1135; x_wconf 85' lang='lat' dir='ltr'><strong>valde</strong></span> <span class='ocrx_word' id='word_1_26' title='bbox 634 1070 750 1134; x_wconf 81' lang='lat' dir='ltr'><strong>diversi</strong></span> <span class='ocrx_word' id='word_1_27' title='bbox 767 1085 877 1149; x_wconf 91' lang='lat' dir='ltr'><strong>erant,</strong></span> <span class='ocrx_word' id='word_1_28' title='bbox 890 1070 925 1132; x_wconf 93' lang='lat' dir='ltr'><strong>P.</strong></span> <span class='ocrx_word' id='word_1_29' title='bbox 943 1070 1101 1156; x_wconf 79' lang='lat' dir='ltr'><strong>Scipionis</strong></span> <span class='ocrx_word' id='word_1_30' title='bbox 1118 1093 1170 1134; x_wconf 87' lang='lat' dir='ltr'><strong>ar-</strong></span> 
     </span>
     <span class='ocr_line' id='line_1_5' title="bbox 140 1171 1170 1261; baseline -0.002 -25"><span class='ocrx_word' id='word_1_31' title='bbox 140 1172 240 1237; x_wconf 88' lang='lat' dir='ltr'><strong>bitrium</strong></span> <span class='ocrx_word' id='word_1_32' title='bbox 258 1189 440 1261; x_wconf 82' lang='lat' dir='ltr'><strong>exspectare</strong></span> <span class='ocrx_word' id='word_1_33' title='bbox 448 1173 571 1254; x_wconf 86' lang='lat' dir='ltr'><strong>¹jussis,</strong></span> <span class='ocrx_word' id='word_1_34' title='bbox 588 1189 625 1237; x_wconf 91' lang='lat' dir='ltr'><strong>ut</strong></span> <span class='ocrx_word' id='word_1_35' title='bbox 641 1172 674 1236; x_wconf 94' lang='lat' dir='ltr'><strong>id</strong></span> <span class='ocrx_word' id='word_1_36' title='bbox 695 1171 923 1258; x_wconf 89' lang='lat' dir='ltr'><strong>unusquisque</strong></span> <span class='ocrx_word' id='word_1_37' title='bbox 940 1192 1053 1233; x_wconf 89' lang='lat' dir='ltr'><strong>eorum</strong></span> <span class='ocrx_word' id='word_1_38' title='bbox 1071 1171 1170 1234; x_wconf 90' lang='lat' dir='ltr'><strong>habe·</strong></span> 
     </span>
     <span class='ocr_line' id='line_1_6' title="bbox 141 1272 1171 1362; baseline -0.002 -25"><span class='ocrx_word' id='word_1_39' title='bbox 141 1288 189 1351; x_wconf 79' lang='lat' dir='ltr'><strong>tet,</strong></span> <span class='ocrx_word' id='word_1_40' title='bbox 204 1272 282 1360; x_wconf 90' lang='lat' dir='ltr'><strong>quod</strong></span> <span class='ocrx_word' id='word_1_41' title='bbox 306 1274 376 1362; x_wconf 89' lang='lat' dir='ltr'><strong>ipse</strong></span> <span class='ocrx_word' id='word_1_42' title='bbox 402 1273 578 1337; x_wconf 83' lang='lat' dir='ltr'><strong>tribuisset.</strong></span> <span class='ocrx_word' id='word_1_43' title='bbox 601 1274 643 1337; x_wconf 90' lang='lat' dir='ltr'><strong>Et</strong></span> <span class='ocrx_word' id='word_1_44' title='bbox 668 1273 757 1337; x_wconf 90' lang='lat' dir='ltr'><strong>hunc</strong></span> <span class='ocrx_word' id='word_1_45' title='bbox 785 1272 917 1360; x_wconf 85' lang='lat' dir='ltr'><strong>quidem</strong></span> <span class='ocrx_word' id='word_1_46' title='bbox 944 1273 1035 1335; x_wconf 85' lang='lat' dir='ltr'><strong>vivus</strong></span> <span class='ocrx_word' id='word_1_47' title='bbox 1064 1272 1171 1335; x_wconf 92' lang='lat' dir='ltr'><strong>adhuc</strong></span> 
     </span>
     <span class='ocr_line' id='line_1_7' title="bbox 141 1374 1171 1463; baseline -0.003 -24"><span class='ocrx_word' id='word_1_48' title='bbox 141 1376 325 1456; x_wconf 81' lang='lat' dir='ltr'><strong>ucessirerat,</strong></span> <span class='ocrx_word' id='word_1_49' title='bbox 344 1376 425 1439; x_wconf 84' lang='lat' dir='ltr'><strong>avita</strong></span> <span class='ocrx_word' id='word_1_50' title='bbox 445 1375 640 1463; x_wconf 89' lang='lat' dir='ltr'><strong>propriaque</strong></span> <span class='ocrx_word' id='word_1_51' title='bbox 660 1375 799 1438; x_wconf 89' lang='lat' dir='ltr'><strong>amicitia</strong></span> <span class='ocrx_word' id='word_1_52' title='bbox 818 1374 1005 1463; x_wconf 86' lang='lat' dir='ltr'><strong>cognitum,</strong></span> <span class='ocrx_word' id='word_1_53' title='bbox 1023 1388 1061 1435; x_wconf 90' lang='lat' dir='ltr'><strong>ut</strong></span> <span class='ocrx_word' id='word_1_54' title='bbox 1079 1394 1118 1435; x_wconf 88' lang='lat' dir='ltr'><strong>eo</strong></span> <span class='ocrx_word' id='word_1_55' title='bbox 1136 1374 1171 1436; x_wconf 94' lang='lat' dir='ltr'><strong>in</strong></span> 
     </span>
     <span class='ocr_line' id='line_1_8' title="bbox 95 1460 1173 1549; baseline -0.002 -9"><span class='ocrx_word' id='word_1_56' title='bbox 95 1460 100 1549; x_wconf 63' lang='lat'><strong>³.</strong></span> <span class='ocrx_word' id='word_1_57' title='bbox 142 1474 281 1540; x_wconf 75' lang='lat' dir='ltr'><strong>hereditate</strong></span> <span class='ocrx_word' id='word_1_58' title='bbox 300 1475 372 1540; x_wconf 85' lang='lat' dir='ltr'><strong>filiis</strong></span> <span class='ocrx_word' id='word_1_59' title='bbox 395 1474 619 1541; x_wconf 90' lang='lat' dir='ltr'><strong>distribuenda</strong></span> <span class='ocrx_word' id='word_1_60' title='bbox 634 1478 821 1541; x_wconf 87' lang='lat' dir='ltr'><strong>consultore</strong></span> <span class='ocrx_word' id='word_1_61' title='bbox 835 1492 990 1539; x_wconf 86' lang='lat' dir='ltr'><strong>uteretur.</strong></span> <span class='ocrx_word' id='word_1_62' title='bbox 1014 1475 1173 1538; x_wconf 84' lang='lat' dir='ltr'><strong>Praevenit</strong></span> 
     </span>
     <span class='ocr_line' id='line_1_9' title="bbox 95 1556 1170 1667; baseline 0.003 -30"><span class='ocrx_word' id='word_1_63' title='bbox 95 1556 98 1629; x_wconf 69' lang='grc' dir='ltr'>ἶ</span> <span class='ocrx_word' id='word_1_64' title='bbox 142 1574 239 1641; x_wconf 81' lang='lat' dir='ltr'><strong>hun:</strong></span> <span class='ocrx_word' id='word_1_65' title='bbox 259 1576 314 1641; x_wconf 89' lang='lat' dir='ltr'><strong>sed</strong></span> <span class='ocrx_word' id='word_1_66' title='bbox 338 1592 446 1641; x_wconf 82' lang='lat' dir='ltr'><strong>tamen</strong></span> <span class='ocrx_word' id='word_1_67' title='bbox 470 1595 537 1642; x_wconf 87' lang='lat' dir='ltr'><strong>rata</strong></span> <span class='ocrx_word' id='word_1_68' title='bbox 557 1591 731 1667; x_wconf 85' lang='lat' dir='ltr'><strong>sanctaque</strong></span> <span class='ocrx_word' id='word_1_69' title='bbox 753 1578 860 1642; x_wconf 85' lang='lat' dir='ltr'><strong>liberis</strong></span> <span class='ocrx_word' id='word_1_70' title='bbox 884 1579 981 1641; x_wconf 91' lang='lat' dir='ltr'><strong>etiam</strong></span> <span class='ocrx_word' id='word_1_71' title='bbox 1003 1576 1170 1640; x_wconf 86' lang='lat' dir='ltr'><strong>morientis</strong></span> 
     </span>
     <span class='ocr_line' id='line_1_10' title="bbox 110 1664 344 1742; baseline 0.03 -7"><span class='ocrx_word' id='word_1_72' title='bbox 110 1664 116 1681; x_wconf 91' lang='lat'>&#39;</span> <span class='ocrx_word' id='word_1_73' title='bbox 143 1675 255 1741; x_wconf 74' lang='lat' dir='ltr'><strong>voluntas</strong></span> <span class='ocrx_word' id='word_1_74' title='bbox 272 1679 344 1742; x_wconf 86' lang='lat' dir='ltr'><strong>luit.</strong></span> 
     </span>
     <span class='ocr_line' id='line_1_11' title="bbox 173 1777 1171 1869; baseline -0.002 -29"><span class='ocrx_word' id='word_1_75' title='bbox 173 1777 244 1843; x_wconf 81' lang='lat' dir='ltr'><strong>tvt-</strong></span> <span class='ocrx_word' id='word_1_76' title='bbox 257 1781 317 1843; x_wconf 85' lang='lat' dir='ltr'><strong>Hic</strong></span> <span class='ocrx_word' id='word_1_77' title='bbox 331 1802 398 1843; x_wconf 93' lang='lat' dir='ltr'><strong>non</strong></span> <span class='ocrx_word' id='word_1_78' title='bbox 415 1780 515 1844; x_wconf 91' lang='lat' dir='ltr'><strong>modo</strong></span> <span class='ocrx_word' id='word_1_79' title='bbox 531 1804 549 1845; x_wconf 90' lang='lat' dir='ltr'><strong>a</strong></span> <span class='ocrx_word' id='word_1_80' title='bbox 566 1781 672 1846; x_wconf 91' lang='lat' dir='ltr'><strong>Poenis</strong></span> <span class='ocrx_word' id='word_1_81' title='bbox 695 1797 727 1845; x_wconf 91' lang='lat' dir='ltr'><strong>et</strong></span> <span class='ocrx_word' id='word_1_82' title='bbox 745 1781 891 1869; x_wconf 85' lang='lat' dir='ltr'><strong>Syphace</strong></span> <span class='ocrx_word' id='word_1_83' title='bbox 908 1801 1046 1867; x_wconf 91' lang='lat' dir='ltr'><strong>regnum</strong></span> <span class='ocrx_word' id='word_1_84' title='bbox 1063 1792 1171 1864; x_wconf 91' lang='lat' dir='ltr'><strong>pater-</strong></span> 
     </span>
     <span class='ocr_line' id='line_1_12' title="bbox 94 1875 1172 1973; baseline 0.003 -35"><span class='ocrx_word' id='word_1_85' title='bbox 94 1968 97 1973; x_wconf 26' lang='lat'>·</span> <span class='ocrx_word' id='word_1_86' title='bbox 144 1896 202 1942; x_wconf 84' lang='lat' dir='ltr'><strong>tart</strong></span> <span class='ocrx_word' id='word_1_87' title='bbox 218 1882 304 1945; x_wconf 84' lang='lat' dir='ltr'><strong>trrrris</strong></span> <span class='ocrx_word' id='word_1_88' title='bbox 326 1899 507 1970; x_wconf 81' lang='lat' dir='ltr'><strong>receperat,</strong></span> <span class='ocrx_word' id='word_1_89' title='bbox 529 1882 584 1944; x_wconf 81' lang='lat' dir='ltr'><strong>sed</strong></span> <span class='ocrx_word' id='word_1_90' title='bbox 606 1883 702 1944; x_wconf 87' lang='lat' dir='ltr'><strong>etiam</strong></span> <span class='ocrx_word' id='word_1_91' title='bbox 723 1883 1006 1969; x_wconf 76' lang='lat' dir='ltr'><strong>multiplicaverat,</strong></span> <span class='ocrx_word' id='word_1_92' title='bbox 1032 1878 1110 1941; x_wconf 91' lang='lat' dir='ltr'><strong>hinc</strong></span> <span class='ocrx_word' id='word_1_93' title='bbox 1130 1875 1172 1942; x_wconf 83' lang='lat' dir='ltr'><strong>ad</strong></span> 
     </span>
     <span class='ocr_line' id='line_1_13' title="bbox 113 1976 1171 2068; baseline 0.002 -29"><span class='ocrx_word' id='word_1_94' title='bbox 113 1976 118 1989; x_wconf 91' lang='lat'>&#39;</span> <span class='ocrx_word' id='word_1_95' title='bbox 142 1976 245 2046; x_wconf 84' lang='lat' dir='ltr'><strong>titimrn</strong></span> <span class='ocrx_word' id='word_1_96' title='bbox 257 1984 386 2047; x_wconf 84' lang='lat' dir='ltr'><strong>Oceano</strong></span> <span class='ocrx_word' id='word_1_97' title='bbox 403 1983 646 2062; x_wconf 85' lang='lat' dir='ltr'><strong>Mauritaniam,</strong></span> <span class='ocrx_word' id='word_1_98' title='bbox 662 1981 738 2045; x_wconf 89' lang='lat' dir='ltr'><strong>inde</strong></span> <span class='ocrx_word' id='word_1_99' title='bbox 752 2004 856 2068; x_wconf 87' lang='lat' dir='ltr'><strong>usque</strong></span> <span class='ocrx_word' id='word_1_100' title='bbox 874 1980 915 2043; x_wconf 91' lang='lat' dir='ltr'><strong>ad</strong></span> <span class='ocrx_word' id='word_1_101' title='bbox 929 1980 1089 2067; x_wconf 83' lang='lat' dir='ltr'><strong>cyrenaici</strong></span> <span class='ocrx_word' id='word_1_102' title='bbox 1104 1980 1171 2067; x_wconf 90' lang='lat' dir='ltr'><strong>agri</strong></span> 
     </span>
     <span class='ocr_line' id='line_1_14' title="bbox 143 2079 1171 2171; baseline -0.002 -25"><span class='ocrx_word' id='word_1_103' title='bbox 143 2080 262 2147; x_wconf 72' lang='lat' dir='ltr'><strong>annos</strong></span> <span class='ocrx_word' id='word_1_104' title='bbox 272 2083 397 2148; x_wconf 87' lang='lat' dir='ltr'><strong>ditione</strong></span> <span class='ocrx_word' id='word_1_105' title='bbox 409 2083 542 2171; x_wconf 88' lang='lat' dir='ltr'><strong>prolata.</strong></span> <span class='ocrx_word' id='word_1_106' title='bbox 555 2082 616 2146; x_wconf 87' lang='lat' dir='ltr'><strong>Sed</strong></span> <span class='ocrx_word' id='word_1_107' title='bbox 629 2099 661 2146; x_wconf 90' lang='lat' dir='ltr'><strong>et</strong></span> <span class='ocrx_word' id='word_1_108' title='bbox 673 2105 779 2145; x_wconf 90' lang='lat' dir='ltr'><strong>mores</strong></span> <span class='ocrx_word' id='word_1_109' title='bbox 794 2082 915 2171; x_wconf 85' lang='lat' dir='ltr'><strong>gentis,</strong></span> <span class='ocrx_word' id='word_1_110' title='bbox 929 2079 1018 2166; x_wconf 94' lang='lat' dir='ltr'><strong>quod</strong></span> <span class='ocrx_word' id='word_1_111' title='bbox 1033 2081 1171 2144; x_wconf 79' lang='lat' dir='ltr'><strong>maxime</strong></span> 
     </span>
     <span class='ocr_line' id='line_1_15' title="bbox 94 2176 1171 2273; baseline -0.002 -26"><span class='ocrx_word' id='word_1_112' title='bbox 94 2192 96 2199; x_wconf 90' lang='lat'>&#39;</span> <span class='ocrx_word' id='word_1_113' title='bbox 143 2176 235 2265; x_wconf 63' lang='lat' dir='ltr'><strong>lephna</strong></span> <span class='ocrx_word' id='word_1_114' title='bbox 252 2206 334 2273; x_wconf 92' lang='lat' dir='ltr'><strong>opus</strong></span> <span class='ocrx_word' id='word_1_115' title='bbox 353 2200 421 2265; x_wconf 88' lang='lat' dir='ltr'><strong>est,</strong></span> <span class='ocrx_word' id='word_1_116' title='bbox 441 2184 668 2264; x_wconf 81' lang='lat' dir='ltr'><strong>humaniores,</strong></span> <span class='ocrx_word' id='word_1_117' title='bbox 691 2206 789 2271; x_wconf 88' lang='lat' dir='ltr'><strong>quam</strong></span> <span class='ocrx_word' id='word_1_118' title='bbox 813 2184 996 2262; x_wconf 86' lang='lat' dir='ltr'><strong>invenerat,</strong></span> <span class='ocrx_word' id='word_1_119' title='bbox 1015 2180 1171 2266; x_wconf 69' lang='lat' dir='ltr'><strong>reddidit,</strong></span> 
     </span>
     <span class='ocr_line' id='line_1_16' title="bbox 143 2283 1171 2374; baseline -0.004 -24"><span class='ocrx_word' id='word_1_120' title='bbox 143 2296 187 2363; x_wconf 70' lang='grc' dir='ltr'><strong>ΡΝ</strong></span> <span class='ocrx_word' id='word_1_121' title='bbox 202 2286 273 2374; x_wconf 79' lang='lat' dir='ltr'><strong>vagis</strong></span> <span class='ocrx_word' id='word_1_122' title='bbox 300 2300 333 2349; x_wconf 92' lang='lat' dir='ltr'><strong>et</strong></span> <span class='ocrx_word' id='word_1_123' title='bbox 354 2285 553 2365; x_wconf 82' lang='lat' dir='ltr'><strong>latronibus,</strong></span> <span class='ocrx_word' id='word_1_124' title='bbox 580 2285 680 2349; x_wconf 88' lang='lat' dir='ltr'><strong>civilis</strong></span> <span class='ocrx_word' id='word_1_125' title='bbox 704 2300 801 2372; x_wconf 87' lang='lat' dir='ltr'><strong>atque</strong></span> <span class='ocrx_word' id='word_1_126' title='bbox 825 2284 971 2348; x_wconf 84' lang='lat' dir='ltr'><strong>militaris</strong></span> <span class='ocrx_word' id='word_1_127' title='bbox 997 2283 1171 2372; x_wconf 76' lang='lat' dir='ltr'><strong>disciplinae</strong></span> 
     </span>
     <span class='ocr_line' id='line_1_17' title="bbox 142 2376 1170 2475; baseline 0.001 -25"><span class='ocrx_word' id='word_1_128' title='bbox 142 2395 252 2465; x_wconf 59' lang='lat' dir='ltr'><strong>“picem</strong></span> <span class='ocrx_word' id='word_1_129' title='bbox 269 2400 302 2450; x_wconf 87' lang='lat' dir='ltr'><strong>et</strong></span> <span class='ocrx_word' id='word_1_130' title='bbox 318 2387 450 2450; x_wconf 90' lang='lat' dir='ltr'><strong>urbium</strong></span> <span class='ocrx_word' id='word_1_131' title='bbox 467 2376 684 2475; x_wconf 79' lang='lat' dir='ltr'><strong>agrorumque</strong></span> <span class='ocrx_word' id='word_1_132' title='bbox 704 2387 809 2450; x_wconf 91' lang='lat' dir='ltr'><strong>bonos</strong></span> <span class='ocrx_word' id='word_1_133' title='bbox 831 2386 970 2451; x_wconf 88' lang='lat' dir='ltr'><strong>cultores</strong></span> <span class='ocrx_word' id='word_1_134' title='bbox 989 2385 1170 2451; x_wconf 85' lang='lat' dir='ltr'><strong>efficiendo.</strong></span> 
     </span>
     <span class='ocr_line' id='line_1_18' title="bbox 142 2472 1171 2577; baseline 0.003 -28"><span class='ocrx_word' id='word_1_135' title='bbox 142 2472 329 2566; x_wconf 70' lang='lat' dir='ltr'><strong>sltptrioribus</strong></span> <span class='ocrx_word' id='word_1_136' title='bbox 353 2489 440 2552; x_wconf 91' lang='lat' dir='ltr'><strong>enirn</strong></span> <span class='ocrx_word' id='word_1_137' title='bbox 465 2491 557 2552; x_wconf 88' lang='lat' dir='ltr'><strong>anuis</strong></span> <span class='ocrx_word' id='word_1_138' title='bbox 583 2512 642 2576; x_wconf 91' lang='lat' dir='ltr'><strong>per</strong></span> <span class='ocrx_word' id='word_1_139' title='bbox 666 2489 825 2577; x_wconf 87' lang='lat' dir='ltr'><strong>ignaviam</strong></span> <span class='ocrx_word' id='word_1_140' title='bbox 852 2490 1031 2553; x_wconf 89' lang='lat' dir='ltr'><strong>incolarum</strong></span> <span class='ocrx_word' id='word_1_141' title='bbox 1057 2490 1171 2571; x_wconf 93' lang='lat' dir='ltr'><strong>tellus,</strong></span> 
     </span>
     <span class='ocr_line' id='line_1_19' title="bbox 93 2582 1171 2677; baseline 0.004 -27"><span class='ocrx_word' id='word_1_142' title='bbox 93 2648 96 2659; x_wconf 89' lang='grc'>,</span> <span class='ocrx_word' id='word_1_143' title='bbox 142 2582 310 2674; x_wconf 71' lang='lat' dir='ltr'><strong>stringelio</strong></span> <span class='ocrx_word' id='word_1_144' title='bbox 321 2588 424 2670; x_wconf 82' lang='lat' dir='ltr'><strong>ferax,</strong></span> <span class='ocrx_word' id='word_1_145' title='bbox 435 2590 607 2653; x_wconf 85' lang='lat' dir='ltr'><strong>sterilitatis</strong></span> <span class='ocrx_word' id='word_1_146' title='bbox 622 2591 836 2677; x_wconf 91' lang='lat' dir='ltr'><strong>opprobrium</strong></span> <span class='ocrx_word' id='word_1_147' title='bbox 854 2591 1017 2654; x_wconf 89' lang='lat' dir='ltr'><strong>immerito</strong></span> <span class='ocrx_word' id='word_1_148' title='bbox 1036 2590 1171 2672; x_wconf 70' lang='lat' dir='ltr'><strong>tulerat,</strong></span> 
     </span>
     <span class='ocr_line' id='line_1_20' title="bbox 142 2686 1170 2781; baseline 0.005 -31"><span class='ocrx_word' id='word_1_149' title='bbox 142 2696 218 2761; x_wconf 62' lang='lat' dir='ltr'><strong>‘lusu</strong></span> <span class='ocrx_word' id='word_1_150' title='bbox 235 2686 394 2770; x_wconf 90' lang='lat' dir='ltr'><strong>homines,</strong></span> <span class='ocrx_word' id='word_1_151' title='bbox 416 2689 540 2754; x_wconf 90' lang='lat' dir='ltr'><strong>otiandi</strong></span> <span class='ocrx_word' id='word_1_152' title='bbox 559 2706 592 2755; x_wconf 91' lang='lat' dir='ltr'><strong>et</strong></span> <span class='ocrx_word' id='word_1_153' title='bbox 613 2690 778 2779; x_wconf 86' lang='lat' dir='ltr'><strong>praedandi</strong></span> <span class='ocrx_word' id='word_1_154' title='bbox 801 2691 972 2755; x_wconf 87' lang='lat' dir='ltr'><strong>dulcedine</strong></span> <span class='ocrx_word' id='word_1_155' title='bbox 996 2693 1170 2781; x_wconf 88' lang='lat' dir='ltr'><strong>agricultu-</strong></span> 
     </span>
     <span class='ocr_line' id='line_1_21' title="bbox 141 2790 1173 2880; baseline 0.008 -31"><span class='ocrx_word' id='word_1_156' title='bbox 141 2794 192 2842; x_wconf 70' lang='grc' dir='ltr'><strong>Μ</strong></span> <span class='ocrx_word' id='word_1_157' title='bbox 209 2790 411 2879; x_wconf 80' lang='lat' dir='ltr'><strong>negligentes,</strong></span> <span class='ocrx_word' id='word_1_158' title='bbox 433 2814 545 2879; x_wconf 85' lang='lat' dir='ltr'><strong>agrurn</strong></span> <span class='ocrx_word' id='word_1_159' title='bbox 570 2792 644 2855; x_wconf 83' lang='lat' dir='ltr'><strong>feris</strong></span> <span class='ocrx_word' id='word_1_160' title='bbox 666 2793 903 2880; x_wconf 85' lang='lat' dir='ltr'><strong>relinquerent,</strong></span> <span class='ocrx_word' id='word_1_161' title='bbox 928 2794 989 2880; x_wconf 87' lang='lat' dir='ltr'><strong>ipsi</strong></span> <span class='ocrx_word' id='word_1_162' title='bbox 1011 2793 1118 2856; x_wconf 89' lang='lat' dir='ltr'><strong>herbis</strong></span> <span class='ocrx_word' id='word_1_163' title='bbox 1140 2810 1173 2857; x_wconf 90' lang='lat' dir='ltr'><strong>et</strong></span> 
     </span>
     <span class='ocr_line' id='line_1_22' title="bbox 141 2874 1173 2980; baseline 0.005 -30"><span class='ocrx_word' id='word_1_164' title='bbox 141 2874 201 2945; x_wconf 58' lang='lat' dir='ltr'><strong>Me</strong></span> <span class='ocrx_word' id='word_1_165' title='bbox 215 2907 386 2973; x_wconf 80' lang='lat' dir='ltr'><strong>vescentes,</strong></span> <span class='ocrx_word' id='word_1_166' title='bbox 405 2892 489 2957; x_wconf 86' lang='lat' dir='ltr'><strong>inter</strong></span> <span class='ocrx_word' id='word_1_167' title='bbox 515 2915 584 2957; x_wconf 89' lang='lat' dir='ltr'><strong>sese</strong></span> <span class='ocrx_word' id='word_1_168' title='bbox 605 2893 714 2980; x_wconf 88' lang='lat' dir='ltr'><strong>potius</strong></span> <span class='ocrx_word' id='word_1_169' title='bbox 735 2893 776 2955; x_wconf 89' lang='lat' dir='ltr'><strong>de</strong></span> <span class='ocrx_word' id='word_1_170' title='bbox 801 2893 854 2954; x_wconf 88' lang='lat' dir='ltr'><strong>vili</strong></span> <span class='ocrx_word' id='word_1_171' title='bbox 878 2909 910 2954; x_wconf 84' lang='lat' dir='ltr'><strong>et</strong></span> <span class='ocrx_word' id='word_1_172' title='bbox 932 2915 1045 2979; x_wconf 87' lang='lat' dir='ltr'><strong>aspero</strong></span> <span class='ocrx_word' id='word_1_173' title='bbox 1067 2893 1173 2972; x_wconf 88' lang='lat' dir='ltr'><strong>victu,</strong></span> 
     </span>
     <span class='ocr_line' id='line_1_23' title="bbox 142 2990 1172 3082; baseline 0 -27"><span class='ocrx_word' id='word_1_174' title='bbox 142 2998 213 3065; x_wconf 66' lang='lat' dir='ltr'><strong>‘lm</strong></span> <span class='ocrx_word' id='word_1_175' title='bbox 227 2990 388 3057; x_wconf 77' lang='lat' dir='ltr'><strong>adversum</strong></span> <span class='ocrx_word' id='word_1_176' title='bbox 411 2993 493 3057; x_wconf 80' lang='lat' dir='ltr'><strong>seras</strong></span> <span class='ocrx_word' id='word_1_177' title='bbox 511 2993 553 3058; x_wconf 93' lang='lat' dir='ltr'><strong>de</strong></span> <span class='ocrx_word' id='word_1_178' title='bbox 573 2993 687 3082; x_wconf 91' lang='lat' dir='ltr'><strong>optimi</strong></span> <span class='ocrx_word' id='word_1_179' title='bbox 707 2993 774 3081; x_wconf 89' lang='lat' dir='ltr'><strong>agri</strong></span> <span class='ocrx_word' id='word_1_180' title='bbox 797 2994 1017 3080; x_wconf 75' lang='lat' dir='ltr'><strong>possessione,</strong></span> <span class='ocrx_word' id='word_1_181' title='bbox 1041 2991 1172 3055; x_wconf 88' lang='lat' dir='ltr'><strong>dimica·</strong></span> 
     </span>
     <span class='ocr_line' id='line_1_24' title="bbox 141 3089 1172 3183; baseline 0.003 -30"><span class='ocrx_word' id='word_1_182' title='bbox 141 3096 201 3148; x_wconf 68' lang='lat' dir='ltr'><strong>Mt</strong></span> <span class='ocrx_word' id='word_1_183' title='bbox 217 3089 333 3157; x_wconf 84' lang='lat' dir='ltr'><strong>Homm</strong></span> <span class='ocrx_word' id='word_1_184' title='bbox 351 3093 506 3158; x_wconf 87' lang='lat' dir='ltr'><strong>desidiam</strong></span> <span class='ocrx_word' id='word_1_185' title='bbox 530 3111 563 3158; x_wconf 92' lang='lat' dir='ltr'><strong>et</strong></span> <span class='ocrx_word' id='word_1_186' title='bbox 581 3095 772 3183; x_wconf 85' lang='lat' dir='ltr'><strong>imperitiam</strong></span> <span class='ocrx_word' id='word_1_187' title='bbox 797 3094 963 3157; x_wconf 80' lang='lat' dir='ltr'><strong>Masinissa</strong></span> <span class='ocrx_word' id='word_1_188' title='bbox 983 3095 1052 3182; x_wconf 87' lang='lat' dir='ltr'><strong>ipso</strong></span> <span class='ocrx_word' id='word_1_189' title='bbox 1071 3115 1172 3181; x_wconf 89' lang='lat' dir='ltr'><strong>opere</strong></span> 
     </span>
     <span class='ocr_line' id='line_1_25' title="bbox 141 3186 1171 3285; baseline -0.001 -28"><span class='ocrx_word' id='word_1_190' title='bbox 141 3186 232 3271; x_wconf 52' lang='lat' dir='ltr'><strong>quit,</strong></span> <span class='ocrx_word' id='word_1_191' title='bbox 245 3194 386 3285; x_wconf 84' lang='lat' dir='ltr'><strong>ingentes</strong></span> <span class='ocrx_word' id='word_1_192' title='bbox 403 3195 535 3259; x_wconf 89' lang='lat' dir='ltr'><strong>diversis</strong></span> <span class='ocrx_word' id='word_1_193' title='bbox 550 3197 627 3260; x_wconf 87' lang='lat' dir='ltr'><strong>locis</strong></span> <span class='ocrx_word' id='word_1_194' title='bbox 643 3219 737 3285; x_wconf 84' lang='lat' dir='ltr'><strong>agros</strong></span> <span class='ocrx_word' id='word_1_195' title='bbox 751 3195 973 3276; x_wconf 84' lang='lat' dir='ltr'><strong>conserendo,</strong></span> <span class='ocrx_word' id='word_1_196' title='bbox 992 3196 1048 3281; x_wconf 93' lang='lat' dir='ltr'><strong>qui</strong></span> <span class='ocrx_word' id='word_1_197' title='bbox 1064 3194 1171 3257; x_wconf 89' lang='lat' dir='ltr'><strong>omnis</strong></span> 
     </span>
     <span class='ocr_line' id='line_1_26' title="bbox 142 3291 1171 3393; baseline 0 -34"><span class='ocrx_word' id='word_1_198' title='bbox 142 3291 388 3393; x_wconf 57' lang='lat' dir='ltr'><strong>Ifssttisfrugibus</strong></span> <span class='ocrx_word' id='word_1_199' title='bbox 405 3299 647 3385; x_wconf 79' lang='lat' dir='ltr'><strong>fructibusque,</strong></span> <span class='ocrx_word' id='word_1_200' title='bbox 664 3298 750 3361; x_wconf 88' lang='lat' dir='ltr'><strong>haud</strong></span> <span class='ocrx_word' id='word_1_201' title='bbox 768 3299 894 3377; x_wconf 87' lang='lat' dir='ltr'><strong>minus,</strong></span> <span class='ocrx_word' id='word_1_202' title='bbox 911 3319 1007 3384; x_wconf 92' lang='lat' dir='ltr'><strong>quam</strong></span> <span class='ocrx_word' id='word_1_203' title='bbox 1024 3297 1088 3360; x_wconf 85' lang='lat' dir='ltr'><strong>ulla</strong></span> <span class='ocrx_word' id='word_1_204' title='bbox 1103 3297 1171 3360; x_wconf 85' lang='lat' dir='ltr'><strong>feli·</strong></span> 
     </span>
     <span class='ocr_line' id='line_1_27' title="bbox 142 3384 1171 3493; baseline -0.002 -30"><span class='ocrx_word' id='word_1_205' title='bbox 142 3384 300 3493; x_wconf 38' lang='lat' dir='ltr'><strong>“bimatum</strong></span> <span class='ocrx_word' id='word_1_206' title='bbox 330 3416 400 3465; x_wconf 92' lang='lat' dir='ltr'><strong>toto</strong></span> <span class='ocrx_word' id='word_1_207' title='bbox 423 3400 503 3464; x_wconf 87' lang='lat' dir='ltr'><strong>orbe</strong></span> <span class='ocrx_word' id='word_1_208' title='bbox 531 3401 720 3491; x_wconf 89' lang='lat' dir='ltr'><strong>regionum,</strong></span> <span class='ocrx_word' id='word_1_209' title='bbox 748 3398 961 3464; x_wconf 83' lang='lat' dir='ltr'><strong>abundarent.</strong></span> <span class='ocrx_word' id='word_1_210' title='bbox 987 3399 1171 3486; x_wconf 84' lang='lat' dir='ltr'><strong>Unicuique</strong></span> 
     </span>
     <span class='ocr_line' id='line_1_28' title="bbox 141 3474 1168 3589; baseline 0.003 -29"><span class='ocrx_word' id='word_1_211' title='bbox 141 3474 245 3585; x_wconf 36' lang='lat' dir='ltr'><strong>,filffltrn</strong></span> <span class='ocrx_word' id='word_1_212' title='bbox 262 3522 354 3588; x_wconf 90' lang='lat' dir='ltr'><strong>agros</strong></span> <span class='ocrx_word' id='word_1_213' title='bbox 374 3500 533 3581; x_wconf 85' lang='lat' dir='ltr'><strong>ejusmodi</strong></span> <span class='ocrx_word' id='word_1_214' title='bbox 554 3502 721 3589; x_wconf 85' lang='lat' dir='ltr'><strong>reliquisse</strong></span> <span class='ocrx_word' id='word_1_215' title='bbox 737 3500 867 3582; x_wconf 88' lang='lat' dir='ltr'><strong>dicitur,</strong></span> <span class='ocrx_word' id='word_1_216' title='bbox 889 3502 1011 3567; x_wconf 92' lang='lat' dir='ltr'><strong>demrm</strong></span> <span class='ocrx_word' id='word_1_217' title='bbox 1033 3502 1168 3565; x_wconf 89' lang='lat' dir='ltr'><strong>millium</strong></span> 
     </span>
     <span class='ocr_line' id='line_1_29' title="bbox 138 3594 418 3691; baseline 0.014 -29"><span class='ocrx_word' id='word_1_218' title='bbox 138 3594 251 3669; x_wconf 56' lang='lat' dir='ltr'><strong>lumin</strong></span> <span class='ocrx_word' id='word_1_219' title='bbox 264 3601 418 3691; x_wconf 88' lang='lat' dir='ltr'><strong>singulos.</strong></span> 
     </span>
    </p>

    <p class='ocr_par' dir='ltr' id='par_1_3' title="bbox 124 3682 1170 4196">
     <span class='ocr_line' id='line_1_30' title="bbox 170 3682 1166 3783; baseline 0.006 -21"><span class='ocrx_word' id='word_1_220' title='bbox 170 3682 251 3761; x_wconf 76' lang='lat' dir='ltr'><strong>xvIl.</strong></span> <span class='ocrx_word' id='word_1_221' title='bbox 272 3702 378 3765; x_wconf 83' lang='lat' dir='ltr'><strong>Vitam</strong></span> <span class='ocrx_word' id='word_1_222' title='bbox 398 3702 439 3766; x_wconf 94' lang='lat' dir='ltr'><strong>ad</strong></span> <span class='ocrx_word' id='word_1_223' title='bbox 460 3702 527 3766; x_wconf 83' lang='lat' dir='ltr'><strong>haec</strong></span> <span class='ocrx_word' id='word_1_224' title='bbox 552 3720 583 3767; x_wconf 94' lang='lat' dir='ltr'><strong>et</strong></span> <span class='ocrx_word' id='word_1_225' title='bbox 606 3705 842 3783; x_wconf 88' lang='lat' dir='ltr'><strong>valetudinem,</strong></span> <span class='ocrx_word' id='word_1_226' title='bbox 867 3706 1044 3769; x_wconf 75' lang='lat' dir='ltr'><strong>necessarIa</strong></span> <span class='ocrx_word' id='word_1_227' title='bbox 1066 3705 1166 3768; x_wconf 89' lang='lat' dir='ltr'><strong>rebus</strong></span> 
     </span>
     <span class='ocr_line' id='line_1_31' title="bbox 136 3791 1169 3893; baseline 0.002 -28"><span class='ocrx_word' id='word_1_228' title='bbox 136 3791 232 3871; x_wconf 51' lang='lat' dir='ltr'><strong>&amp;gnis</strong></span> <span class='ocrx_word' id='word_1_229' title='bbox 251 3802 480 3884; x_wconf 87' lang='lat' dir='ltr'><strong>instrumenta,</strong></span> <span class='ocrx_word' id='word_1_230' title='bbox 506 3827 603 3893; x_wconf 89' lang='lat' dir='ltr'><strong>supra</strong></span> <span class='ocrx_word' id='word_1_231' title='bbox 631 3808 878 3892; x_wconf 81' lang='lat' dir='ltr'><strong>nonagesimum</strong></span> <span class='ocrx_word' id='word_1_232' title='bbox 903 3807 1003 3869; x_wconf 84' lang='lat' dir='ltr'><strong>aetatis</strong></span> <span class='ocrx_word' id='word_1_233' title='bbox 1026 3827 1169 3884; x_wconf 92' lang='lat' dir='ltr'><strong>annum,</strong></span> 
     </span>
     <span class='ocr_line' id='line_1_32' title="bbox 135 3885 1169 3993; baseline 0.005 -30"><span class='ocrx_word' id='word_1_234' title='bbox 135 3885 309 3969; x_wconf 64' lang='lat' dir='ltr'><strong>temtlt-tantia</strong></span> <span class='ocrx_word' id='word_1_235' title='bbox 331 3920 363 3966; x_wconf 93' lang='lat' dir='ltr'><strong>et</strong></span> <span class='ocrx_word' id='word_1_236' title='bbox 389 3903 497 3967; x_wconf 88' lang='lat' dir='ltr'><strong>labore</strong></span> <span class='ocrx_word' id='word_1_237' title='bbox 521 3922 778 3993; x_wconf 77' lang='lat' dir='ltr'><strong>propagaverat,</strong></span> <span class='ocrx_word' id='word_1_238' title='bbox 803 3928 841 3968; x_wconf 84' lang='lat' dir='ltr'><strong>ex</strong></span> <span class='ocrx_word' id='word_1_239' title='bbox 864 3907 983 3993; x_wconf 90' lang='lat' dir='ltr'><strong>quibus</strong></span> <span class='ocrx_word' id='word_1_240' title='bbox 1006 3906 1169 3993; x_wconf 81' lang='lat' dir='ltr'><strong>sexaginta</strong></span> 
     </span>
     <span class='ocr_line' id='line_1_33' title="bbox 129 3988 1167 4093; baseline 0.002 -27"><span class='ocrx_word' id='word_1_241' title='bbox 129 3988 257 4062; x_wconf 50' lang='grc' dir='ltr'><strong>Ψίῖὶῑ.</strong></span> <span class='ocrx_word' id='word_1_242' title='bbox 269 4004 507 4092; x_wconf 80' lang='lat' dir='ltr'><strong>Argumentum</strong></span> <span class='ocrx_word' id='word_1_243' title='bbox 520 4006 608 4069; x_wconf 91' lang='lat' dir='ltr'><strong>haud</strong></span> <span class='ocrx_word' id='word_1_244' title='bbox 620 4007 801 4093; x_wconf 84' lang='lat' dir='ltr'><strong>vulgarium</strong></span> <span class='ocrx_word' id='word_1_245' title='bbox 816 4008 847 4069; x_wconf 90' lang='lat' dir='ltr'><strong>in</strong></span> <span class='ocrx_word' id='word_1_246' title='bbox 864 4030 941 4071; x_wconf 91' lang='lat' dir='ltr'><strong>sene</strong></span> <span class='ocrx_word' id='word_1_247' title='bbox 956 4009 1071 4069; x_wconf 88' lang='lat' dir='ltr'><strong>virium</strong></span> <span class='ocrx_word' id='word_1_248' title='bbox 1087 4006 1167 4088; x_wconf 83' lang='lat' dir='ltr'><strong>tuit,</strong></span> 
     </span>
     <span class='ocr_line' id='line_1_34' title="bbox 124 4086 1170 4196; baseline 0.002 -28"><span class='ocrx_word' id='word_1_249' title='bbox 124 4086 232 4169; x_wconf 49' lang='grc' dir='ltr'><strong>’ΜΝ</strong></span> <span class='ocrx_word' id='word_1_250' title='bbox 246 4104 336 4190; x_wconf 83' lang='lat' dir='ltr'><strong>plena</strong></span> <span class='ocrx_word' id='word_1_251' title='bbox 353 4106 461 4170; x_wconf 90' lang='lat' dir='ltr'><strong>liberis</strong></span> <span class='ocrx_word' id='word_1_252' title='bbox 475 4108 577 4195; x_wconf 86' lang='lat' dir='ltr'><strong>regia,</strong></span> <span class='ocrx_word' id='word_1_253' title='bbox 595 4130 737 4194; x_wconf 91' lang='lat' dir='ltr'><strong>quorum</strong></span> <span class='ocrx_word' id='word_1_254' title='bbox 753 4131 907 4173; x_wconf 88' lang='lat' dir='ltr'><strong>numerus</strong></span> <span class='ocrx_word' id='word_1_255' title='bbox 922 4123 1094 4196; x_wconf 88' lang='lat' dir='ltr'><strong>postquam</strong></span> <span class='ocrx_word' id='word_1_256' title='bbox 1106 4107 1170 4195; x_wconf 91' lang='lat' dir='ltr'><strong>pri·</strong></span> 
     </span>
    </p>
   </div>
   <div class='ocr_carea' id='block_1_3' title="bbox 98 4292 1168 4563">
    <p class='ocr_par' dir='ltr' id='par_1_4' title="bbox 98 4292 1168 4563">
     <span class='ocr_line' id='line_1_35' title="bbox 105 4292 1168 4435; baseline 0.011 -64"><span class='ocrx_word' id='word_1_257' title='bbox 105 4360 122 4424; x_wconf 60' lang='grc' dir='ltr'><strong><em>ς</em></strong></span> <span class='ocrx_word' id='word_1_258' title='bbox 131 4292 228 4435; x_wconf 51' lang='lat' dir='ltr'><strong>xsvxlv·</strong></span> <span class='ocrx_word' id='word_1_259' title='bbox 246 4328 348 4394; x_wconf 71' lang='lat' dir='ltr'><strong>Apphn.</strong></span> <span class='ocrx_word' id='word_1_260' title='bbox 368 4330 453 4378; x_wconf 84' lang='lat' dir='ltr'><strong>Punic.</strong></span> <span class='ocrx_word' id='word_1_261' title='bbox 467 4332 563 4381; x_wconf 74' lang='lat' dir='ltr'><strong>-vat</strong></span> <span class='ocrx_word' id='word_1_262' title='bbox 576 4334 643 4382; x_wconf 74' lang='lat' dir='ltr'><strong>Max.</strong></span> <span class='ocrx_word' id='word_1_263' title='bbox 651 4335 685 4391; x_wconf 82' lang='lat' dir='ltr'><strong>V,</strong></span> <span class='ocrx_word' id='word_1_264' title='bbox 699 4350 729 4391; x_wconf 79' lang='lat' dir='ltr'><strong>a,</strong></span> <span class='ocrx_word' id='word_1_265' title='bbox 746 4341 769 4389; x_wconf 72' lang='grc'><strong>4.</strong></span> <span class='ocrx_word' id='word_1_266' title='bbox 781 4361 817 4371; x_wconf 90' lang='grc'><strong>-</strong></span> <span class='ocrx_word' id='word_1_267' title='bbox 827 4336 930 4399; x_wconf 82' lang='lat' dir='ltr'><strong>Eutrop·</strong></span> <span class='ocrx_word' id='word_1_268' title='bbox 941 4359 977 4369; x_wconf 89' lang='lat'>—</span> <span class='ocrx_word' id='word_1_269' title='bbox 988 4334 1042 4380; x_wconf 69' lang='grc' dir='ltr'><strong>[ἰν.</strong></span> <span class='ocrx_word' id='word_1_270' title='bbox 1055 4334 1121 4400; x_wconf 82' lang='lat' dir='ltr'><strong>Epit.</strong></span> <span class='ocrx_word' id='word_1_271' title='bbox 1134 4362 1168 4373; x_wconf 89' lang='lat'><em>-</em></span> 
     </span>
     <span class='ocr_line' id='line_1_36' title="bbox 98 4407 1168 4511; baseline 0.014 -60"><span class='ocrx_word' id='word_1_272' title='bbox 98 4464 128 4483; x_wconf 29' lang='grc' dir='ltr'><strong>ἱ</strong></span> <span class='ocrx_word' id='word_1_273' title='bbox 136 4457 170 4511; x_wconf 57' lang='grc' dir='ltr'><strong>υἱ</strong></span> <span class='ocrx_word' id='word_1_274' title='bbox 190 4430 198 4442; x_wconf 84' lang='grc'><em>·</em></span> <span class='ocrx_word' id='word_1_275' title='bbox 219 4407 298 4461; x_wconf 73' lang='lat' dir='ltr'><strong>Surb.</strong></span> <span class='ocrx_word' id='word_1_276' title='bbox 315 4415 358 4463; x_wconf 85' lang='lat' dir='ltr'><strong>lib.</strong></span> <span class='ocrx_word' id='word_1_277' title='bbox 374 4416 465 4472; x_wconf 81' lang='lat' dir='ltr'><strong>xvu,</strong></span> <span class='ocrx_word' id='word_1_278' title='bbox 477 4416 575 4510; x_wconf 32' lang='lat'><strong>1³:833,</strong></span> <span class='ocrx_word' id='word_1_279' title='bbox 585 4418 680 4465; x_wconf 80' lang='lat' dir='ltr'><strong>-Vsh</strong></span> <span class='ocrx_word' id='word_1_280' title='bbox 691 4419 758 4466; x_wconf 79' lang='lat' dir='ltr'><strong>Max.</strong></span> <span class='ocrx_word' id='word_1_281' title='bbox 766 4419 841 4476; x_wconf 83' lang='lat' dir='ltr'><strong>VIII,</strong></span> <span class='ocrx_word' id='word_1_282' title='bbox 855 4420 894 4465; x_wconf 82' lang='lat'><strong>13.</strong></span> <span class='ocrx_word' id='word_1_283' title='bbox 903 4442 939 4455; x_wconf 91' lang='lat'><strong>—·</strong></span> <span class='ocrx_word' id='word_1_284' title='bbox 950 4415 1037 4479; x_wconf 82' lang='lat' dir='ltr'><strong>Polyb.</strong></span> <span class='ocrx_word' id='word_1_285' title='bbox 1046 4421 1168 4484; x_wconf 69' lang='lat' dir='ltr'><strong>apvalea.</strong></span> 
     </span>
     <span class='ocr_line' id='line_1_37' title="bbox 169 4479 552 4563; baseline 0.018 -24"><span class='ocrx_word' id='word_1_286' title='bbox 169 4479 229 4532; x_wconf 67' lang='lat'><strong>⁰⁸¹·</strong></span> <span class='ocrx_word' id='word_1_287' title='bbox 243 4493 353 4555; x_wconf 81' lang='lat' dir='ltr'><strong>mu,</strong></span> <span class='ocrx_word' id='word_1_288' title='bbox 365 4497 389 4546; x_wconf 82' lang='grc'><strong>3.</strong></span> <span class='ocrx_word' id='word_1_289' title='bbox 398 4523 435 4535; x_wconf 93' lang='lat'><strong>·—</strong></span> <span class='ocrx_word' id='word_1_290' title='bbox 444 4496 552 4563; x_wconf 77' lang='lat' dir='ltr'><strong>Apprur.</strong></span> 
     </span>
    </p>
   </div>
   <div class='ocr_carea' id='block_1_4' title="bbox 0 0 1306 4980">
    <p class='ocr_par' dir='ltr' id='par_1_5' title="bbox 0 0 1306 4980">
     <span class='ocr_line' id='line_1_38' title="bbox 0 0 1306 4980; baseline 0 0"><span class='ocrx_word' id='word_1_291' title='bbox 0 0 1306 4980; x_wconf 95' lang='lat' dir='ltr'><strong> </strong></span> 
     </span>
    </p>
   </div>
  </div>
 </body>
</html>
