2594 4980
298 110 350 175 IN
384 111 496 175 Lol]
525 113 619 176 ltlll.
651 113 677 177 lt
709 113 921 179 letttl.
1078 139 1137 208 ¹¹7

129 227 204 291 llll.
225 230 345 291 alinde
370 232 465 305 milri,
489 233 590 291 littror
610 233 715 310 cuim,
735 231 824 292 raldo
848 234 976 293 inrlirnit
995 236 1140 322 animus7

105 347 220 393 «iteum
231 333 392 419 potiorem
401 333 603 412 judicemus,
615 335 670 419 qui
686 351 718 396 et
731 335 865 420 propior
881 334 989 412 uoltis,
1005 353 1036 398 et
1049 353 1140 401 aetate

108 433 309 521 «amicitiisque
331 432 455 497 firmior
475 450 543 498 est:
559 435 735 520 praesertim
757 435 814 497 ubi
834 434 954 497 Prusiae
974 436 1143 503 crudelita-

110 548 176 597 ·ten
191 535 347 623 recogito3
367 556 473 622 neque
491 534 532 598 de
548 534 737 623 quotidiana
755 535 807 598 illa
826 535 1074 623 pervulgataque
1097 540 1145 603 lo·

112 654 200 721 utitor,
217 636 350 714 milites3
370 636 473 700 scelus
494 650 558 716 est,
578 635 668 723 quod
684 657 790 722 neque
809 656 899 698 nunc
918 636 1143 722 suspicamini,

71 776 74 811 ;
113 754 226 823 meque,
239 736 296 800 ubi
320 735 492 818 dixissem,
515 736 555 800 de
584 737 646 800 alio
672 737 823 825 possetis,
843 759 940 824 quarn
963 737 1003 801 de
1031 738 1143 803 Prusia

71 842 78 945 'q'
113 836 238 903 «credere
254 838 467 904 Nicomedem
486 843 596 904 Romae
612 839 748 903 interfici
763 839 884 921 voluit3
901 840 964 902 hoc
983 855 1050 903 erat
1062 864 1144 928 prae-

71 956 79 1031 p
114 937 215 1023 -cipue,
228 962 284 1005 cur
300 963 363 1029 ego
384 941 556 1006 mitterer:
579 940 620 1005 ad
643 941 707 1005 hoc
726 956 758 1003 et
777 963 872 1005 nares
895 942 987 1021 istas,
1006 958 1039 1005 et
1060 944 1143 1008 hanc

71 1038 78 1059 ²
115 1038 242 1104 -uilituru
254 1064 387 1105 manum
404 1043 524 1130 accepi.
538 1042 619 1123 Quae
633 1057 666 1105 et
681 1042 749 1129 ipsa
763 1064 831 1105 non
846 1041 960 1105 ultima
973 1043 1144 1130 reputandi

115 1158 202 1203 metita
217 1156 274 1223 est,
293 1158 418 1230 quanto
438 1165 514 1206 cum
540 1142 684 1231 periculo
707 1141 808 1206 simus
831 1141 872 1205 ad
896 1157 961 1205 tam
985 1142 1144 1206 immitem

115 1238 269 1308 dominum
291 1245 469 1325 reversuri,
496 1261 587 1307 etan
614 1244 709 1308 nobis
732 1266 885 1332 parsurus
907 1242 1064 1325 videatur,
1088 1245 1145 1332 qui

115 1337 182 1405 «llio
195 1364 251 1409 non
268 1345 468 1435 pepercerit?
482 1345 582 1426 Quod
594 1345 621 1408 si
638 1368 704 1433 quo
718 1366 795 1408 casu
809 1344 907 1432 patris
921 1343 1143 1410 crudelitatem

72 1420 79 1523 l
116 1440 324 1531 ·ellugerimus,
336 1469 403 1510 non
415 1447 523 1510 minus
538 1445 681 1510 timenda
692 1445 754 1509 erit
764 1443 820 1508 lilii
834 1444 1001 1525 severitas,
1019 1466 1060 1507 ne
1071 1460 1143 1507 tan·

72 1532 79 1631 l
118 1562 209 1627 ·qram
221 1563 343 1635 spretus
359 1572 377 1611 a
394 1548 488 1611 nobis
504 1570 613 1635 poenas
626 1547 730 1635 exigat
747 1568 755 1610 t
774 1560 807 1609 at
820 1545 953 1625 demus,
967 1567 1043 1608 eum
1061 1544 1146 1607 obli·

72 1686 75 1691 -
118 1642 191 1709 ⁸visti
202 1647 341 1728 injuriam
351 1698 361 1730 ‚
373 1673 472 1739 quarn
484 1648 665 1730 vindicare,
680 1649 791 1729 malle;
807 1664 915 1712 tamen
930 1648 1000 1711 sine
1012 1646 1144 1727 notitia,

117 1741 184 1807 ¹siut
196 1749 284 1836 gratia
300 1751 416 1839 vulgus
436 1750 555 1814 erimus
573 1773 581 1814 :
598 1767 631 1814 at
647 1773 737 1814 nunc
756 1749 914 1814 beneficio
933 1748 1042 1813 dando
1062 1749 1144 1813 reci·

73 1838 75 1845 ¹
118 1842 283 1940 mundoque
295 1852 387 1917 locus
403 1869 472 1933 est3
488 1869 521 1916 et
533 1875 666 1916 vacuam
680 1852 789 1916 adhuc
808 1853 884 1915 novi
900 1851 1055 1939 principis
1071 1873 1144 1937 gra·

117 1939 191 2009 'ihm
202 1971 407 2040 occupamus,
422 1952 515 2031 cuius
525 1952 748 2016 liberalitatem
765 1975 830 2041 prae
848 1950 1004 2015 omnibus
1020 1951 1146 2015 sensuri

118 2060 189 2109 ’ΝΜ
204 2052 254 2138 qui
270 2067 346 2116 ante
367 2075 480 2116 omnes
494 2070 709 2117 accesserunt.
727 2053 890 2133 Velimus,
911 2053 1070 2134 nolimus,
1088 2053 1146 2117 Ni·

118 2150 242 2217 ·ttuulis
256 2176 337 2219 auso
347 2202 357 2235 ,
367 2155 525 2243 Bithyniae
536 2156 638 2234 votis,
663 2153 843 2219 Andronici
855 2153 991 2217 consilio
1003 2154 1145 2218 subscri·

118 2240 245 2317 «undum
263 2255 341 2336 crit,
361 2253 493 2334 milites,
512 2254 575 2316 nisi
594 2253 703 2340 potius
724 2252 863 2328 videtur,
884 2252 1058 2318 deterrimo
1078 2258 1147 2343 regi

74 2388 77 2449 ζ
120 2364 190 2414 ‘etta
203 2371 284 2419 certo
310 2355 426 2434 exitio,
443 2377 541 2442 quam
562 2354 730 2418 innocenti
752 2376 826 2417 cum
846 2355 949 2417 salute
966 2372 998 2419 et
1016 2356 1148 2445 praemio

74 2496 77 2503 ·
120 2452 264 2521 «melae.
275 2488 288 2512 ι
304 2456 373 2520 Hae
390 2455 536 2519 oratione
550 2478 653 2543 quum
670 2471 838 2543 permotos
854 2455 1003 2519 omnium
1022 2458 1147 2521 animos

120 2550 247 2639 mittet,
268 2558 458 2646 priusquam
480 2557 598 2621 mutari
616 2557 804 2644 poenitentia
821 2572 968 2644 possent,
987 2557 1027 2620 ad
1051 2558 1150 2622 Nico-

120 2650 211 2723 medem
227 2661 395 2725 universos
410 2658 559 2739 adduxit,
581 2657 907 2746 proficiscentemque
927 2659 962 2721 iu
981 2645 1090 2723 Attali
1101 2682 1150 2723 re·

122 2766 193 2832 tntu
204 2762 372 2825 comitatus
388 2776 445 2825 est.

151 2850 192 2921 lli
206 2862 326 2927 Attalus
340 2862 494 2943 juvenem
512 2862 648 2926 comiter
669 2880 840 2952 exceptum
863 2861 1018 2952 corfidere
1033 2864 1150 2945 jussit;

119 2946 275 3053 del‘'statque
295 2966 356 3028 sibi
380 2965 474 3030 deum
496 2963 715 3053 iromr'rirunque
735 2965 898 3029 voluntate
920 2967 1079 3049 Bithynice
1101 2988 1150 3027 re·

118 3068 188 3131 W
197 3085 309 3151 magno
324 3067 431 3130 aurato
443 3088 607 3154 capessere.
621 3065 706 3129 Nam
724 3080 756 3129 et
770 3065 897 3153 sibytlae
916 3066 1063 3152 quaedam
1079 3087 1149 3128 car·

120 3152 182 3223 uim
192 3162 381 3244 ferebantur,
396 3189 455 3256 per
469 3189 541 3254 quae
552 3167 679 3230 Attalus
691 3167 756 3230 fato
771 3165 960 3229 destinatam
978 3164 1147 3229 Nicomedi

120 3246 265 3346 lirinum
290 3267 535 3354 interpretatus,
556 3265 767 3355 cupiditatem
789 3265 931 3329 hominis
955 3264 1072 3330 fiducia
1098 3266 1149 3327 in·

122 3344 274 3433 lambit.
288 3367 395 3433 Missis
404 3366 523 3433 deinde
535 3366 576 3432 ad
586 3366 732 3431 Prusiam
743 3367 854 3456 legatis
865 3368 1053 3454 postulavit,
1064 3364 1151 3427 urbes

121 3462 240 3560 Mum
259 3469 390 3533 concedi
392 3465 472 3556 filio
494 3483 527 3534 et
545 3491 655 3555 agros,
684 3489 816 3556 quorum
831 3467 977 3531 reditibus
996 3464 1152 3527 aleretur:

76 3588 94 3627 '·
123 3550 269 3649 llespssulo
278 3584 353 3659 post
367 3583 469 3635 totum
484 3569 733 3656 Attulireguum
749 3572 780 3632 ei
791 3569 957 3646 daturum,
975 3587 1072 3653 neque
1084 3562 1153 3626 alia
1210 3648 1213 3653 ¹

124 3670 198 3724 ”w
209 3689 297 3757 uuper
307 3674 342 3735 in
358 3674 469 3736 Auem
482 3696 513 3737 se
532 3673 692 3759 irrupisse,
710 3668 888 3759 respondit.
905 3671 1018 3732 Certos
1036 3664 1154 3730 deinde

124 3746 241 3859 llffliucs
253 3773 387 3839 Romam
404 3774 506 3857 misit,
528 3772 568 3837 de
586 3771 771 3837 Nicomedis
786 3770 905 3859 pariter
922 3767 1083 3854 Attalique
1102 3768 1154 3830 in.

122 3858 198 3927 Μὴ
210 3889 368 3960 questum,
386 3890 498 3942 contra
515 3868 598 3965 quos
616 3874 772 3939 auxilium
791 3870 954 3958 fidemque
969 3868 1083 3959 populi
1099 3890 1156 3931 ro·
