2594 4980
93 33 1207 338 u

501 354 507 366 ⁸
544 369 548 384 t

250 697 308 766 tu
338 697 449 764 Loe.
478 699 573 764 Lm.
600 698 673 764 Lu
704 699 917 770 Liviam.
1052 701 1118 798 189

99 817 269 897 senatuI,
289 817 379 897 cujus
395 818 429 881 in
445 818 676 881 contumeliam
690 817 861 900 tribunus,
878 837 1002 886 mutato
1019 827 1120 888 veteri

93 941 147 1000 re,
174 942 249 1010 non
269 920 303 983 in
322 920 444 984 curiam
466 936 497 983 et
521 921 707 1000 comitium,
728 918 785 982 sed
808 921 842 982 in
865 922 972 985 lorum
990 946 1118 1007 versus,

93 1042 134 1083 re
157 1043 240 1084 cum
257 1020 380 1108 populo
402 1021 552 1084 instituit.
571 1021 729 1085 Dissuasit
745 1021 848 1109 legem
869 1024 905 1084 C.
930 1023 1042 1090 Laelius
1062 1027 1119 1090 Sa·

93 1142 135 1185 ns
155 1139 299 1210 prator,
312 1121 479 1210 nobilique
492 1123 638 1187 oratione
650 1123 839 1211 religionem
854 1125 1118 1215 injecitpopulo,

93 1222 176 1310 {uid
201 1223 235 1286 in
261 1223 358 1291 rebus
379 1223 420 1286 ad
440 1225 565 1289 cultum
583 1223 722 1289 deorum
740 1222 981 1312 ¹pertinentibus
1003 1242 1122 1293 temere

93 1340 246 1388 iteretur.
256 1324 416 1396 Etundem
433 1327 564 1390 Laelium
577 1327 610 1389 in
626 1327 778 1415 Hispania
793 1350 843 1393 res
858 1328 992 1415 gessisse
1000 1376 1011 1408 ,
1025 1352 1125 1416 quan·

93 1450 149 1492 am
165 1427 339 1493 annalibus
352 1426 520 1509 exciderit,
534 1428 642 1519 magni
655 1444 762 1492 tamen
780 1430 920 1493 auctoris
935 1431 1122 1501 testimonio

93 1543 190 1591 tstat.
207 1528 290 1592 Nam
304 1530 468 1617 egregium
483 1530 574 1593 illum
591 1529 727 1595 Viriathi
741 1530 826 1594 bello
845 1532 960 1612 fuisse,
976 1533 1124 1596 ferocita-

93 1653 188 1719 nque
206 1630 291 1694 illius
305 1631 338 1693 in
357 1647 496 1719 praetura
514 1632 760 1713 comminuisse,
775 1633 818 1696 ita
836 1648 874 1695 ut
894 1633 984 1696 facile
1003 1632 1124 1697 bellum

93 1731 190 1818 iquis
216 1729 372 1813 traderet,
399 1733 432 1795 in
460 1732 506 1796 M.
533 1733 634 1798 Tullii
658 1734 828 1799 Ciceronis
844 1734 1125 1799 lucubrationibus

93 1833 215 1920 riptum
233 1849 291 1897 est.
1192 1822 1195 1828 ’

95 1933 292 1997 XXXVIII.
310 1935 379 1998 Sub
397 1934 466 1998 haec
485 1950 634 2022 tempora
652 1957 775 2024 magnae
795 1936 912 2002 iterum
931 1936 1126 1999 mutationes

93 2058 167 2100 rum
183 2034 218 2099 in
238 2035 329 2122 Syria
343 2037 443 2099 fuere.
460 2035 639 2099 Alexander
654 2058 720 2098 non
739 2035 865 2116 melior,
880 2058 977 2122 quam
994 2059 1055 2123 pro
1065 2035 1126 2099 oh·

93 2135 212 2199 oritate
228 2136 353 2223 generis
367 2137 434 2217 sui,
448 2160 504 2200 rex
513 2185 521 2218 ,
531 2138 652 2206 amicos
667 2159 773 2224 neque
783 2138 882 2217 ferre,
897 2159 1003 2224 neque
1016 2159 1128 2225 regere

93 2233 222 2315 udens,
239 2235 385 2324 pbuibus
401 2237 594 2319 interfectis,
615 2261 713 2327 opera
735 2239 935 2326 reliquorum
956 2261 1127 2327 personam

93 2334 216 2424 incipis
237 2335 305 2399 sine
319 2338 510 2403 auctoritate
527 2340 715 2412 sustinebat.
736 2340 784 2405 Ex
800 2339 919 2427 quibus
932 2341 1132 2420 ·Hieracem,

104 2435 289 2503 Diodotum
304 2440 506 2527 Apamenum
526 2441 598 2528 (qui
615 2440 766 2529 deinceps
787 2441 848 2505 sub
869 2441 1053 2528 Tryphonis
1072 2463 1129 2504 co·

93 2552 242 2601 tomento
260 2539 464 2624 tyrannidem
483 2541 645 2628 exercuit)
661 2541 870 2606 Antiochenae
886 2542 959 2605 urbi
979 2542 1130 2629 praefecit.

93 2636 225 2705 Itersus
251 2639 340 2702 hunc
361 2638 405 2702 ob
427 2640 595 2709 stultitiam
621 2642 760 2705 Invisum
781 2643 904 2729 populo
929 2643 1131 2723 Demetrius,

93 2762 137 2829 ge
155 2739 324 2804 Demetrio
340 2741 486 2828 genitus,
504 2741 625 2807 bellum
649 2742 807 2808 excitavit.
826 2742 918 2806 Illum
939 2764 1014 2805 cum
1036 2744 1133 2806 fratre

93 2841 227 2909 nfiocho
243 2857 335 2931 pater
346 2841 465 2929 hospiti
481 2843 601 2908 Gnidio
621 2865 696 2905 cum
711 2845 869 2931 magnati
885 2844 1030 2930 pecuniae
1044 2866 1133 2906 com-

93 2942 289 3024 tendaverat,
315 2965 356 3007 ne
381 2944 565 3009 universam
591 2942 727 3009 domu'm
755 2942 901 3030 periculo
929 2942 1022 3024 belli,
1045 2942 1134 3029 quod

93 3067 138 3110 rm
150 3043 335 3110 Alexandro
349 3045 498 3134 gerebat,
515 3061 700 3134 exponeret.
720 3043 840 3110 Audito
857 3045 956 3131 patris
974 3044 1080 3125 exitu,
1099 3045 1133 3107 in

93 3162 191 3210 tetam
202 3145 349 3238 perfugit
366 3145 569 3229 adolescens,
582 3146 688 3210 donec
704 3147 856 3212 hortante
869 3146 1042 3226 Lasthene,
1059 3147 1136 3209 Cre·

93 3248 209 3312 auium
226 3246 327 3327 duce,
344 3263 376 3310 et
392 3269 429 3311 ex
447 3247 558 3311 eadem
575 3248 680 3313 insula
693 3246 920 3336 suppeditante
936 3248 1070 3328 auxilia,
1085 3269 1136 3311 re-

93 3348 216 3415 etendis
229 3349 321 3415 avitis
332 3348 452 3436 opibus
466 3349 611 3415 animum
626 3347 751 3429 adjecit.
768 3346 958 3428 Alexander,
973 3348 1136 3411 intellecto

93 3452 271 3517 >auctuum
288 3473 327 3513 ex
339 3453 433 3515 Creta
450 3451 482 3512 in
495 3451 637 3514 Ciliciam
652 3451 826 3531 trajecisse,
839 3450 939 3537 magis
954 3465 1138 3524 metuam,

93 3573 166 3619 unm
191 3552 297 3615 bostis
324 3551 442 3617 robore
465 3551 595 3639 pulsus,
621 3552 826 3620 Antiochiam
854 3552 1002 3631 recessit,
1029 3551 1137 3616 relicta

93 3653 241 3744 ulesyria
263 3676 271 3716 ε
292 3653 384 3733 cujus
399 3668 518 3741 praetor
540 3653 748 3740 Apollonius,
766 3676 868 3739 quum
891 3652 1044 3716 Demetrii
1063 3673 1138 3738 par·

93 3775 118 3819 tt
133 3771 313 3844 sequutus,
325 3754 423 3834 hujus
437 3755 586 3841 auspiciis
597 3771 713 3827 ,contra
724 3753 936 3818 Jonatbanem
954 3752 1139 3817 Judaeorum

93 3855 187 3922 lucem
198 3857 282 3920 male
291 3856 513 3945 pugnavisset,
528 3856 653 3924 meliori
664 3877 721 3942 spe
732 3854 877 3918 sublatus
890 3853 1078 3934 Alexander,
1092 3852 1140 3914 vi·

93 3958 228 4048 ibusque
242 3960 362 4046 potior,
376 3974 511 4022 conatus
528 3958 672 4021 bostium
686 3955 774 4020 haud
788 3954 961 4020 difficulter
979 3952 1137 4018 eludebat.

113 4117 344 4183 summu.
358 4120 395 4175 11,
413 4119 436 4165 5.
450 4145 485 4153 ·-
498 4117 550 4166 cie.
562 4117 588 4163 its
604 4116 690 4175 Laelio,
701 4133 755 4181 cap.
767 4116 809 4165 αὖ.
824 4117 946 4161 -Varro
959 4113 990 4160 de
1005 4115 1041 4160 lte
1054 4113 1137 4160 rustic.

93 4199 191 4257 l,t.-
203 4203 258 4252 Cic.
272 4203 298 4249 in
309 4205 400 4261 Bruto,
415 4217 529 4266 cap.ar;
546 4200 610 4248 idem
626 4200 656 4248 de
669 4201 727 4248 Nat.
743 4201 817 4248 Deor.
829 4201 882 4256 111,
894 4214 926 4254 s;
942 4196 1007 4244 idern
1022 4195 1053 4244 de
1065 4194 1139 4245 offis.

93 4281 123 4341 II,
139 4301 177 4336 tr.
191 4313 226 4323 -
244 4287 298 4334 Liv.
313 4286 379 4351 Epir.
391 4285 456 4349 —S
477 4286 623 4332 XXXVIII.
644 4283 747 4331 Diodor.
762 4282 828 4347 opud
848 4280 929 4326 Valet.
949 4305 984 4315 -
1001 4278 1090 4327 Euaeb.
1104 4306 1140 4315 -

93 4363 155 4430 'Ittssl
165 4370 228 4418 Ptol.
244 4370 287 4417 3⁵.
297 4395 332 4405 -—
343 4370 394 4415 Liv.
404 4369 469 4432 Epir.
489 4394 522 4405 -
537 4369 628 4421 sustin.
638 4368 748 4427 xxxV,
760 4381 783 4414 a.
798 4390 832 4401 -
845 4363 914 4426 Sulp.
928 4363 983 4410 Ser.
993 4388 1029 4401 -
1037 4361 1139 4427 Jotepb.

96 4446 241 4512 1111‚t.-
251 4450 364 4511 Macbab.
374 4453 398 4509 1,
411 4467 449 4498 to.
