2594 4980
136 703 203 774 ‘270
307 683 373 749 Jo.
400 682 742 751 rumusututt
770 684 1014 754 sonetum.

175 801 342 866 XXXVII.
365 804 471 888 Atque
489 801 541 864 ille
564 802 720 889 quidem,
742 804 850 894 gladio
871 805 968 872 latera
994 824 1192 894 transactus,

133 905 237 969 securi
256 904 289 966 in
306 902 389 966 collo
408 925 579 989 percussus
598 902 723 970 cecidit.
750 907 792 970 At
809 907 935 996 fugitivi
957 911 1106 997 protinus
1125 914 1193 977 Eu·

131 1028 210 1070 num
227 1026 336 1093 regem
351 1006 565 1092 proclamant,
579 1027 646 1068 non
664 1006 754 1093 qussi
765 1005 897 1072 audacia
908 1025 965 1073 aut
977 1010 1192 1099 imperatoriis

131 1107 253 1170 artibus
271 1120 449 1194 praestaret,
469 1105 523 1167 sed
543 1106 617 1192 quia
640 1107 806 1198 praestigiis
826 1125 953 1197 ceperat
972 1112 1117 1194 animos,
1136 1137 1195 1178 au·
1247 1174 1251 1180 .

130 1223 265 1294 ctorque
279 1205 467 1270 delectionis
480 1205 585 1268 suerat
600 1229 608 1270 τ
626 1222 659 1269 et
674 1206 758 1272 sicut
772 1208 856 1272 leves
869 1211 969 1275 animi
985 1216 1192 1299 quanmmtis

129 1309 233 1398 parvis
248 1309 435 1396 capiuntur,
448 1306 555 1393 ipsum
575 1308 670 1371 etiam
684 1330 804 1373 nomen
813 1309 955 1376 hominis
970 1314 1108 1400 placuit,
1126 1316 1191 1379 ole-

130 1410 246 1474 mentis
258 1425 290 1472 et
302 1408 448 1471 benevoli
458 1408 540 1496 regis
553 1409 743 1497 presagium
753 1410 965 1498 capientibus.
977 1414 1052 1496 Ille,
1063 1433 1193 1506 accepta

129 1525 303 1600 potestate,
319 1531 421 1596 quum
442 1507 590 1571 advocari
609 1510 800 1574 concionem
818 1511 981 1594 jussisset,
1003 1515 1191 1598 Ennenses,

130 1626 294 1700 quotquot
315 1609 540 1696 comprehensi
562 1632 580 1672 a
602 1609 716 1692 semla,
740 1611 879 1676 necdum
902 1614 1063 1680 interfecti
1082 1632 1192 1699 erant,

130 1709 234 1776 occidi
250 1730 364 1774 omnes
381 1709 564 1798 imperavit3
583 1711 738 1800 exceptis,
756 1713 812 1800 qui
829 1729 921 1778 antea
941 1712 1046 1803 ipsum
1063 1717 1096 1779 in
1115 1740 1193 1782 con-

128 1813 220 1878 viviis
246 1811 471 1874 vaticinantem
496 1811 636 1900 benigne
655 1828 866 1880 tractamrant
892 1817 1015 1881 :edam
1043 1819 1192 1907 opifices,

129 1935 270 2004 quorum
286 1911 328 1976 ad
348 1934 435 1975 srma
451 1912 634 1977 fabricanda
652 1914 739 1978 utilis
754 1931 805 1979 est
819 1914 993 2001 industria,
1010 1921 1143 2002 senati,
1159 1937 1192 1985 et

128 2016 164 2078 in
177 2014 316 2078 vinculis
331 2036 414 2101 opus
431 2014 534 2078 Iacere
549 2015 652 2079 eoacti
670 2030 756 2081 sunt

156 2115 357 2186 XXXVIII.
376 2114 534 2202 Megallis,
552 2115 740 2180 ancillarum
760 2118 910 2205 potestati
931 2121 1100 2207 permissa,
1116 2138 1192 2210 post

127 2218 232 2281 varios
249 2217 409 2279 eruciatus
426 2239 465 2279 ex
478 2217 634 2305 praecipiti
647 2240 723 2282 saxo
739 2217 859 2300 dejecta
875 2221 980 2308 periit.
997 2224 1190 2314 Aritigenem

127 2335 160 2385 et
169 2319 352 2408 Pythonem
362 2318 457 2381 heros
477 2341 553 2382 suos
569 2320 683 2383 Eunus
696 2320 766 2407 ipse
778 2323 945 2409 percussit.
964 2324 1101 2413 Sumpto
1113 2325 1189 2389 dein

127 2419 322 2499 diademate,
332 2420 518 2506 caeterisque
527 2441 641 2509 regum
650 2420 850 2511 Insignibus,
860 2422 957 2487 etiam
972 2425 1191 2490 contuberna-

127 2523 191 2586 lem
202 2544 311 2602 suam,
327 2536 360 2585 et
369 2522 470 2608 ipsam
484 2521 597 2608 Syram
607 2520 755 2604 natione,
770 2523 913 2612 reginam
923 2524 1092 2613 appellavit
1102 2548 1110 2591 t
1122 2548 1189 2590 ser·

127 2645 242 2688 vorum
252 2623 392 2687 errariis
401 2623 551 2712 gentibus
559 2624 775 2710 promiscuam
787 2624 957 2689 colluviem
969 2626 1019 2706 ,in
1029 2625 1189 2690 honorem

127 2748 192 2790 sure
207 2726 356 2815 originis,
370 2726 480 2809 Syros,
494 2748 527 2788 se
545 2723 739 2788 Antiochum
752 2727 858 2790 vocari
871 2727 985 2791 voluit.
998 2728 1046 2790 Ex
1062 2727 1119 2809 iis,
1134 2729 1190 2816 qui

126 2828 297 2916 prudentia
315 2828 468 2891 excellere
482 2826 707 2908 credebantur,
719 2827 916 2891 consiliarios
933 2826 1010 2917 legit
1023 2851 1032 2907 3
1048 2850 1190 2914 quonam

127 2946 159 2993 et
172 2929 307 2993 Achaeus
325 2928 400 3007 brit,
418 2929 526 3015 patriae
542 2950 608 2991 suae
623 2949 743 2991 nomen
761 2950 893 3017 gerens,
911 2928 960 2991 vir
975 2928 1110 2993 consilio
1128 2953 1191 2993 ma·

127 3052 238 3119 nuque
256 3030 525 3119 promptissimus.
545 3029 672 3092 Horum
688 3027 807 3092 auxilio
824 3027 909 3092 intre
919 3028 1065 3093 triduum
1080 3028 1190 3093 bomi-

126 3157 206 3199 uum
222 3134 359 3222 amplius
373 3156 428 3197 sex
446 3132 561 3211 millia,
575 3154 642 3219 quo
659 3133 766 3219 potuit
780 3132 896 3214 modo,
912 3134 1047 3197 armavit
1061 3158 1069 3199 :
1084 3157 1191 3199 acces·

125 3251 237 3300 serunt
260 3234 377 3297 deinde
399 3234 467 3312 alii,
487 3234 601 3319 partim
624 3233 733 3314 asciis,
755 3249 812 3297 aut
830 3234 997 3299 securibus
1021 3235 1188 3316 instructi,

25 3346 29 3352 ’
125 3337 240 3424 partim
258 3333 382 3414 fundis,
398 3350 455 3396 aut
468 3334 620 3414 falcibus,
635 3350 693 3399 aut
707 3333 843 3399 sudibus
859 3336 1023 3423 praeustis3
1042 3354 1133 3401 erant
1155 3353 1189 3400 et

124 3437 181 3525 qui
202 3435 398 3523 coquinariis
416 3435 557 3498 verubus
575 3458 635 3522 pro
652 3436 750 3500 hastis
766 3451 945 3501 uterentur.
964 3437 1050 3502 Cum
1064 3439 1115 3501 his
1132 3461 1187 3502 er·

125 3540 274 3602 cursione
290 3537 388 3616 facta,
402 3537 581 3623 solutisque
598 3537 714 3625 passim
729 3537 914 3626 ergastulis,
931 3560 1033 3626 quum
1050 3562 1187 3620 majores

125 3636 271 3725 quotidie
283 3638 381 3724 copiae
396 3634 524 3710 fierent,
538 3637 664 3701 castella
679 3637 820 3726 primum
831 3654 864 3702 et
880 3639 984 3721 vicos,
1004 3663 1080 3704 mox
1092 3643 1189 3705 etiam

124 3739 242 3828 oppida
261 3739 478 3827 expugnabat,
502 3738 759 3826 diripiebatque:
779 3739 970 3827 praetoribus
986 3764 1119 3828 quoque
1133 3764 1187 3805 ro·

126 3842 227 3905 manis
253 3839 406 3929 congredi
429 3863 543 3920 ausus,
566 3861 669 3927 quum
692 3839 901 3903 multitudine
922 3841 1017 3929 longe
1038 3841 1187 3928 superior

125 3960 222 4024 esset,
239 3942 365 4006 crebras
378 3940 419 4004 de
436 3942 474 4004 iis
487 3941 635 4004 victorias
650 3940 834 4029 reportavit.

167 4043 321 4107 XXXIX.
348 4043 434 4106 Dum
456 4042 523 4105 haec
541 4055 694 4130 aguntur,
714 4039 815 4106 Cleon
835 4040 967 4128 quidam
989 4063 1030 4104 ex
1056 4041 1185 4124 Cilicia,

157 4270 173 4336 3
186 4272 320 4318 xxxvtt.
335 4268 455 4317 Plutarch.
465 4268 491 4313 in
502 4265 581 4323 Sulla,
594 4280 647 4330 cap.
658 4280 699 4325 pa.
711 4292 745 4303 -
756 4264 860 4314 Diodor.
870 4263 937 4330 apud
946 4264 1017 4313 Phot.
1026 4265 1138 4313 stVsles.
1151 4291 1187 4302 —

124 4355 188 4402 Flor.
202 4357 252 4412 111,
270 4369 308 4416 ¹9·
323 4380 357 4388 —
370 4351 385 4417 §
398 4351 544 4399 XXXVIII.
556 4348 620 4397 I'lor.
629 4351 681 4408 111,
697 4363 736 4411 ¹9·
749 4376 785 4386 -
795 4349 900 4397 Diodor.
911 4347 976 4413 apud
987 4347 1068 4395 Vales.
1079 4376 1113 4385 -
1123 4348 1188 4397 Plut.

122 4438 152 4485 de
162 4438 233 4500 Pyth.
245 4454 311 4484 orac.
320 4452 373 4498 cap.
387 4449 426 4482 aa.
440 4457 475 4468 -
488 4432 539 4478 bit.
555 4431 621 4493 Epir.
633 4456 668 4468 -
680 4431 752 4478 Oros.
761 4431 793 4487 V,
807 4430 832 4478 ⁶.
