2594 4980
118 780 186 825 ata
292 760 360 824 JO.
387 760 727 845 FRElNSllEMll
759 761 1005 831 SUPPLEM.

115 902 214 968 parvo
237 902 296 942 suo
317 878 528 943 incommodo
554 880 682 944 hostem
700 880 923 945 indesinenter
942 881 1096 973 fatigarem
1110 882 1155 947 do-

114 1003 192 1060 nec,
211 983 306 1043 motis
325 982 451 1061 castris,
475 981 669 1045 Servilianos
688 983 849 1047 concessit
865 983 1002 1049 Itucam.
1019 986 1100 1049 Tum
1113 984 1155 1047 ts

113 1083 236 1146 riathus
254 1106 405 1170 quoque,
420 1082 473 1145 cui
487 1082 594 1146 minor
609 1083 786 1164 exercitus,
803 1105 912 1171 neque
925 1083 1005 1149 huic
1018 1084 1154 1149 sufficies

114 1200 312 1248 commeatus
336 1200 422 1264 erat,
439 1200 540 1247 noctu
555 1184 695 1249 incensis
715 1184 846 1267 castris,
867 1185 903 1247 in
918 1183 1108 1251 Lusitaniam
1121 1200 1154 1249 stt

113 1286 288 1373 profectus.
310 1285 522 1365 Servilianus,
537 1308 641 1372 quum
657 1285 897 1349 velocissimum
913 1285 1041 1350 hostem
1056 1284 1154 1373 asssqti

114 1387 335 1475 nequidquam
352 1384 589 1467 contendisset,
603 1387 641 1449 in
660 1387 832 1451 Baeturiam
846 1387 1061 1474 impressione
1076 1388 1153 1465 lacu,

114 1490 259 1576 quinque
278 1487 415 1575 oppida,
438 1510 511 1574 quoe
534 1509 611 1551 cum
630 1487 778 1551 Viriatho
793 1502 975 1569 senserant,
1000 1486 1154 1553 ordineu·

114 1607 254 1679 pugnata
270 1588 428 1676 diripuit:
447 1588 523 1651 inde
540 1590 574 1652 in
591 1589 722 1652 Cuneos
739 1589 916 1652 hiematum
929 1590 1019 1653 abiit.

157 1692 306 1755 XXVlll.
325 1689 449 1753 Eodem
467 1712 555 1753 anno
573 1712 723 1753 censores
742 1689 778 1752 in
793 1688 883 1753 Urbe
900 1688 1153 1755 lucrantem

115 1794 217 1857 nelius
233 1793 341 1879 Scipio
353 1792 542 1873 Africanus,
555 1792 591 1855 L.
604 1790 786 1854 Mummius
798 1788 971 1856 Achaicus.
986 1791 1025 1854 ln
1034 1787 1152 1853 eumden

114 1919 189 1957 cum
208 1894 358 1980 Scipione
374 1894 482 1956 locum
501 1895 560 1980 Ap.
580 1891 735 1956 Claudius
748 1890 885 1979 petierat
902 1914 910 1955 :
930 1890 988 1979 qui
1005 1912 1100 1978 quum
1111 1910 1151 1951 aa·

114 1995 277 2059 lrilissimis
287 1995 363 2057 viris
381 1995 536 2081 stipatus,
553 1994 760 2073 Africanum,
778 1992 927 2081 populari
939 1992 1035 2055 turba
1051 1992 1153 2057 chan

114 2098 244 2177 lusum,
260 2096 293 2158 in
311 2095 419 2158 forum
431 2093 628 2159 descendere
641 2093 790 2176 vidisset,
806 2096 871 2159 alta
882 2116 964 2159 voce
977 2092 1151 2159 exclamarit:

116 2198 320 2288 «ingemisce
340 2195 427 2283 apud
448 2218 573 2278 manes,
595 2196 693 2259 Paule
718 2196 846 2278 AEmili,
869 2194 974 2259 lilium
997 2212 1087 2259 tuum
1101 2196 1152 2257 tet·

116 2332 128 2355 «
141 2301 222 2363 tiens
240 2299 280 2361 ab
296 2297 428 2361 AEmilio
445 2320 612 2384 praecone,
631 2314 664 2361 et
676 2298 802 2362 Licinio
817 2298 988 2363 Philonico
1003 2296 1152 2363 censorini!

114 2400 346 2464 «candidatum
364 2396 517 2461 deduci.»
533 2401 695 2462 Caeterum
710 2398 780 2481 ille,
801 2421 973 2463 censuram
989 2394 1153 2488 populuittt

116 2502 274 2587 adeptus,
294 2521 362 2561 non
384 2497 459 2563 ideo
483 2499 592 2564 nunus
616 2500 805 2588 incorrupte
821 2523 858 2564 ac
879 2523 990 2565 severe
1011 2500 1084 2590 egit3
1099 2488 1155 2559 illul

116 2602 263 2664 moribus
275 2600 426 2680 civitatis,
437 2600 501 2663 hoc
511 2623 576 2663 suae
591 2602 859 2691 magistratusque
871 2600 1022 2690 dignitati
1030 2600 1155 2665 tribuent·

118 2705 205 2789 Ergo
228 2718 261 2763 et
285 2702 443 2788 populum
468 2700 507 2764 ad
536 2724 641 2765 mores
661 2703 812 2791 antiquos
837 2704 1023 2792 gravissima
1042 2700 1158 2767 orati⁰¹⁶

115 2805 264 2867 hortatus
280 2819 347 2882 est,
362 2819 395 2865 et
410 2804 445 2867 L.
463 2804 613 2866 Mummii
625 2804 809 2869 facilitatem
820 2820 989 2894 gravatus,
1004 2826 1064 2894 pro
1072 2795 1160 2867 tutti⁵

115 2906 212 2986 dixit,
231 2908 337 2968 omnia
354 2930 385 2967 se
400 2929 444 2967 ex
454 2905 618 2992 majestate
628 2904 746 2992 populi
756 2907 887 2969 romam'
897 2900 1161 2992 gesturumftiflr

116 3012 145 3071 si
155 3008 214 3071 sibi
226 3011 303 3070 cives
320 3007 375 3069 ecl
392 3007 550 3069 ‹dedissent
558 3004 730 3091 collegam,
749 3005 878 3069 velcon
891 3006 1056 3071 dedissent.

162 3110 285 3171 xxlx.
301 3108 437 3170 Interim
454 3106 485 3168 in
505 3105 696 3169 Macedonia
712 3105 822 3170 denuo
838 3106 1025 3188 turbatum,
1044 3126 1105 3169 nnn
1115 3093 1167 3161 ni·

120 3234 181 3273 nus
207 3210 383 3295 improviso
406 3206 470 3270 [ine
491 3224 659 3287 motuum,
682 3230 780 3294 quam
806 3207 937 3270 initium
959 3208 1073 3271 fuerat
1094 3198 1169 3267 Alltl'

119 3309 433 3395 Pseudophilippus,
447 3307 504 3392 qui
515 3308 622 3371 Persei
637 3330 672 3371 se
686 3307 788 3371 filium
803 3307 943 3387 ferebat,
963 3328 1066 3394 quum
1077 3296 1169 3369 sultl¹⁰

120 3413 321 3472 incremento
351 3430 390 3470 ex
411 3407 510 3470 semis
534 3396 669 3496 aliisque
693 3408 826 3498 perditis
844 3408 1056 3489 hominibus,
1077 3398 1170 3493 quil&

120 3531 232 3572 recens
256 3506 453 3570 Macedonis
477 3506 671 3596 Graeciaeque
691 3510 737 3573 roi
761 3510 898 3573 mutatio
915 3532 1035 3599 magno
1052 3512 1173 3571 nutufl⁰

123 3627 308 3699 pepererat,
329 3608 369 3671 ad
393 3608 621 3696 septemdecim
643 3611 817 3675 hominum
835 3609 934 3674 millia
958 3608 1173 3675 contraxitstlv

122 3728 224 3775 (astra
244 3734 377 3773 tauriana
400 3727 524 3774 tentare
543 3726 591 3774 est
609 3734 717 3776 ausus.
738 3713 834 3801 Spem
854 3710 952 3775 dabat
969 3708 1108 3776 absentia
1123 3698 1175 3767 ll·

123 3815 198 3877 cinii
212 3813 324 3875 Nervae
338 3813 499 3900 praetoris,
513 3813 570 3899 qui
583 3828 684 3876 certas
703 3813 746 3875 ob
762 3836 887 3893 causas,
902 3833 1011 3899 nuper
1023 3834 1061 3875 ex
1077 3808 1173 3873 Μεθ’

122 3915 221 3978 donia
234 3913 437 3992 discesserat,
454 3914 514 3976 Cn.
529 3913 702 3977 Tremellio
718 3913 928 4001 quaestorem
942 3914 1054 3977 castris
1066 3908 1176 3976 reliev-

122 4016 153 4078 ls
171 4029 301 4078 vocatos
315 4012 355 4075 ad
374 4013 566 4076 concionem
584 4013 700 4078 milites
716 4014 751 4076 in
763 4014 848 4077 hanc
863 4015 1056 4079 sententiam
1069 4020 1179 4077 estffl'

124 4116 273 4178 hortatus
289 4137 296 4176 :
758 4128 761 4133 '
1119 4134 1122 4141 '

160 4327 378 4390 §xxvntrsn
392 4329 473 4392 capte
486 4327 591 4376 -rtuc
600 4328 626 4375 tn
637 4329 719 4377 cmii.
729 4345 783 4394 esp.
793 4330 838 4385 sn
848 4327 914 4376 tam
925 4328 952 4375 tn
961 4330 1077 4393 caepe
1087 4302 1186 4389 μηδ’

126 4408 239 4472 Reipubl.
249 4426 302 4474 cap.
315 4414 355 4458 30.
370 4438 405 4447 -
418 4410 499 4475 agell.
510 4411 556 4469 w,
571 4426 612 4459 ao.
623 4413 723 4462 -Vah
732 4414 799 4460 Max.
806 4414 859 4471 vt,
871 4419 895 4467 4.
910 4438 946 4449 -
958 4414 1032 4462 Aust.
1046 4410 1076 4459 tle
1084 4404 1128 4453 Vir·
1136 4386 1187 4441 ω’

126 4520 156 4529 -
168 4493 217 4541 Jul.
229 4494 319 4556 Obseq.
335 4522 369 4531 -
381 4494 397 4559 s
410 4496 507 4543 xxm.
517 4494 568 4542 tir.
584 4495 649 4561 Epit.
662 4524 698 4534 -
706 4496 770 4545 llist.
781 4496 877 4545 Miscel.
887 4496 933 4557 IV,
950 4504 1036 4551 140-
1048 4495 1137 4549 Eum?-
