2594 4980
10 39 1260 343 u

1170 351 1192 365 ..

1010 402 1014 411 ,
1059 408 1062 417 ,
1195 382 1223 418 ³,

285 712 341 780 m
374 711 488 778 tou.
516 712 613 778 om
640 712 774 779 Lxrx
805 715 1033 786 mvmm.
1121 718 1191 815 595

133 864 138 885 ‹
151 850 220 894 tum
232 853 301 895 esse
313 856 320 896 :
333 847 483 919 praeterea
495 833 648 920 patriam,
660 831 795 897 domum
808 882 817 915 ,
825 852 977 922 penates,
988 861 1060 925 quae
1073 841 1194 929 cuique
1262 847 1276 893 -’

127 964 137 986 u
149 934 327 1021 gratissima
340 957 408 995 esse
423 934 545 1012 solent,
558 951 663 996 vestro
677 933 835 999 beneficio
847 939 953 1026 recepi
965 962 973 1002 :
986 940 1088 1006 lilium
1099 944 1191 1032 pien·

125 1035 327 1117 «tissimum,
349 1034 530 1097 carissimos
554 1036 688 1114 fratres,
709 1035 963 1115 jucundissimos
988 1043 1192 1131 propinquos
1248 1048 1295 1135 'ri

123 1140 333 1226 «amplexus,
355 1137 452 1200 vestri
477 1137 621 1200 muneris
647 1138 906 1226 magnitudinem
930 1162 969 1203 ex
992 1141 1092 1207 modo
1114 1167 1193 1211 mete
1256 1171 1264 1180 ·

123 1272 135 1295 ·‹
146 1240 334 1327 horumque
353 1240 469 1303 ltetitiae
485 1239 590 1302 metiri
609 1239 711 1326 potui.
1181 1313 1185 1321 ἤ

167 1341 231 1405 LV.
257 1374 270 1398 a
285 1342 406 1406 Amicis
430 1341 581 1427 insuper,
608 1363 714 1428 neque
738 1363 876 1405 numero
900 1343 1109 1431 spernendis,
1131 1370 1190 1426 neq
1205 1360 1215 1367 “·

122 1466 261 1531 «genere
284 1441 434 1531 (quando
451 1443 571 1529 quibus
589 1466 661 1505 cara
679 1443 859 1531 respublica
876 1463 944 1528 est,
967 1445 1066 1511 iidem
1087 1448 1190 1515 ferme
1229 1434 1232 1438 ’

122 1545 255 1607 «salutis
272 1568 351 1608 mere
364 1546 497 1608 luerunt
509 1543 681 1631 studiosi),
697 1561 793 1607 aucto
811 1546 907 1609 etiam
920 1565 993 1635 post
1008 1548 1187 1615 absentiam
1263 1538 1294 1639 {⁰

120 1643 322 1727 «desiderio,
350 1670 454 1734 quum
477 1647 594 1709 iterum
620 1645 684 1709 frui
707 1645 820 1728 datur,
846 1649 945 1713 vestri
967 1650 1103 1733 favoris,
1129 1671 1189 1739 per

119 1776 131 1798 r
141 1768 239 1831 quent
254 1748 302 1810 rei
317 1748 397 1810 mihi
416 1748 512 1837 longe
530 1747 769 1835 pretiosissime
785 1763 873 1812 tanta
890 1750 1038 1816 restituta
1054 1753 1204 1823 facultas«

118 1865 204 1929 «est,
225 1871 291 1912 non
315 1872 447 1938 possum
466 1872 532 1911 nou
553 1848 749 1912 meminisse.
767 1849 866 1912 Estne
883 1851 982 1941 igitur
998 1852 1122 1940 aliquid
1138 1853 1188 1919 hit
1264 1838 1292 1953 ξ

117 1950 173 2012 «in
189 1952 286 2015 rebus
307 1950 464 2039 amplius?
483 1966 532 2013 est
547 1950 710 2038 profecto!
725 1972 816 2030 nam,
837 1968 874 2014 ut
893 1975 954 2040 ego
974 1952 1106 2040 quidem
1122 1953 1189 2019 exi·
1283 1960 1294 1995 '⁵

118 2053 257 2134 «stimo,
270 2054 320 2116 vir
333 2053 442 2116 bonus
459 2051 721 2140 quandoque-his
736 2052 909 2136 omnibus,
922 2054 949 2117 si
965 2077 1033 2119 non
1050 2057 1187 2139 lubenti,
1283 2040 1292 2069 ³

117 2175 233 2239 «aequo
251 2169 358 2216 tamen
379 2154 490 2217 animo
514 2171 634 2235 careat,
659 2153 715 2218 ubi
737 2153 839 2217 teneri
862 2154 915 2219 illa
935 2172 1001 2220 tarn
1021 2173 1112 2245 grata
1127 2181 1186 2222 ne·

117 2286 128 2306 ·‹
138 2272 281 2341 queunt,
300 2255 361 2319 nisi
375 2256 421 2319 fas
438 2271 471 2319 et
486 2256 661 2320 honestum
680 2255 870 2344 negligatur.

159 2355 240 2421 LVl.
258 2357 381 2439 «Cujus
400 2357 446 2421 rei
469 2380 659 2446 quanquam
680 2372 729 2420 est
747 2356 781 2418 iu
799 2373 938 2444 utraque
961 2358 1093 2422 fortuna
1114 2382 1187 2445 mea

115 2482 292 2549 «magnum
318 2477 350 2523 et
372 2482 512 2548 praesens
538 2475 811 2541 monumentum,
835 2457 876 2521 de
901 2481 953 2521 me
975 2474 1083 2522 tamen
1105 2460 1188 2525 nihil

113 2560 295 2642 «dicerem,
318 2562 379 2624 nisi
395 2583 445 2625 res
459 2561 519 2624 ista
536 2560 609 2648 plus
625 2559 665 2622 ad
682 2558 819 2639 hujusce
834 2557 896 2621 diei
917 2559 1184 2646 gratulationem,

112 2685 233 2748 «quarn
246 2662 288 2726 ad
302 2662 471 2724 molestam
488 2661 642 2747 praeteriti
657 2658 812 2747 temporis
829 2656 1089 2722 recordationem
1108 2683 1184 2748 per·
1274 2744 1293 2759 ν

113 2792 125 2813 ι
137 2763 254 2825 tineret
270 2785 277 2825 :
295 2763 398 2824 immo
417 2775 508 2823 tanto
528 2761 589 2822 erit
611 2759 680 2822 haec
698 2757 911 2821 commutatio
934 2780 1044 2821 rerum
1063 2760 1184 2844 laetior,
1276 2762 1288 2783 '‘

113 2894 123 2912 ·‹
136 2886 238 2948 quum
255 2863 403 2951 priorum
425 2861 516 2939 juxta
540 2861 643 2949 posita
668 2858 808 2947 imagine
832 2858 1056 2931 illustrabitur.
1078 2861 1184 2951 Igitur

113 2996 123 3015 -‹
136 2985 239 3050 quum
257 2962 421 3051 pestiferas
438 2962 524 3051 leges
539 2962 574 3024 L.
592 2960 749 3049 Apuleius
764 2961 847 3023 ferre
864 2960 1037 3049 inciperet,
1053 2986 1182 3026 earum·

111 3097 123 3118 ·‹
134 3088 198 3152 que
209 3089 319 3129 rerum
333 3064 543 3128 fundamenta
552 3063 673 3144 jaceret
684 3061 727 3143 is,
743 3084 823 3149 quas
837 3061 976 3143 deinde,
991 3063 1082 3149 quod
1091 3065 1184 3130 aliter

110 3198 123 3221 ι
134 3165 203 3230 fieri
220 3167 397 3255 nequibat,
414 3188 491 3229 cum
507 3165 584 3254 ipsis
603 3163 792 3229 auctoribus
809 3165 1067 3230 averruncandae
1083 3184 1180 3256 puta-

110 3269 236 3353 «vistis3
248 3269 335 3333 idem
347 3292 408 3358 ego
419 3268 527 3356 patriae
539 3267 797 3348 amantissimus,
811 3266 950 3356 cupidus
963 3269 1078 3350 vestri,
1090 3285 1182 3358 pater

110 3401 123 3424 τι
134 3395 201 3435 non
219 3373 335 3453 tristis,
350 3372 473 3436 amicus
492 3394 561 3434 non
577 3391 744 3450 morosus,
762 3370 883 3433 horum
903 3369 1052 3433 onmium
1067 3372 1179 3459 potius

109 3475 214 3537 «ferre
231 3473 445 3553 desiderium,
463 3495 560 3560 quarn
577 3470 687 3535 videre
707 3472 852 3552 ruinam,
869 3469 990 3534 nedum
1009 3470 1078 3535 haec
1091 3471 1181 3537 velut

108 3572 285 3635 «cuniculo
306 3573 558 3639 custodientibus
582 3571 805 3637 auctoritatem
824 3587 921 3659 atque
941 3594 1077 3637 manum
1092 3597 1176 3663 prae·

109 3687 233 3752 «stare,
254 3673 362 3738 malui.

152 3771 251 3838 LVII.
270 3775 362 3839 «Nec
379 3793 471 3839 erant
486 3776 555 3840 haec
574 3775 641 3838 latu
662 3795 778 3861 parum
795 3772 909 3837 acerba
925 3790 981 3838 aut
1000 3774 1103 3839 levia:
1121 3775 1180 3840 sed

108 3891 239 3938 «tamen
256 3877 288 3939 in
303 3878 413 3940 animo
426 3901 501 3941 meo
517 3892 646 3942 tantum
656 3875 756 3938 valuit
766 3898 802 3937 ea
816 3876 1010 3956 consolatio,
1022 3875 1112 3963 quod
1128 3877 1179 3941 his

108 3975 252 4039 «interea
267 3977 456 4041 omittendis
472 3992 596 4042 servata
610 3976 690 4040 mihi
708 3973 787 4039 fides
801 3975 836 4037 in
848 3976 1099 4063 rempublicam,
1115 4000 1181 4061 qen·

106 4107 119 4130 ‘‹
129 4093 201 4141 vata
219 4079 329 4167 patriae
343 4079 474 4159 caritas,
490 4077 636 4143 officium
651 4076 747 4157 civis,
766 4076 906 4166 dignitas
923 4077 1081 4141 senatoris
1097 4065 1198 4161 erat,'

106 4209 120 4233 «ι
131 4195 168 4243 ut
187 4180 309 4244 nullam
327 4181 406 4244 mibi
424 4179 571 4243 voculam
590 4177 763 4259 excidisse,
779 4177 900 4241 nullam
917 4178 1107 4264 lacrymam,
1120 4195 1177 4268 qut

107 4283 246 4347 afrontb
261 4284 411 4347 vultusve
428 4281 625 4347 nubeculam
637 4297 865 4368 conspectam,
884 4301 991 4367 neque
1005 4297 1177 4370 exceptum

111 4409 122 4431 r-
132 4381 220 4446 aliud
228 4383 414 4448 indiciuma
425 4406 593 4471 quoquam
604 4397 736 4471 putem,
751 4404 819 4469 quo
829 4396 886 4444 aut
897 4372 1085 4470 poenitentia
1099 4406 1179 4447 con·

939 4482 1001 4555 att.
