2594 4980
129 715 197 801 364
304 721 370 788 JO.
397 719 731 789 FRElNSHEMll
760 717 1002 789 SUPPLEM.

172 839 287 902 XLIX.
303 838 476 904 Terruerat
490 863 544 912 eos
560 863 641 922 vox,
658 862 755 927 quam
767 840 852 904 inter
865 842 1055 929 applausum
1069 843 1186 929 populi

115 946 160 1003 'ct
176 939 376 1029 flagrantium
395 941 578 1005 studiorum
595 940 850 1006 testificationem
865 941 1000 1024 jecerat,
1018 965 1049 1005 se
1063 942 1190 1032 aliquid

126 1050 160 1108 in
173 1042 314 1130 beneficii
324 1047 391 1108 loco
407 1071 429 1108 a
437 1049 528 1133 plebe
533 1050 727 1134 petiturum:
739 1047 826 1135 quod
837 1050 866 1110 si
875 1045 1118 1136 adamussim,
1131 1049 1189 1112 lta·

127 1147 197 1209 bere
217 1149 317 1210 instar
333 1150 492 1227 omnium,
507 1151 554 1211 sin
569 1170 663 1227 vere,
678 1145 760 1211 nihil
770 1163 877 1212 tanton
893 1152 985 1236 queri
997 1147 1186 1214 documen

127 1248 342 1311 Domitiorum
352 1265 459 1311 tamen
472 1249 691 1313 consularium
699 1247 873 1313 adveniens
881 1264 1009 1337 tempus
1025 1247 1188 1330 ostendit,

126 1350 245 1411 frustra
252 1372 327 1411 eum
335 1367 521 1437 suspectum
530 1351 593 1415 hoc
602 1351 735 1415 nomine
742 1349 856 1431 fuisse3
866 1349 988 1438 quippe
995 1372 1069 1412 cum
1076 1350 1189 1414 amicis

126 1451 161 1512 C.
175 1450 336 1514 Fannium
350 1454 387 1515 C.
403 1454 438 1515 F.
450 1451 584 1516 deduxit
596 1453 630 1515 in
647 1475 817 1540 campum,
833 1451 1020 1539 petentique
1036 1450 1190 1539 suffraga-

126 1567 178 1613 tor
194 1552 352 1638 gratiosus
365 1570 396 1615 et
410 1554 521 1617 el'licax
536 1555 657 1618 exstitit
671 1577 679 1618 ε
694 1554 762 1642 ipse
776 1569 884 1617 autem
896 1551 1047 1615 tribunus
1063 1552 1188 1639 plebis,

127 1675 312 1739 quanquam
332 1653 364 1716 id
379 1655 510 1741 quidem
527 1679 592 1734 non
607 1671 748 1744 peteret,
765 1655 904 1719 refectus
919 1669 976 1719 est.

171 1755 206 1817 L.
227 1754 313 1816 Dum
328 1755 372 1816 ita
387 1757 498 1817 Romae
515 1755 706 1838 dissidetur,
724 1756 820 1820 etiam
833 1755 974 1818 Orientis
991 1776 1090 1843 regna
1103 1755 1189 1817 mul·

127 1871 175 1916 tus
191 1854 384 1916 calamitates
403 1853 572 1918 discordiis
590 1855 890 1940 mutationibusque
910 1876 1023 1943 regum
1044 1854 1189 1942 pertule-

127 1970 214 2018 runt.
228 1956 410 2018 Demetrius
430 1957 548 2018 iterum
566 1978 621 2018 rex
635 1955 752 2043 Syriae,
766 1955 920 2042 pravitate
931 1976 1060 2017 morum
1074 1955 1189 2041 populi

128 2069 161 2115 et
181 2055 320 2117 militum
345 2055 456 2118 odium
481 2072 657 2137 meruerat,
682 2077 886 2143 uxoremque
906 2056 1126 2142 Cleopatram,
1143 2057 1189 2120 ob

127 2154 390 2242 superinductam
405 2157 492 2243 apud
511 2157 646 2221 Parthos
658 2155 904 2245 Rhodogunen,
919 2156 1077 2219 infensam
1093 2155 1191 2219 habe·

128 2256 192 2319 bat.
212 2258 289 2336 His,
311 2260 400 2344 quasi
422 2281 536 2344 parurn
559 2259 680 2347 negotii
701 2258 853 2339 haberet,
870 2258 992 2321 bellurn
1013 2257 1189 2345 aegyptium

128 2354 289 2434 adjunxit,
306 2381 402 2419 socru
418 2359 586 2445 Cleopatra
602 2359 757 2422 auxilium
776 2357 929 2421 adversus
947 2359 1078 2422 fratrem
1099 2358 1190 2446 Phy-

127 2479 258 2520 sconem
272 2475 402 2538 0rantc,
419 2477 451 2522 et
466 2461 574 2523 auxilii
586 2460 728 2547 pretium
742 2475 926 2523 ostentante
938 2459 1188 2523 Ptolemaeorum

128 2581 215 2645 opes.
235 2559 404 2622 Acciderat
421 2562 524 2643 enim,
542 2576 579 2625 ut
594 2560 799 2650 Hegelochus
815 2560 980 2623 Ptolemaei
995 2557 1079 2634 dux,
1096 2581 1190 2622 exer·

129 2661 196 2723 citu
205 2660 496 2723 Alexandrinorum
506 2662 728 2726 internecione
739 2660 845 2724 deleto
855 2708 864 2740 ,
874 2675 1051 2747 etpraetore
1061 2658 1190 2746 Marsya

129 2779 242 2849 capto,
262 2764 467 2859 (Cleopatram
491 2787 600 2827 rerum
623 2785 754 2826 suarum
772 2760 995 2849 desperatione
1013 2759 1190 2848 coningere

128 2864 162 2924 in
180 2864 303 2950 Syriam
318 2888 393 2927 cum
410 2866 568 2928 thesauris
584 2864 679 2954 regiis
694 2863 920 2951 compelleret,
936 2885 954 2925 a
970 2861 1035 2924 lilio
1050 2882 1189 2950 genero·

130 2986 192 3049 quc
208 2965 391 3029 subsidium
408 2967 545 3029 lortunae
562 2966 726 3053 praesentis
740 2965 923 3053 petituram.

172 3068 222 3130 Ll.
241 3066 304 3130 Sed
320 3070 537 3147 Demetrium,
556 3068 659 3132 aliena
678 3066 902 3129 sollicitantem
920 3084 1036 3151 regna,
1050 3062 1190 3127 delectio

129 3166 418 3246 Antiochensium,
444 3170 500 3253 qni
526 3167 609 3230 (luce
629 3165 805 3253 Tryphone
829 3164 1044 3240 rebellabant,
1065 3162 1106 3227 de
1127 3187 1190 3227 suo

129 3268 233 3353 coegit
251 3267 413 3330 dimicare.
431 3269 509 3328 lllox
529 3267 615 3329 enirn
632 3267 805 3353 Apameni,
825 3282 1009 3352 caeteraeque
1024 3265 1191 3329 nonnullae

129 3366 289 3445 civitates,
304 3389 362 3451 per
376 3368 553 3428 absentiam
570 3368 671 3456 regis,
688 3368 744 3453 qui
757 3367 823 3444 jam
839 3365 881 3430 ad
895 3367 1062 3429 Pelusium
1077 3365 1191 3431 admo·

128 3481 216 3526 verat
231 3466 355 3552 copias,
366 3467 549 3552 exemplum
566 3468 833 3532 Antiochensium
851 3484 996 3555 sequutae
1012 3483 1089 3531 sunt
1102 3491 1110 3532 ε
1123 3484 1156 3531 et
1171 3492 1190 3531 a

130 3564 319 3646 Ptolemaeo,
337 3582 489 3651 tanquam
506 3567 660 3632 adversus
677 3591 887 3632 communem
907 3570 1034 3632 hostem
1056 3569 1191 3650 auxilia,

129 3663 434 3752 Seleucidarumque
445 3668 605 3754 aliquem,
623 3692 723 3756 quem
736 3671 797 3733 sibi
814 3692 922 3758 regem
940 3670 1191 3748 constituerent,

130 3764 302 3850 petierunt.
329 3767 522 3831 Ptolemaeus
541 3769 694 3847 juvenem
721 3769 894 3856 quemdam
914 3771 1088 3858 aegyptium
1114 3793 1191 3835 cum

130 3864 319 3951 ingentibus
335 3869 458 3932 auxiliis
471 3871 574 3952 misit,
592 3887 645 3953 ut,
662 3885 817 3957 tanquam
831 3871 983 3934 Antiochi
996 3872 1122 3935 familiae
1133 3895 1194 3961 per

130 3964 338 4053 adoptionem
356 3970 513 4050 insertus,
533 3971 656 4051 dejecto
672 3972 855 4052 Demetrio,
875 3972 998 4059 Syriam
1022 3972 1084 4036 sibi
1098 3975 1191 4059 quasi

128 4065 200 4142 jure
216 4068 397 4132 vindicaret.

165 4277 180 4340 S
194 4280 283 4327 xttx.
297 4283 404 4346 Appian.
417 4284 521 4329 -Vell
536 4311 570 4319 -
583 4283 599 4348 S
613 4287 639 4332 L.
653 4284 755 4348 Jotoph.
773 4287 847 4344 xm,
865 4302 905 4346 ¹7·
923 4312 957 4320 -
971 4286 1079 4350 Appian.
1097 4287 1192 4351 Syriae.

131 4387 166 4396 -
183 4363 272 4410 lustin.
289 4368 419 4424 XXXIX,
439 4384 479 4413 11.
502 4394 535 4403 -
556 4367 659 4417 Diodor.
673 4369 739 4433 apud
750 4369 832 4417 Viles,
849 4395 883 4405 -
903 4367 975 4432 §tt
992 4370 1113 4434 Porphyr.
1125 4371 1193 4435 apud

131 4437 220 4491 Euseb.
230 4463 254 4508 p.
265 4464 324 4508 ²27·
338 4477 371 4485 -
385 4451 487 4513 loseph.
504 4479 537 4486 -
551 4454 638 4499 Zonar.
650 4479 684 4489 -
695 4452 785 4500 susan.
