2594 4980
313 742 364 809 ut
396 743 508 810 noc.
534 744 626 812 ma.
652 745 778 812 mov
809 699 1029 813 matam.
1129 741 1204 840 459

136 885 207 925 cere
224 863 399 950 potuisset,
416 862 581 926 neminem
594 864 659 943 jam
672 868 856 929 Romanum
871 888 951 928 auro
968 866 1204 955 inexpugnabi-

135 963 200 1026 lem
220 986 288 1027 csse
312 980 401 1045 rato,
428 981 601 1052 postquam
619 967 671 1030 ille
690 967 794 1030 victus
810 982 911 1047 esset,
928 966 1021 1047 cujus
1039 982 1110 1030 tum
1128 990 1207 1056 prm

136 1065 291 1128 batissimi
308 1088 415 1128 mores
430 1066 643 1131 habebantur.

181 1168 285 1231 XXII.
309 1168 412 1256 Igitur
432 1169 489 1255 qui
512 1186 606 1233 autea
627 1192 688 1257 pro
712 1192 831 1259 magno
856 1168 1016 1232 ducturus
1039 1168 1160 1249 luerat,
1178 1169 1206 1231 si

136 1272 365 1335 tantummodo
375 1287 504 1358 tempus
517 1271 676 1337 redimere
685 1271 859 1359 potuisset,
870 1293 938 1358 quo
950 1271 1080 1334 interim
1092 1271 1207 1333 Romae

139 1371 238 1458 gratia
262 1387 318 1434 aut
343 1373 448 1459 pretio
472 1396 522 1437 res
538 1397 612 1437 suas
633 1373 801 1437 meliorem
825 1375 859 1437 in
878 1373 985 1437 locum
1010 1387 1208 1460 reponeret;

137 1496 245 1553 nunc,
264 1475 339 1561 quia
358 1476 497 1538 Scaurus
513 1476 547 1538 in
566 1475 710 1564 partibus
726 1492 827 1556 esset,
842 1476 979 1539 maxima
996 1476 1082 1563 pacis
1099 1475 1205 1561 impe·

140 1575 260 1637 trandae
275 1600 331 1664 spe
349 1595 522 1666 concepta,
542 1579 669 1641 consuli
692 1576 941 1665 significandum
962 1592 1071 1657 curat,
1085 1577 1113 1639 si
1132 1592 1207 1640 tuto

138 1678 248 1740 venire
263 1679 295 1740 in
315 1696 416 1743 castra
439 1696 564 1768 posset,
579 1703 688 1744 coram
711 1681 752 1744 de
776 1679 1020 1744 conditionibus
1044 1695 1203 1742 acturum.

137 1780 185 1841 Ita
198 1781 367 1843 mittitura
382 1783 515 1845 consule
525 1782 651 1845 Sextius
665 1782 854 1870 quaestoria
868 1781 1027 1870 oppidum
1037 1780 1206 1870 Iugurthoe

137 1880 292 1962 Vaccam,
313 1884 419 1970 specie
438 1884 594 1946 frumenti
617 1882 813 1971 accipiendi,
835 1882 926 1970 quod
944 1883 1049 1970 palam
1066 1882 1208 1969 impera-

140 1997 209 2044 tum
223 1984 318 2072 regiis
341 1986 452 2072 legatis
468 1971 591 2066 luerat,
609 2008 736 2066 revera,
756 2000 793 2048 ut
806 2007 866 2072 pro
883 2007 1021 2071 corpore
1039 1982 1229 2072 Iugurthae·

140 2084 234 2146 obses
249 2102 343 2149 esset.

183 2187 306 2250 XXIII.
331 2189 418 2269 Rex,
437 2190 468 2251 in
483 2189 619 2253 consilio
637 2211 740 2277 pauca
763 2188 804 2252 de
821 2188 920 2251 rebus
942 2187 1009 2250 suis
1031 2187 1209 2273 loquutus,

142 2307 175 2347 se
196 2308 319 2373 suaque
336 2288 369 2349 in
394 2287 491 2353 fidem
512 2290 623 2377 populi
645 2290 773 2353 romani
790 2288 909 2353 dedere
931 2303 1080 2376 paratum
1095 2286 1212 2378 fingit:

140 2402 251 2450 caetera
270 2410 345 2450 cum
364 2388 484 2454 Scauro
504 2407 536 2453 et
553 2391 658 2454 Bestia
673 2406 798 2455 secreto
817 2391 1059 2479 transiguntur:
1077 2388 1208 2479 poste'ro

142 2486 193 2550 die
211 2491 302 2575 quasi
318 2513 375 2577 per
388 2507 529 2554 saturant
547 2492 715 2555 sententiis
729 2491 914 2579 exquisitis,
929 2513 985 2555 rex
996 2514 1057 2580 pro
1072 2490 1209 2555 consili0

142 2590 174 2650 in
202 2588 400 2655 deditionem
421 2593 596 2679 accipitur:
616 2591 779 2679 elephanti
795 2591 949 2679 triginta,
973 2613 1094 2677 pecus,
1114 2606 1212 2678 atque

141 2692 216 2774 equi
237 2692 350 2769 multi,
369 2715 445 2755 cum
466 2715 565 2778 parato
591 2693 714 2780 argenti
735 2690 899 2779 pondere,
917 2691 965 2753 uti
984 2707 1051 2754 erat
1071 2692 1210 2779 impera-

144 2805 229 2870 tum,
243 2793 395 2876 quaestori
407 2791 597 2855 traduntur:
611 2790 752 2879 denique
764 2791 889 2870 injussu
903 2791 1017 2879 populi
1032 2807 1064 2854 et
1077 2806 1208 2855 senatus

141 2913 201 2977 pax
215 2891 364 2955 Numidae
378 2891 540 2980 pudendis
551 2892 677 2955 nomini
692 2914 829 2955 romano
843 2889 1087 2955 conditionibus
1102 2889 1208 2956 dama.

142 2993 199 3055 His
211 2994 254 3055 ita
269 2993 467 3074 constitutis,
484 2995 519 3057 L.
537 2993 731 3081 Calpurnius
751 2993 793 3057 ad
812 2992 943 3056 comitia
960 2993 1133 3056 consulum
1149 2992 1208 3057 ha·

140 3093 246 3158 benda
270 3097 406 3159 Romam
429 3093 662 3183 proficiscitur3
684 3092 759 3183 quia
783 3095 819 3159 P.
842 3095 956 3159 Nasica
982 3095 1096 3157 consul
1120 3093 1208 3159 diem

143 3220 238 3260 suum
253 3197 394 3278 obierat,
409 3199 459 3261 vir
474 3220 533 3286 per
554 3196 663 3260 omnia
685 3197 789 3286 pravis
809 3196 938 3285 collega>
953 3195 1100 3259 moribus
1117 3194 1211 3260 dissi·

143 3299 243 3378 milis,
257 3314 324 3362 tota
338 3300 401 3362 vita
419 3297 531 3362 firmus
547 3314 660 3362 contra
673 3298 860 3387 largitiones
875 3319 1067 3378 munerum,
1084 3298 1211 3385 sapien-

141 3400 256 3484 tiaeque
273 3399 419 3481 deditus,
437 3423 534 3489 quam
556 3422 623 3463 non
644 3399 851 3464 sermonibus
875 3415 1019 3479 tantum,
1035 3398 1093 3462 sed
1108 3399 1210 3491 magis

141 3500 205 3562 vita
228 3502 445 3587 exprimebat3
472 3501 512 3567 de
533 3520 649 3566 caetero
673 3525 739 3564 non
768 3500 984 3582 infacundus,
1003 3500 1133 3582 hilarIs,
1152 3522 1208 3565 co-

142 3601 223 3679 mis,
246 3616 402 3668 ettamen
421 3606 621 3669 auctoritatis
647 3627 713 3668 suae
742 3604 906 3684 retinens,
928 3603 1065 3666 omnino
1090 3601 1209 3693 dignus

140 3724 279 3788 proavo,
291 3705 348 3790 qui
361 3705 410 3768 vir
428 3705 571 3794 optimus
590 3703 754 3785 judicatus
775 3706 897 3783 fuerat,
914 3719 947 3766 et
967 3719 1056 3791 patre
1073 3703 1208 3786 Nasica,

140 3801 305 3890 domoque
318 3805 484 3885 Cornelia,
496 3829 568 3893 quae
580 3827 786 3870 summorum
800 3805 946 3867 virorum
960 3805 1062 3884 ferax,
1076 3820 1110 3868 et
1120 3805 1207 3892 pacis
1235 3844 1240 3861 .-

140 3920 329 3966 ornamenta
349 3904 451 3968 multa
471 3906 563 3985 tulit,
581 3921 613 3968 et
635 3928 675 3968 ex
701 3905 805 3967 tribus
829 3904 916 3967 orbis
940 3905 1086 3993 partibus
1108 3904 1208 3992 partis
1223 3918 1240 3965 “.

140 4005 257 4068 virtute
273 4005 384 4070 bellica
401 4008 628 4094 cognomentis
645 4007 801 4070 illustrata
816 4021 874 4070 est.

174 4254 189 4318 5
203 4257 273 4304 xx1.
289 4255 354 4302 Flor.
370 4257 421 4313 111,
440 4270 462 4301 1.
477 4280 512 4290 -·
526 4255 623 4303 Sallust.
695 4254 712 4319 S
728 4256 824 4304 xxur.
839 4255 893 4303 Liv.
910 4256 976 4318 Eplt.
991 4281 1026 4291 -
1043 4255 1115 4302 Oros.
1122 4255 1155 4315 V,
1167 4257 1207 4305 15.

139 4365 171 4374 -
187 4339 290 4403 Eutrop.
306 4365 341 4375 -
358 4338 454 4386 Sallust.
468 4337 585 4400 Jugurtla.
599 4356 652 4402 cap.
672 4338 712 4386 30.
732 4366 768 4377 ·-
789 4340 843 4388 Cic.
858 4339 884 4385 iu
895 4339 987 4396 Bruto,
1005 4353 1058 4402 cap.
1073 4340 1120 4399 St,
1137 4350 1164 4388 et
1177 4339 1208 4388 de

139 4419 211 4469 Ollio.
222 4426 245 4480 1,
259 4423 299 4469 30.
313 4449 348 4459 -
360 4421 466 4471 Diodor.
474 4421 541 4486 apud
551 4423 631 4471 Valet.
646 4448 681 4459 -·
694 4424 744 4471 Jul.
755 4422 849 4486 Obseq.
864 4450 897 4459 -
911 4424 964 4469 Liv.
975 4424 1077 4481 xxix,
1090 4430 1120 4480 tl
1131 4435 1155 4472 et
1165 4425 1209 4484 37,

139 4531 173 4541 —
183 4506 236 4552 Val.
247 4509 315 4555 Max.
327 4511 350 4563 1,
360 4509 386 4555 8.
401 4535 437 4546 -
452 4507 554 4555 Hieron.
567 4506 682 4556 adversus
695 4506 780 4558 Josia.
789 4507 834 4557 lib.
845 4512 865 4556 l.
882 4532 917 4545 -·
933 4507 1134 4559 Suetou.'l‘ss1..c.
1147 4523 1174 4567 a,
