2594 4980
255 708 311 776 IN
340 708 456 776 LOC.
483 708 577 776 LIB.
605 708 733 776 XLIX
762 711 976 782 LIVIANI.
1107 739 1152 814 77

116 828 186 880 velut
205 846 300 880 semen
317 827 392 899 regie
411 827 498 899 stirpis
518 840 630 881 exstaret
647 828 765 881 :Perseo
783 827 939 895 demortuo,
957 832 1106 906 Adramytti
1124 855 1153 889 se

117 912 259 966 educatum
279 931 365 984 usque
386 911 421 965 ad
441 911 629 966 duodecimum
652 931 754 965 annum
774 913 872 981 aetatis,
894 929 992 986 patrem
1014 937 1075 971 eum
1095 939 1153 973 esse

117 998 318 1061 credentem,a
339 1015 393 1069 qno
414 996 589 1060 educaretur,
609 996 730 1069 ignarum
751 999 855 1069 generis
876 1000 956 1052 tuisse
975 1002 1034 1054 sui:
1051 1003 1150 1057 affecto

117 1080 210 1136 deiude
220 1101 271 1144 eo,
281 1099 365 1152 quum
375 1099 457 1152 prope
468 1079 503 1133 ad
514 1082 573 1134 vitre
584 1081 663 1133 finem
675 1081 798 1134 ultimum
810 1095 892 1145 esset,
904 1082 1034 1138 detectam
1044 1086 1151 1140 tandem

119 1165 163 1218 sibi
173 1165 306 1236 originem
319 1182 410 1227 suam,
422 1165 546 1236 fabaeque
556 1165 634 1218 matri
644 1166 767 1218 libellum
780 1164 887 1230 datum,
899 1168 976 1239 signo
985 1169 1072 1222 Persei
1083 1171 1153 1242 regis

121 1251 267 1321 signatum,
289 1269 370 1321 quem
387 1249 436 1302 sihi
454 1250 570 1303 traderet
579 1289 587 1314 ,
607 1270 688 1322 quunr
707 1250 741 1303 ad
758 1252 885 1323 puberem
901 1263 1004 1306 aetatem
1020 1255 1152 1321 venisset3

122 1335 358 1406 obtestationesque
367 1334 474 1387 ultimas
483 1333 617 1407 adjectas,
629 1345 658 1386 ut
668 1354 710 1388 res
720 1335 747 1386 in
757 1337 862 1389 occulto
873 1335 942 1388 adid
954 1349 1057 1408 tempus
1068 1356 1153 1391 serra·

124 1432 206 1473 retur:
217 1420 375 1492 pubescenti
386 1419 506 1472 libellum
515 1417 643 1471 traditum
654 1437 661 1482 ς
674 1420 700 1471 iu
713 1438 767 1492 quo
778 1420 863 1473 relicti
876 1421 926 1472 sihi
939 1419 994 1474 duo
1007 1421 1124 1475 thesauri
1137 1443 1153 1477 a

126 1518 190 1575 patre
207 1504 378 1557 dicerentur:
393 1517 450 1556 tum
465 1503 590 1556 scientem
609 1503 747 1556 mulierem
768 1504 904 1558 subditum
924 1525 953 1558 se
971 1525 1044 1570 esse,
1062 1526 1152 1560 veram

128 1587 223 1659 stirpem
237 1588 373 1659 ignoranti
384 1586 497 1640 edidisse
509 1605 612 1658 genum
640 1598 719 1660 atque
733 1589 904 1650 obtestatum,
921 1602 950 1642 ut
965 1588 1057 1662 prius,
1071 1609 1153 1661 quam

130 1683 235 1723 manaret
254 1670 289 1724 ad
306 1671 452 1723 Eumenem
469 1688 526 1734 res,
543 1671 638 1723 Perseo
651 1671 802 1734 inimicum,
820 1672 957 1726 excederet
973 1674 1005 1726 iis
1021 1674 1103 1737 locis,
1118 1691 1152 1728 ue

130 1755 328 1807 interficeretur:
341 1754 589 1817 eoseexterritnm‚
604 1756 683 1808 simul
698 1768 849 1829 sperantem
867 1757 973 1829 aliquod
989 1777 1004 1811 a
1018 1759 1152 1813 Demetrio
1254 1805 1257 1813 ,

131 1840 265 1903 auxilium,
286 1840 314 1890 in
334 1839 437 1910 Syriam
457 1858 485 1891 se
499 1838 659 1904 contulisse;
680 1853 762 1912 atque
782 1841 820 1893 ihi
838 1842 972 1911 primum,
984 1841 1045 1913 quis
1066 1855 1151 1908 esset,

132 1923 204 1992 palam
214 1941 368 1994 expromere
381 1941 486 1976 ausum.

111 2069 338 2170 LTaarrurr
370 2104 626 2192 carthaginiense
659 2104 801 2187 bellum,
824 2107 909 2170 siout
939 2106 1152 2174 diuturnitate

112 2207 254 2293 temporis,
272 2223 305 2269 et
324 2204 550 2294 magnitudine
572 2205 757 2293 praeliorum
785 2207 949 2292 prioribus
967 2208 1087 2296 impar,
1107 2211 1152 2273 ita

112 2303 184 2394 longe
205 2306 384 2371 maximum
400 2321 538 2388 eventu,
556 2306 861 2393 nobilissimumque
883 2308 956 2372 luit.
981 2310 1150 2396 Siquidem

114 2403 162 2470 hoe
170 2410 311 2495 quintum
324 2409 407 2472 intra
423 2430 548 2471 annum
558 2425 664 2495 coepto
677 2407 845 2496 finitoque,
860 2433 926 2473 non
942 2412 1041 2476 modo
1052 2413 1153 2501 gloria

116 2508 249 2600 roburque
260 2511 370 2599 punici
381 2510 522 2598 imperii,
534 2508 590 2573 sed
604 2511 672 2597 ipsa
685 2533 817 2598 quoque
829 2510 921 2575 sedes
935 2513 1070 2577 civitatis
1082 2515 1154 2577 lun·

117 2604 181 2673 ditus
198 2614 296 2677 excisa
315 2629 373 2677 est.
390 2614 469 2676 Post
493 2611 606 2675 malam
630 2610 782 2675 adversus
806 2612 966 2676 Numidas
988 2636 1151 2703 pugnam,

119 2705 281 2806 brudnagis
289 2715 497 2803 presentium
508 2712 614 2795 taedio,
626 2736 722 2799 quam
733 2716 971 2801 exspectatione
982 2717 1086 2780 futuri
1095 2717 1155 2781 sol·

120 2803 386 2902 licita‚consiliique
402 2814 524 2877 incerta
534 2815 705 2901 Carthago,
717 2814 862 2893 jamtum
875 2816 1075 2881 imminentis
1089 2818 1155 2880 exi·

121 2905 145 2969 tii
158 2934 269 2980 sensum
289 2915 513 3004 desperatione
532 2931 564 2979 et
579 2916 671 2978 luctu
692 2916 917 3002 praesumebat.
942 2919 1011 2980 Rex
1028 2919 1153 2983 vicinus

121 3013 237 3079 ttrietor
252 3017 328 3105 ipsis
347 3016 436 3080 urbis
453 3016 600 3081 faucibus
617 3039 692 3080 cum
710 3015 820 3079 validis
832 3018 932 3105 copiis
949 3018 1109 3083 instabat:
1122 3036 1154 3083 et

121 3115 230 3192 gaviae
238 3118 346 3182 adhuc
355 3133 445 3181 metu
455 3133 584 3181 senatus
593 3117 897 3204 romaninunquam
905 3142 1017 3207 aequus
1025 3121 1153 3208 punicae

121 3214 329 3300 gotsuinus,
345 3235 378 3283 et
392 3220 596 3307 praesentium
612 3242 720 3281 rerum
736 3219 816 3282 lacie
831 3219 872 3283 ad
887 3219 1060 3285 vindictam
1075 3222 1153 3289 odio

122 3326 209 3401 ⁸P0que
224 3323 382 3402 irritatus,
400 3320 584 3384 timebatur.
603 3320 702 3406 Atqui
718 3342 783 3382 non
802 3321 862 3384 alia
875 3322 987 3387 Romae
1003 3324 1154 3409 consilia,

122 3427 190 3492 (Itan
202 3444 255 3508 pro
269 3423 455 3510 suspicione
468 3423 656 3501 Poenorum,
666 3421 881 3509 agitabantur.
899 3424 1152 3512 Quamprimum

123 3513 184 3580 enin
200 3523 234 3588 de
255 3526 354 3590 rebus
371 3524 517 3588 africanis
538 3522 686 3592 auditum
705 3523 826 3605 fuerat,
841 3541 971 3588 senatus
994 3525 1152 3609 decrevit,
1238 3538 1240 3542 “

122 3627 149 3674 ¹¹1
158 3638 200 3704 per
208 3629 387 3692 universam
401 3626 542 3705 ltaliam,
553 3647 624 3712 quas
638 3624 776 3711 quisque
790 3625 932 3711 populus
946 3627 1061 3689 auxilia
1072 3649 1152 3690 con·

123 3730 212 3788 ⁸¹¹taret
225 3730 368 3808 mittere,
383 3750 421 3790 ea
437 3727 470 3788 in
485 3742 597 3814 parato
610 3725 759 3806 haberet;
775 3748 841 3788 non
855 3725 983 3808 addito,
998 3751 1096 3815 quem
1111 3726 1152 3791 ad

123 3828 228 3892 unnim
240 3846 441 3918 pararentur.
456 3830 567 3914 ltaque
582 3827 874 3916 Carthaginienses,
890 3852 931 3893 ne
943 3845 1006 3892 tam
1020 3830 1152 3917 publico

124 3926 233 4014 consitio,
241 3956 339 4020 quam
351 3931 508 3995 instinctu
520 3952 700 4018 paucorum
713 3929 847 3993 bellasse
861 3929 1057 4012 viderentur,
1069 3933 1151 3995 Has·

123 4013 253 4097 dubitem
264 4033 394 4117 ducem,
408 4049 441 4096 et
452 4056 491 4096 ex
508 4030 744 4121 magistratibus
756 4030 980 4094 Carthalonem
990 4081 998 4111 ‚
1008 4032 1151 4119 aliosque

125 4134 278 4217 nonnullos,
295 4134 525 4224 perduellionis
542 4157 614 4198 reos
631 4132 763 4221 publico
777 4133 940 4221 praeconio
956 4135 1151 4220 pronuntia·

125 4237 365 4324 runtznissisque
380 4238 518 4300 Romam
537 4235 664 4325 legatis,
679 4234 712 4296 in
730 4234 790 4297 hos
812 4250 843 4297 et
861 4233 1060 4296 Masinissam
1082 4256 1153 4297 om·

126 4340 181 4389 ”em
193 4353 326 4402 totamm
342 4340 470 4426 culpam
483 4337 702 4415 conferentes,
716 4356 781 4397 non
796 4335 904 4396 minus
920 4331 959 4394 de
974 4334 1153 4397 temeritate

126 4441 356 4526 ennumquam
382 4440 423 4503 de
450 4438 574 4518 injuriis
599 4436 790 4513 Masinissae,
811 4432 1032 4523 querebantur
1049 4434 1153 4498 :hunc
