<?xml version="1.0" encoding="UTF-8"?>
<!DOCTYPE html PUBLIC "-//W3C//DTD XHTML 1.0 Transitional//EN"
    "http://www.w3.org/TR/xhtml1/DTD/xhtml1-transitional.dtd">
<html xmlns="http://www.w3.org/1999/xhtml" xml:lang="en" lang="en">
 <head>
  <title>
</title>
<meta http-equiv="Content-Type" content="text/html;charset=utf-8" />
  <meta name='ocr-system' content='tesseract 3.04.00' />
  <meta name='ocr-capabilities' content='ocr_page ocr_carea ocr_par ocr_line ocrx_word'/>
</head>
<body>
  <div class='ocr_page' id='page_1' title='image "./titusliviuspata00freigoog_0590.png"; bbox 0 0 2594 4980; ppageno 0'>
   <div class='ocr_carea' id='block_1_1' title="bbox 298 721 1195 803">
    <p class='ocr_par' dir='ltr' id='par_1_1' title="bbox 298 721 1195 803">
     <span class='ocr_line' id='line_1_1' title="bbox 298 721 1195 803; baseline 0.016 -15"><span class='ocrx_word' id='word_1_1' title='bbox 298 721 354 789; x_wconf 90' lang='lat' dir='ltr'>IN</span> <span class='ocrx_word' id='word_1_2' title='bbox 388 721 503 789; x_wconf 88' lang='lat' dir='ltr'>LOC.</span> <span class='ocrx_word' id='word_1_3' title='bbox 530 722 624 790; x_wconf 91' lang='lat' dir='ltr'>LIB.</span> <span class='ocrx_word' id='word_1_4' title='bbox 652 724 762 790; x_wconf 87' lang='lat' dir='ltr'>LXX</span> <span class='ocrx_word' id='word_1_5' title='bbox 794 725 1023 793; x_wconf 84' lang='lat' dir='ltr'>LIVIANI.</span> <span class='ocrx_word' id='word_1_6' title='bbox 1121 727 1195 803; x_wconf 79' lang='lat'>603</span> 
     </span>
    </p>
   </div>
   <div class='ocr_carea' id='block_1_2' title="bbox 96 834 1290 4176">
    <p class='ocr_par' dir='ltr' id='par_1_2' title="bbox 96 834 1290 2359">
     <span class='ocr_line' id='line_1_2' title="bbox 96 834 1234 937; baseline 0.011 -32"><span class='ocrx_word' id='word_1_7' title='bbox 96 834 105 853; x_wconf 81' lang='lat'>&#39;</span> <span class='ocrx_word' id='word_1_8' title='bbox 127 841 201 905; x_wconf 87' lang='lat' dir='ltr'>dam</span> <span class='ocrx_word' id='word_1_9' title='bbox 215 842 306 929; x_wconf 85' lang='lat' dir='ltr'><strong>quasi</strong></span> <span class='ocrx_word' id='word_1_10' title='bbox 320 841 473 906; x_wconf 90' lang='lat' dir='ltr'>societate</span> <span class='ocrx_word' id='word_1_11' title='bbox 485 864 560 905; x_wconf 88' lang='lat' dir='ltr'>cum</span> <span class='ocrx_word' id='word_1_12' title='bbox 576 843 677 906; x_wconf 87' lang='lat' dir='ltr'>avaris</span> <span class='ocrx_word' id='word_1_13' title='bbox 691 861 724 907; x_wconf 93' lang='lat' dir='ltr'>et</span> <span class='ocrx_word' id='word_1_14' title='bbox 732 844 882 909; x_wconf 88' lang='lat' dir='ltr'>violentis</span> <span class='ocrx_word' id='word_1_15' title='bbox 898 846 1087 913; x_wconf 84' lang='lat' dir='ltr'>hominibus</span> <span class='ocrx_word' id='word_1_16' title='bbox 1102 852 1196 937; x_wconf 88' lang='lat' dir='ltr'>inita,</span> <span class='ocrx_word' id='word_1_17' title='bbox 1230 880 1234 885; x_wconf 95' lang='lat'>·</span> 
     </span>
     <span class='ocr_line' id='line_1_3' title="bbox 126 942 1196 1033; baseline 0.01 -27"><span class='ocrx_word' id='word_1_18' title='bbox 126 944 201 1006; x_wconf 86' lang='lat' dir='ltr'>ferri</span> <span class='ocrx_word' id='word_1_19' title='bbox 216 943 332 1033; x_wconf 78' lang='lat' dir='ltr'>agique</span> <span class='ocrx_word' id='word_1_20' title='bbox 346 944 456 1005; x_wconf 91' lang='lat' dir='ltr'>omnia</span> <span class='ocrx_word' id='word_1_21' title='bbox 470 964 509 1006; x_wconf 81' lang='lat' dir='ltr'>ex</span> <span class='ocrx_word' id='word_1_22' title='bbox 525 942 655 1007; x_wconf 90' lang='lat' dir='ltr'>illorum</span> <span class='ocrx_word' id='word_1_23' title='bbox 670 944 826 1008; x_wconf 89' lang='lat' dir='ltr'>arbitratu</span> <span class='ocrx_word' id='word_1_24' title='bbox 843 945 992 1010; x_wconf 78' lang='lat' dir='ltr'>sinebant</span> <span class='ocrx_word' id='word_1_25' title='bbox 1007 971 1014 1012; x_wconf 93' lang='lat'>:</span> <span class='ocrx_word' id='word_1_26' title='bbox 1030 949 1196 1017; x_wconf 85' lang='lat' dir='ltr'>interdum</span> 
     </span>
     <span class='ocr_line' id='line_1_4' title="bbox 126 1045 1195 1136; baseline 0.007 -28"><span class='ocrx_word' id='word_1_27' title='bbox 126 1062 158 1108; x_wconf 89' lang='lat' dir='ltr'>et</span> <span class='ocrx_word' id='word_1_28' title='bbox 174 1046 234 1133; x_wconf 92' lang='lat' dir='ltr'>ipsi</span> <span class='ocrx_word' id='word_1_29' title='bbox 253 1068 312 1133; x_wconf 91' lang='lat' dir='ltr'>pro</span> <span class='ocrx_word' id='word_1_30' title='bbox 330 1068 364 1109; x_wconf 87' lang='lat' dir='ltr'>se</span> <span class='ocrx_word' id='word_1_31' title='bbox 382 1045 567 1132; x_wconf 72' lang='lat' dir='ltr'>rapiebant,</span> <span class='ocrx_word' id='word_1_32' title='bbox 590 1046 793 1134; x_wconf 74' lang='lat' dir='ltr'>spoliabant,</span> <span class='ocrx_word' id='word_1_33' title='bbox 814 1047 896 1110; x_wconf 86' lang='lat' dir='ltr'>nihil</span> <span class='ocrx_word' id='word_1_34' title='bbox 914 1070 932 1110; x_wconf 90' lang='lat' dir='ltr'>a</span> <span class='ocrx_word' id='word_1_35' title='bbox 950 1049 1125 1136; x_wconf 89' lang='lat' dir='ltr'>cupiditate</span> <span class='ocrx_word' id='word_1_36' title='bbox 1143 1054 1195 1117; x_wconf 89' lang='lat' dir='ltr'>in-</span> 
     </span>
     <span class='ocr_line' id='line_1_5' title="bbox 125 1146 1196 1236; baseline 0.01 -26"><span class='ocrx_word' id='word_1_37' title='bbox 125 1163 264 1228; x_wconf 88' lang='lat' dir='ltr'>tactum,</span> <span class='ocrx_word' id='word_1_38' title='bbox 281 1147 362 1209; x_wconf 89' lang='lat' dir='ltr'>nibil</span> <span class='ocrx_word' id='word_1_39' title='bbox 381 1170 399 1209; x_wconf 93' lang='lat' dir='ltr'>a</span> <span class='ocrx_word' id='word_1_40' title='bbox 415 1146 550 1210; x_wconf 87' lang='lat' dir='ltr'>libidine</span> <span class='ocrx_word' id='word_1_41' title='bbox 566 1170 687 1235; x_wconf 90' lang='lat' dir='ltr'>purum</span> <span class='ocrx_word' id='word_1_42' title='bbox 706 1149 923 1236; x_wconf 88' lang='lat' dir='ltr'>patiebantur.</span> <span class='ocrx_word' id='word_1_43' title='bbox 942 1152 982 1213; x_wconf 85' lang='lat' dir='ltr'>At</span> <span class='ocrx_word' id='word_1_44' title='bbox 1000 1153 1041 1233; x_wconf 88' lang='lat' dir='ltr'>Q.</span> <span class='ocrx_word' id='word_1_45' title='bbox 1056 1153 1196 1221; x_wconf 79' lang='lat' dir='ltr'>Scaerola</span> 
     </span>
     <span class='ocr_line' id='line_1_6' title="bbox 126 1248 1196 1341; baseline 0.01 -31"><span class='ocrx_word' id='word_1_46' title='bbox 126 1270 159 1310; x_wconf 91' lang='lat' dir='ltr'>se</span> <span class='ocrx_word' id='word_1_47' title='bbox 176 1270 318 1335; x_wconf 90' lang='lat' dir='ltr'>suosque</span> <span class='ocrx_word' id='word_1_48' title='bbox 334 1248 545 1329; x_wconf 79' lang='lat' dir='ltr'>abstinentia,</span> <span class='ocrx_word' id='word_1_49' title='bbox 560 1264 691 1313; x_wconf 81' lang='lat' dir='ltr'>caeteros</span> <span class='ocrx_word' id='word_1_50' title='bbox 702 1250 775 1328; x_wconf 88' lang='lat' dir='ltr'>jure</span> <span class='ocrx_word' id='word_1_51' title='bbox 789 1250 961 1341; x_wconf 85' lang='lat' dir='ltr'>diligenter</span> <span class='ocrx_word' id='word_1_52' title='bbox 976 1270 1008 1316; x_wconf 89' lang='lat' dir='ltr'>et</span> <span class='ocrx_word' id='word_1_53' title='bbox 1023 1271 1133 1318; x_wconf 88' lang='lat' dir='ltr'>sancte</span> <span class='ocrx_word' id='word_1_54' title='bbox 1147 1257 1196 1321; x_wconf 88' lang='lat' dir='ltr'>di-</span> 
     </span>
     <span class='ocr_line' id='line_1_7' title="bbox 124 1349 1193 1441; baseline 0.01 -30"><span class='ocrx_word' id='word_1_55' title='bbox 124 1349 252 1431; x_wconf 90' lang='lat' dir='ltr'>cundo,</span> <span class='ocrx_word' id='word_1_56' title='bbox 272 1351 378 1437; x_wconf 88' lang='lat' dir='ltr'>etqui</span> <span class='ocrx_word' id='word_1_57' title='bbox 401 1373 514 1413; x_wconf 89' lang='lat' dir='ltr'>eorum</span> <span class='ocrx_word' id='word_1_58' title='bbox 533 1350 726 1415; x_wconf 85' lang='lat' dir='ltr'>insanabiles</span> <span class='ocrx_word' id='word_1_59' title='bbox 746 1369 870 1433; x_wconf 75' lang='lat' dir='ltr'>essent,</span> <span class='ocrx_word' id='word_1_60' title='bbox 890 1355 994 1441; x_wconf 85' lang='lat' dir='ltr'>poenis</span> <span class='ocrx_word' id='word_1_61' title='bbox 1014 1355 1193 1422; x_wconf 84' lang='lat' dir='ltr'>coercebat.</span> 
     </span>
     <span class='ocr_line' id='line_1_8' title="bbox 124 1452 1195 1544; baseline 0.007 -32"><span class='ocrx_word' id='word_1_62' title='bbox 124 1452 280 1515; x_wconf 87' lang='lat' dir='ltr'>Asiaticos</span> <span class='ocrx_word' id='word_1_63' title='bbox 299 1454 365 1515; x_wconf 91' lang='lat' dir='ltr'>suis</span> <span class='ocrx_word' id='word_1_64' title='bbox 385 1453 510 1542; x_wconf 85' lang='lat' dir='ltr'>legibus</span> <span class='ocrx_word' id='word_1_65' title='bbox 529 1453 614 1516; x_wconf 91' lang='lat' dir='ltr'>inter</span> <span class='ocrx_word' id='word_1_66' title='bbox 640 1476 673 1517; x_wconf 91' lang='lat' dir='ltr'>se</span> <span class='ocrx_word' id='word_1_67' title='bbox 698 1453 879 1541; x_wconf 87' lang='lat' dir='ltr'>disceptare</span> <span class='ocrx_word' id='word_1_68' title='bbox 899 1454 1055 1534; x_wconf 85' lang='lat' dir='ltr'>jubebat:</span> <span class='ocrx_word' id='word_1_69' title='bbox 1070 1457 1195 1544; x_wconf 91' lang='lat' dir='ltr'>pactio·</span> 
     </span>
     <span class='ocr_line' id='line_1_9' title="bbox 125 1553 1193 1645; baseline 0.004 -29"><span class='ocrx_word' id='word_1_70' title='bbox 125 1575 181 1616; x_wconf 90' lang='lat' dir='ltr'>nes</span> <span class='ocrx_word' id='word_1_71' title='bbox 210 1553 461 1641; x_wconf 86' lang='lat' dir='ltr'>publicanorum</span> <span class='ocrx_word' id='word_1_72' title='bbox 488 1555 655 1635; x_wconf 87' lang='lat' dir='ltr'>servabat;</span> <span class='ocrx_word' id='word_1_73' title='bbox 678 1571 768 1618; x_wconf 85' lang='lat' dir='ltr'>extra</span> <span class='ocrx_word' id='word_1_74' title='bbox 788 1576 886 1642; x_wconf 90' lang='lat' dir='ltr'>quarn</span> <span class='ocrx_word' id='word_1_75' title='bbox 908 1554 935 1619; x_wconf 91' lang='lat' dir='ltr'>si</span> <span class='ocrx_word' id='word_1_76' title='bbox 956 1556 1000 1619; x_wconf 88' lang='lat' dir='ltr'>ita</span> <span class='ocrx_word' id='word_1_77' title='bbox 1022 1556 1193 1645; x_wconf 82' lang='lat' dir='ltr'>negotium</span> 
     </span>
     <span class='ocr_line' id='line_1_10' title="bbox 123 1658 1195 1748; baseline 0.006 -29"><span class='ocrx_word' id='word_1_78' title='bbox 123 1673 250 1744; x_wconf 84' lang='lat' dir='ltr'>gestum</span> <span class='ocrx_word' id='word_1_79' title='bbox 272 1674 372 1741; x_wconf 91' lang='lat' dir='ltr'>esset,</span> <span class='ocrx_word' id='word_1_80' title='bbox 390 1675 427 1722; x_wconf 93' lang='lat' dir='ltr'>ut</span> <span class='ocrx_word' id='word_1_81' title='bbox 449 1682 489 1723; x_wconf 87' lang='lat' dir='ltr'>eo</span> <span class='ocrx_word' id='word_1_82' title='bbox 508 1661 584 1724; x_wconf 90' lang='lat' dir='ltr'>stari</span> <span class='ocrx_word' id='word_1_83' title='bbox 603 1683 670 1724; x_wconf 92' lang='lat' dir='ltr'>non</span> <span class='ocrx_word' id='word_1_84' title='bbox 693 1676 860 1748; x_wconf 86' lang='lat' dir='ltr'>oporteret</span> <span class='ocrx_word' id='word_1_85' title='bbox 879 1683 918 1724; x_wconf 84' lang='lat' dir='ltr'>ex</span> <span class='ocrx_word' id='word_1_86' title='bbox 941 1659 1004 1724; x_wconf 85' lang='lat' dir='ltr'>fide</span> <span class='ocrx_word' id='word_1_87' title='bbox 1024 1660 1131 1725; x_wconf 88' lang='lat' dir='ltr'>bona:</span> <span class='ocrx_word' id='word_1_88' title='bbox 1153 1658 1195 1725; x_wconf 81' lang='lat' dir='ltr'>da</span> 
     </span>
     <span class='ocr_line' id='line_1_11' title="bbox 122 1760 1195 1851; baseline 0.004 -30"><span class='ocrx_word' id='word_1_89' title='bbox 122 1760 241 1845; x_wconf 91' lang='lat' dir='ltr'>quibus</span> <span class='ocrx_word' id='word_1_90' title='bbox 261 1761 358 1825; x_wconf 89' lang='lat' dir='ltr'>rebus</span> <span class='ocrx_word' id='word_1_91' title='bbox 380 1763 412 1825; x_wconf 92' lang='lat' dir='ltr'>in</span> <span class='ocrx_word' id='word_1_92' title='bbox 427 1763 480 1841; x_wconf 88' lang='lat' dir='ltr'>jus</span> <span class='ocrx_word' id='word_1_93' title='bbox 504 1763 585 1825; x_wconf 92' lang='lat' dir='ltr'>itum</span> <span class='ocrx_word' id='word_1_94' title='bbox 607 1779 708 1843; x_wconf 86' lang='lat' dir='ltr'>esset,</span> <span class='ocrx_word' id='word_1_95' title='bbox 725 1761 832 1849; x_wconf 92' lang='lat' dir='ltr'>quod,</span> <span class='ocrx_word' id='word_1_96' title='bbox 849 1784 945 1825; x_wconf 83' lang='lat' dir='ltr'>causa</span> <span class='ocrx_word' id='word_1_97' title='bbox 962 1763 1107 1851; x_wconf 83' lang='lat' dir='ltr'>cognita,</span> <span class='ocrx_word' id='word_1_98' title='bbox 1125 1761 1195 1827; x_wconf 78' lang='lat' dir='ltr'>dati</span> 
     </span>
     <span class='ocr_line' id='line_1_12' title="bbox 118 1859 1194 1952; baseline 0.007 -30"><span class='ocrx_word' id='word_1_99' title='bbox 118 1859 243 1938; x_wconf 86' lang='lat' dir='ltr'>judiees</span> <span class='ocrx_word' id='word_1_100' title='bbox 262 1862 377 1948; x_wconf 84' lang='lat' dir='ltr'>(dabat</span> <span class='ocrx_word' id='word_1_101' title='bbox 390 1881 500 1926; x_wconf 90' lang='lat' dir='ltr'>autem</span> <span class='ocrx_word' id='word_1_102' title='bbox 516 1863 716 1952; x_wconf 80' lang='lat' dir='ltr'>inculpatos)</span> <span class='ocrx_word' id='word_1_103' title='bbox 733 1865 1015 1951; x_wconf 85' lang='lat' dir='ltr'>pronuntiassent,</span> <span class='ocrx_word' id='word_1_104' title='bbox 1035 1863 1104 1928; x_wconf 86' lang='lat' dir='ltr'>dari</span> <span class='ocrx_word' id='word_1_105' title='bbox 1123 1864 1194 1929; x_wconf 86' lang='lat' dir='ltr'>lieri</span> 
     </span>
     <span class='ocr_line' id='line_1_13' title="bbox 122 1965 1193 2055; baseline 0.006 -30"><span class='ocrx_word' id='word_1_106' title='bbox 122 1965 249 2028; x_wconf 84' lang='lat' dir='ltr'>exclusa</span> <span class='ocrx_word' id='word_1_107' title='bbox 261 1965 421 2028; x_wconf 88' lang='lat' dir='ltr'>calumnia</span> <span class='ocrx_word' id='word_1_108' title='bbox 433 1966 568 2055; x_wconf 69' lang='lat' dir='ltr'>cogebat</span> <span class='ocrx_word' id='word_1_109' title='bbox 580 1990 587 2031; x_wconf 91' lang='lat'>:</span> <span class='ocrx_word' id='word_1_110' title='bbox 598 1966 757 2030; x_wconf 88' lang='lat' dir='ltr'>atrociora</span> <span class='ocrx_word' id='word_1_111' title='bbox 767 1965 903 2028; x_wconf 89' lang='lat' dir='ltr'>crimina</span> <span class='ocrx_word' id='word_1_112' title='bbox 913 1966 1040 2053; x_wconf 88' lang='lat' dir='ltr'>capitali</span> <span class='ocrx_word' id='word_1_113' title='bbox 1050 1965 1193 2031; x_wconf 81' lang='lat' dir='ltr'>vindicta</span> 
     </span>
     <span class='ocr_line' id='line_1_14' title="bbox 121 2064 1193 2156; baseline 0.008 -32"><span class='ocrx_word' id='word_1_114' title='bbox 121 2064 361 2130; x_wconf 84' lang='lat' dir='ltr'>inexorabiliter</span> <span class='ocrx_word' id='word_1_115' title='bbox 371 2068 648 2155; x_wconf 75' lang='lat' dir='ltr'>prosequebatur,</span> <span class='ocrx_word' id='word_1_116' title='bbox 659 2084 698 2131; x_wconf 90' lang='lat' dir='ltr'>ut</span> <span class='ocrx_word' id='word_1_117' title='bbox 708 2069 805 2132; x_wconf 91' lang='lat' dir='ltr'>etiam</span> <span class='ocrx_word' id='word_1_118' title='bbox 816 2067 1079 2156; x_wconf 86' lang='lat' dir='ltr'>dispensatorum</span> <span class='ocrx_word' id='word_1_119' title='bbox 1091 2069 1193 2134; x_wconf 84' lang='lat' dir='ltr'>socie·</span> 
     </span>
     <span class='ocr_line' id='line_1_15' title="bbox 119 2167 1192 2258; baseline 0.006 -30"><span class='ocrx_word' id='word_1_120' title='bbox 119 2167 192 2229; x_wconf 87' lang='lat' dir='ltr'>tatis</span> <span class='ocrx_word' id='word_1_121' title='bbox 211 2168 302 2257; x_wconf 83' lang='lat' dir='ltr'>facile</span> <span class='ocrx_word' id='word_1_122' title='bbox 319 2169 515 2258; x_wconf 85' lang='lat' dir='ltr'>principem,</span> <span class='ocrx_word' id='word_1_123' title='bbox 533 2192 720 2258; x_wconf 87' lang='lat' dir='ltr'>quanquam</span> <span class='ocrx_word' id='word_1_124' title='bbox 736 2168 778 2233; x_wconf 88' lang='lat' dir='ltr'>dc</span> <span class='ocrx_word' id='word_1_125' title='bbox 794 2169 942 2233; x_wconf 88' lang='lat' dir='ltr'>libertate</span> <span class='ocrx_word' id='word_1_126' title='bbox 959 2192 1033 2234; x_wconf 90' lang='lat' dir='ltr'>cum</span> <span class='ocrx_word' id='word_1_127' title='bbox 1050 2168 1192 2234; x_wconf 76' lang='lat' dir='ltr'>dominis</span> 
     </span>
     <span class='ocr_line' id='line_1_16' title="bbox 118 2269 1290 2359; baseline 0.003 -29"><span class='ocrx_word' id='word_1_128' title='bbox 118 2284 266 2354; x_wconf 88' lang='lat' dir='ltr'>pactum,</span> <span class='ocrx_word' id='word_1_129' title='bbox 281 2272 535 2335; x_wconf 88' lang='lat' dir='ltr'>manumissione</span> <span class='ocrx_word' id='word_1_130' title='bbox 553 2295 621 2335; x_wconf 90' lang='lat' dir='ltr'>non</span> <span class='ocrx_word' id='word_1_131' title='bbox 636 2285 834 2359; x_wconf 82' lang='lat' dir='ltr'>exspectata,</span> <span class='ocrx_word' id='word_1_132' title='bbox 850 2271 884 2334; x_wconf 95' lang='lat' dir='ltr'>in</span> <span class='ocrx_word' id='word_1_133' title='bbox 898 2292 1027 2334; x_wconf 85' lang='lat' dir='ltr'>crucem</span> <span class='ocrx_word' id='word_1_134' title='bbox 1047 2269 1186 2335; x_wconf 88' lang='lat' dir='ltr'>tolleret.</span> <span class='ocrx_word' id='word_1_135' title='bbox 1286 2320 1290 2333; x_wconf 89' lang='lat'>.</span> 
     </span>
    </p>

    <p class='ocr_par' dir='ltr' id='par_1_3' title="bbox 114 2371 1190 3575">
     <span class='ocr_line' id='line_1_17' title="bbox 164 2371 1190 2463; baseline 0.004 -31"><span class='ocrx_word' id='word_1_136' title='bbox 164 2371 237 2434; x_wconf 84' lang='lat' dir='ltr'>Xll.</span> <span class='ocrx_word' id='word_1_137' title='bbox 263 2374 396 2436; x_wconf 89' lang='lat' dir='ltr'>lnterim</span> <span class='ocrx_word' id='word_1_138' title='bbox 414 2390 446 2438; x_wconf 90' lang='lat' dir='ltr'>et</span> <span class='ocrx_word' id='word_1_139' title='bbox 461 2372 643 2463; x_wconf 89' lang='lat' dir='ltr'>publicani,</span> <span class='ocrx_word' id='word_1_140' title='bbox 662 2372 847 2461; x_wconf 85' lang='lat' dir='ltr'>spectaculo</span> <span class='ocrx_word' id='word_1_141' title='bbox 865 2374 943 2460; x_wconf 92' lang='lat' dir='ltr'>ipsis</span> <span class='ocrx_word' id='word_1_142' title='bbox 959 2372 1094 2453; x_wconf 90' lang='lat' dir='ltr'>acerbo,</span> <span class='ocrx_word' id='word_1_143' title='bbox 1111 2394 1190 2460; x_wconf 87' lang='lat' dir='ltr'>pro·</span> 
     </span>
     <span class='ocr_line' id='line_1_18' title="bbox 118 2470 1190 2561; baseline 0.007 -31"><span class='ocrx_word' id='word_1_144' title='bbox 118 2470 308 2536; x_wconf 88' lang='lat' dir='ltr'>vincialibus</span> <span class='ocrx_word' id='word_1_145' title='bbox 330 2475 421 2557; x_wconf 79' lang='lat' dir='ltr'>loeto,</span> <span class='ocrx_word' id='word_1_146' title='bbox 440 2475 594 2539; x_wconf 90' lang='lat' dir='ltr'>omnibus</span> <span class='ocrx_word' id='word_1_147' title='bbox 616 2498 718 2555; x_wconf 86' lang='lat' dir='ltr'>novo,</span> <span class='ocrx_word' id='word_1_148' title='bbox 735 2474 776 2539; x_wconf 91' lang='lat' dir='ltr'>ab</span> <span class='ocrx_word' id='word_1_149' title='bbox 794 2474 849 2553; x_wconf 93' lang='lat' dir='ltr'>iis,</span> <span class='ocrx_word' id='word_1_150' title='bbox 866 2496 949 2561; x_wconf 87' lang='lat' dir='ltr'>quos</span> <span class='ocrx_word' id='word_1_151' title='bbox 969 2488 1064 2535; x_wconf 88' lang='lat' dir='ltr'>antea</span> <span class='ocrx_word' id='word_1_152' title='bbox 1083 2472 1190 2537; x_wconf 82' lang='lat' dir='ltr'>modis</span> 
     </span>
     <span class='ocr_line' id='line_1_19' title="bbox 118 2571 1189 2663; baseline 0.003 -30"><span class='ocrx_word' id='word_1_153' title='bbox 118 2574 272 2637; x_wconf 90' lang='lat' dir='ltr'>omnibus</span> <span class='ocrx_word' id='word_1_154' title='bbox 289 2576 424 2663; x_wconf 89' lang='lat' dir='ltr'>impune</span> <span class='ocrx_word' id='word_1_155' title='bbox 442 2592 652 2655; x_wconf 83' lang='lat' dir='ltr'>vexaverant,</span> <span class='ocrx_word' id='word_1_156' title='bbox 666 2575 875 2639; x_wconf 88' lang='lat' dir='ltr'>condemnati</span> <span class='ocrx_word' id='word_1_157' title='bbox 892 2575 926 2635; x_wconf 91' lang='lat' dir='ltr'>in</span> <span class='ocrx_word' id='word_1_158' title='bbox 943 2573 1071 2636; x_wconf 86' lang='lat' dir='ltr'>vincula</span> <span class='ocrx_word' id='word_1_159' title='bbox 1088 2571 1189 2636; x_wconf 82' lang='lat' dir='ltr'>duoe-</span> 
     </span>
     <span class='ocr_line' id='line_1_20' title="bbox 117 2672 1188 2764; baseline 0.004 -30"><span class='ocrx_word' id='word_1_160' title='bbox 117 2672 246 2738; x_wconf 89' lang='lat' dir='ltr'>bantur.</span> <span class='ocrx_word' id='word_1_161' title='bbox 261 2677 318 2738; x_wconf 85' lang='lat' dir='ltr'>His</span> <span class='ocrx_word' id='word_1_162' title='bbox 330 2678 428 2739; x_wconf 84' lang='lat' dir='ltr'>rebus</span> <span class='ocrx_word' id='word_1_163' title='bbox 440 2700 543 2764; x_wconf 90' lang='lat' dir='ltr'>quam</span> <span class='ocrx_word' id='word_1_164' title='bbox 557 2698 614 2763; x_wconf 88' lang='lat' dir='ltr'>per</span> <span class='ocrx_word' id='word_1_165' title='bbox 624 2698 751 2739; x_wconf 86' lang='lat' dir='ltr'>menses</span> <span class='ocrx_word' id='word_1_166' title='bbox 761 2676 862 2738; x_wconf 88' lang='lat' dir='ltr'>ferme</span> <span class='ocrx_word' id='word_1_167' title='bbox 876 2695 995 2737; x_wconf 79' lang='lat' dir='ltr'>norem</span> <span class='ocrx_word' id='word_1_168' title='bbox 1008 2674 1020 2760; x_wconf 89' lang='lat'>(</span> <span class='ocrx_word' id='word_1_169' title='bbox 1028 2696 1089 2737; x_wconf 91' lang='lat' dir='ltr'>nec</span> <span class='ocrx_word' id='word_1_170' title='bbox 1100 2675 1188 2738; x_wconf 89' lang='lat' dir='ltr'>enim</span> 
     </span>
     <span class='ocr_line' id='line_1_21' title="bbox 118 2771 1189 2864; baseline 0.006 -31"><span class='ocrx_word' id='word_1_171' title='bbox 118 2771 239 2836; x_wconf 88' lang='lat' dir='ltr'>diutius</span> <span class='ocrx_word' id='word_1_172' title='bbox 256 2777 288 2837; x_wconf 92' lang='lat' dir='ltr'>in</span> <span class='ocrx_word' id='word_1_173' title='bbox 305 2778 470 2864; x_wconf 87' lang='lat' dir='ltr'>provincia</span> <span class='ocrx_word' id='word_1_174' title='bbox 487 2777 566 2863; x_wconf 85' lang='lat' dir='ltr'>fuit)</span> <span class='ocrx_word' id='word_1_175' title='bbox 584 2775 778 2839; x_wconf 82' lang='lat' dir='ltr'>indefessam</span> <span class='ocrx_word' id='word_1_176' title='bbox 795 2798 926 2863; x_wconf 87' lang='lat' dir='ltr'>operam</span> <span class='ocrx_word' id='word_1_177' title='bbox 942 2774 1100 2857; x_wconf 88' lang='lat' dir='ltr'>dedisset,</span> <span class='ocrx_word' id='word_1_178' title='bbox 1117 2789 1189 2839; x_wconf 86' lang='lat' dir='ltr'>tan·</span> 
     </span>
     <span class='ocr_line' id='line_1_22' title="bbox 118 2874 1189 2964; baseline 0.008 -32"><span class='ocrx_word' id='word_1_179' title='bbox 118 2886 182 2934; x_wconf 89' lang='lat' dir='ltr'>tam</span> <span class='ocrx_word' id='word_1_180' title='bbox 205 2874 326 2962; x_wconf 90' lang='lat' dir='ltr'>ubique</span> <span class='ocrx_word' id='word_1_181' title='bbox 348 2877 616 2964; x_wconf 88' lang='lat' dir='ltr'>approbationem</span> <span class='ocrx_word' id='word_1_182' title='bbox 636 2877 837 2963; x_wconf 87' lang='lat' dir='ltr'>promeruit,</span> <span class='ocrx_word' id='word_1_183' title='bbox 854 2891 891 2939; x_wconf 89' lang='lat' dir='ltr'>ut</span> <span class='ocrx_word' id='word_1_184' title='bbox 912 2891 945 2938; x_wconf 89' lang='lat' dir='ltr'>et</span> <span class='ocrx_word' id='word_1_185' title='bbox 967 2876 999 2937; x_wconf 92' lang='lat' dir='ltr'>in</span> <span class='ocrx_word' id='word_1_186' title='bbox 1022 2876 1189 2963; x_wconf 85' lang='lat' dir='ltr'>provincia</span> 
     </span>
     <span class='ocr_line' id='line_1_23' title="bbox 116 2971 1188 3057; baseline 0.007 -22"><span class='ocrx_word' id='word_1_187' title='bbox 116 2971 248 3040; x_wconf 89' lang='lat' dir='ltr'>decreto</span> <span class='ocrx_word' id='word_1_188' title='bbox 265 2978 431 3041; x_wconf 84' lang='lat' dir='ltr'>civitatum</span> <span class='ocrx_word' id='word_1_189' title='bbox 453 2977 562 3042; x_wconf 88' lang='lat' dir='ltr'>Mucia</span> <span class='ocrx_word' id='word_1_190' title='bbox 583 2978 702 3041; x_wconf 84' lang='lat' dir='ltr'>festum</span> <span class='ocrx_word' id='word_1_191' title='bbox 723 2978 988 3057; x_wconf 89' lang='lat' dir='ltr'>instituerentur,</span> <span class='ocrx_word' id='word_1_192' title='bbox 1007 2993 1040 3040; x_wconf 91' lang='lat' dir='ltr'>et</span> <span class='ocrx_word' id='word_1_193' title='bbox 1057 2994 1188 3043; x_wconf 81' lang='lat' dir='ltr'>senatus</span> 
     </span>
     <span class='ocr_line' id='line_1_24' title="bbox 116 3073 1188 3169; baseline 0.007 -33"><span class='ocrx_word' id='word_1_194' title='bbox 116 3073 268 3167; x_wconf 91' lang='lat' dir='ltr'>deinceps</span> <span class='ocrx_word' id='word_1_195' title='bbox 284 3080 377 3144; x_wconf 85' lang='lat' dir='ltr'>ituris</span> <span class='ocrx_word' id='word_1_196' title='bbox 393 3080 426 3143; x_wconf 90' lang='lat' dir='ltr'>in</span> <span class='ocrx_word' id='word_1_197' title='bbox 446 3079 645 3168; x_wconf 84' lang='lat' dir='ltr'>provinciam</span> <span class='ocrx_word' id='word_1_198' title='bbox 664 3079 919 3169; x_wconf 83' lang='lat' dir='ltr'>magistratibus,</span> <span class='ocrx_word' id='word_1_199' title='bbox 937 3082 1123 3167; x_wconf 85' lang='lat' dir='ltr'>exemplum</span> <span class='ocrx_word' id='word_1_200' title='bbox 1141 3096 1188 3144; x_wconf 86' lang='lat' dir='ltr'>at·</span> 
     </span>
     <span class='ocr_line' id='line_1_25' title="bbox 115 3175 1187 3270; baseline 0.003 -29"><span class='ocrx_word' id='word_1_201' title='bbox 115 3199 180 3264; x_wconf 88' lang='lat' dir='ltr'>que</span> <span class='ocrx_word' id='word_1_202' title='bbox 195 3181 331 3246; x_wconf 89' lang='lat' dir='ltr'>formam</span> <span class='ocrx_word' id='word_1_203' title='bbox 351 3180 450 3247; x_wconf 81' lang='lat' dir='ltr'>officii</span> <span class='ocrx_word' id='word_1_204' title='bbox 472 3182 646 3246; x_wconf 81' lang='lat' dir='ltr'>Scaevolam</span> <span class='ocrx_word' id='word_1_205' title='bbox 662 3197 873 3270; x_wconf 91' lang='lat' dir='ltr'>proponeret.</span> <span class='ocrx_word' id='word_1_206' title='bbox 892 3181 988 3245; x_wconf 88' lang='lat' dir='ltr'>Haud</span> <span class='ocrx_word' id='word_1_207' title='bbox 1007 3180 1108 3245; x_wconf 90' lang='lat' dir='ltr'>dubie</span> <span class='ocrx_word' id='word_1_208' title='bbox 1123 3175 1187 3270; x_wconf 81' lang='lat' dir='ltr'>pu·</span> 
     </span>
     <span class='ocr_line' id='line_1_26' title="bbox 114 3278 1185 3371; baseline 0.004 -29"><span class='ocrx_word' id='word_1_209' title='bbox 114 3278 231 3344; x_wconf 86' lang='lat' dir='ltr'>blicani</span> <span class='ocrx_word' id='word_1_210' title='bbox 246 3283 447 3349; x_wconf 81' lang='lat' dir='ltr'>fremebant:</span> <span class='ocrx_word' id='word_1_211' title='bbox 462 3306 536 3347; x_wconf 90' lang='lat' dir='ltr'>nam</span> <span class='ocrx_word' id='word_1_212' title='bbox 550 3300 583 3347; x_wconf 90' lang='lat' dir='ltr'>et</span> <span class='ocrx_word' id='word_1_213' title='bbox 594 3284 765 3348; x_wconf 90' lang='lat' dir='ltr'>occasione</span> <span class='ocrx_word' id='word_1_214' title='bbox 778 3282 929 3348; x_wconf 73' lang='lat' dir='ltr'>vindictae</span> <span class='ocrx_word' id='word_1_215' title='bbox 942 3283 1067 3366; x_wconf 90' lang='lat' dir='ltr'>oblata,</span> <span class='ocrx_word' id='word_1_216' title='bbox 1081 3305 1185 3371; x_wconf 89' lang='lat' dir='ltr'>quum</span> 
     </span>
     <span class='ocr_line' id='line_1_27' title="bbox 115 3381 1184 3473; baseline 0.006 -32"><span class='ocrx_word' id='word_1_217' title='bbox 115 3381 146 3442; x_wconf 90' lang='lat' dir='ltr'>in</span> <span class='ocrx_word' id='word_1_218' title='bbox 162 3384 336 3449; x_wconf 84' lang='lat' dir='ltr'>Scaevolam</span> <span class='ocrx_word' id='word_1_219' title='bbox 350 3408 418 3449; x_wconf 94' lang='lat' dir='ltr'>non</span> <span class='ocrx_word' id='word_1_220' title='bbox 434 3400 585 3473; x_wconf 91' lang='lat' dir='ltr'>possent,</span> <span class='ocrx_word' id='word_1_221' title='bbox 604 3385 638 3448; x_wconf 92' lang='lat' dir='ltr'>in</span> <span class='ocrx_word' id='word_1_222' title='bbox 654 3384 816 3448; x_wconf 87' lang='lat' dir='ltr'>Rutilium</span> <span class='ocrx_word' id='word_1_223' title='bbox 834 3384 953 3447; x_wconf 90' lang='lat' dir='ltr'>deinde</span> <span class='ocrx_word' id='word_1_224' title='bbox 963 3384 1052 3447; x_wconf 85' lang='lat' dir='ltr'>virus</span> <span class='ocrx_word' id='word_1_225' title='bbox 1066 3404 1184 3447; x_wconf 88' lang='lat' dir='ltr'>conce·</span> 
     </span>
     <span class='ocr_line' id='line_1_28' title="bbox 116 3484 1183 3575; baseline 0.003 -32"><span class='ocrx_word' id='word_1_226' title='bbox 116 3498 206 3566; x_wconf 88' lang='lat' dir='ltr'>ptum</span> <span class='ocrx_word' id='word_1_227' title='bbox 221 3484 386 3573; x_wconf 91' lang='lat' dir='ltr'>bilemque</span> <span class='ocrx_word' id='word_1_228' title='bbox 401 3487 539 3575; x_wconf 87' lang='lat' dir='ltr'>turpiter</span> <span class='ocrx_word' id='word_1_229' title='bbox 548 3485 753 3568; x_wconf 81' lang='lat' dir='ltr'>effuderunt,</span> <span class='ocrx_word' id='word_1_230' title='bbox 767 3501 805 3549; x_wconf 92' lang='lat' dir='ltr'>ut</span> <span class='ocrx_word' id='word_1_231' title='bbox 816 3487 849 3548; x_wconf 92' lang='lat' dir='ltr'>in</span> <span class='ocrx_word' id='word_1_232' title='bbox 866 3485 939 3550; x_wconf 86' lang='lat' dir='ltr'>loco</span> <span class='ocrx_word' id='word_1_233' title='bbox 957 3505 1183 3573; x_wconf 79' lang='lat' dir='ltr'>exsequemur.</span> 
     </span>
    </p>

    <p class='ocr_par' dir='ltr' id='par_1_4' title="bbox 109 3585 1186 4176">
     <span class='ocr_line' id='line_1_29' title="bbox 158 3585 1184 3679; baseline 0.001 -33"><span class='ocrx_word' id='word_1_234' title='bbox 158 3585 249 3651; x_wconf 88' lang='lat' dir='ltr'>Xlll.</span> <span class='ocrx_word' id='word_1_235' title='bbox 266 3587 329 3651; x_wconf 90' lang='lat' dir='ltr'>Sed</span> <span class='ocrx_word' id='word_1_236' title='bbox 343 3588 378 3652; x_wconf 89' lang='lat' dir='ltr'>P.</span> <span class='ocrx_word' id='word_1_237' title='bbox 392 3589 530 3670; x_wconf 80' lang='lat' dir='ltr'>Asellio,</span> <span class='ocrx_word' id='word_1_238' title='bbox 543 3603 635 3679; x_wconf 90' lang='lat' dir='ltr'>patre</span> <span class='ocrx_word' id='word_1_239' title='bbox 647 3587 822 3675; x_wconf 82' lang='lat' dir='ltr'>quaestorio</span> <span class='ocrx_word' id='word_1_240' title='bbox 835 3603 945 3668; x_wconf 88' lang='lat' dir='ltr'>natus,</span> <span class='ocrx_word' id='word_1_241' title='bbox 956 3609 1055 3675; x_wconf 91' lang='lat' dir='ltr'>quem</span> <span class='ocrx_word' id='word_1_242' title='bbox 1071 3606 1184 3649; x_wconf 80' lang='lat' dir='ltr'>recens</span> 
     </span>
     <span class='ocr_line' id='line_1_30' title="bbox 115 3686 1185 3778; baseline -0.003 -27"><span class='ocrx_word' id='word_1_243' title='bbox 115 3687 155 3768; x_wconf 86' lang='lat' dir='ltr'>Q.</span> <span class='ocrx_word' id='word_1_244' title='bbox 180 3688 327 3751; x_wconf 81' lang='lat' dir='ltr'>Scoevolae</span> <span class='ocrx_word' id='word_1_245' title='bbox 348 3688 448 3778; x_wconf 80' lang='lat' dir='ltr'>glor-la</span> <span class='ocrx_word' id='word_1_246' title='bbox 468 3689 623 3754; x_wconf 90' lang='lat' dir='ltr'>laudabili</span> <span class='ocrx_word' id='word_1_247' title='bbox 646 3689 852 3752; x_wconf 74' lang='lat' dir='ltr'>aemulatione</span> <span class='ocrx_word' id='word_1_248' title='bbox 874 3689 1081 3767; x_wconf 85' lang='lat' dir='ltr'>accenderat,</span> <span class='ocrx_word' id='word_1_249' title='bbox 1099 3686 1185 3774; x_wconf 90' lang='lat' dir='ltr'>opti·</span> 
     </span>
     <span class='ocr_line' id='line_1_31' title="bbox 114 3784 1186 3880; baseline -0.002 -29"><span class='ocrx_word' id='word_1_250' title='bbox 114 3812 204 3852; x_wconf 91' lang='lat' dir='ltr'>mum</span> <span class='ocrx_word' id='word_1_251' title='bbox 215 3811 254 3851; x_wconf 86' lang='lat' dir='ltr'>ex</span> <span class='ocrx_word' id='word_1_252' title='bbox 265 3790 375 3853; x_wconf 89' lang='lat' dir='ltr'>amicis</span> <span class='ocrx_word' id='word_1_253' title='bbox 385 3792 423 3853; x_wconf 93' lang='lat' dir='ltr'>C.</span> <span class='ocrx_word' id='word_1_254' title='bbox 433 3791 584 3880; x_wconf 82' lang='lat' dir='ltr'>Longum</span> <span class='ocrx_word' id='word_1_255' title='bbox 599 3812 710 3854; x_wconf 91' lang='lat' dir='ltr'>secum</span> <span class='ocrx_word' id='word_1_256' title='bbox 725 3790 758 3852; x_wconf 92' lang='lat' dir='ltr'>in</span> <span class='ocrx_word' id='word_1_257' title='bbox 772 3788 912 3854; x_wconf 86' lang='lat' dir='ltr'>Siciliam</span> <span class='ocrx_word' id='word_1_258' title='bbox 923 3790 1067 3879; x_wconf 83' lang='lat' dir='ltr'>legatum</span> <span class='ocrx_word' id='word_1_259' title='bbox 1082 3802 1116 3851; x_wconf 91' lang='lat' dir='ltr'>et</span> <span class='ocrx_word' id='word_1_260' title='bbox 1128 3784 1186 3850; x_wconf 91' lang='lat' dir='ltr'>ad·</span> 
     </span>
     <span class='ocr_line' id='line_1_32' title="bbox 109 3889 1183 3980; baseline -0.005 -26"><span class='ocrx_word' id='word_1_261' title='bbox 109 3893 252 3970; x_wconf 88' lang='lat' dir='ltr'>jutorem</span> <span class='ocrx_word' id='word_1_262' title='bbox 271 3891 383 3974; x_wconf 72' lang='lat' dir='ltr'>duxit,</span> <span class='ocrx_word' id='word_1_263' title='bbox 397 3892 564 3980; x_wconf 86' lang='lat' dir='ltr'>Syracusis</span> <span class='ocrx_word' id='word_1_264' title='bbox 583 3891 703 3956; x_wconf 91' lang='lat' dir='ltr'>deinde</span> <span class='ocrx_word' id='word_1_265' title='bbox 720 3889 1018 3979; x_wconf 85' lang='lat' dir='ltr'>splendidissimum</span> <span class='ocrx_word' id='word_1_266' title='bbox 1036 3889 1183 3976; x_wconf 89' lang='lat' dir='ltr'>equitum</span> 
     </span>
     <span class='ocr_line' id='line_1_33' title="bbox 113 3986 1182 4081; baseline -0.002 -28"><span class='ocrx_word' id='word_1_267' title='bbox 113 4014 323 4055; x_wconf 87' lang='lat' dir='ltr'>romanorum</span> <span class='ocrx_word' id='word_1_268' title='bbox 331 3991 641 4057; x_wconf 87' lang='lat' dir='ltr'>adhibuitPublium</span> <span class='ocrx_word' id='word_1_269' title='bbox 651 3992 950 4081; x_wconf 88' lang='lat' dir='ltr'>quemdam,quem</span> <span class='ocrx_word' id='word_1_270' title='bbox 959 3991 1041 4055; x_wconf 84' lang='lat' dir='ltr'>vidit</span> <span class='ocrx_word' id='word_1_271' title='bbox 1050 4006 1082 4053; x_wconf 93' lang='lat' dir='ltr'>et</span> <span class='ocrx_word' id='word_1_272' title='bbox 1090 3986 1182 4052; x_wconf 84' lang='lat' dir='ltr'>valde</span> 
     </span>
     <span class='ocr_line' id='line_1_34' title="bbox 112 4090 1181 4176; baseline -0.001 -22"><span class='ocrx_word' id='word_1_273' title='bbox 112 4093 238 4171; x_wconf 89' lang='lat' dir='ltr'>laudat,</span> <span class='ocrx_word' id='word_1_274' title='bbox 257 4095 340 4159; x_wconf 82' lang='lat' dir='ltr'>forte</span> <span class='ocrx_word' id='word_1_275' title='bbox 357 4094 522 4159; x_wconf 87' lang='lat' dir='ltr'>benefieiis</span> <span class='ocrx_word' id='word_1_276' title='bbox 538 4096 606 4176; x_wconf 84' lang='lat' dir='ltr'>ejus</span> <span class='ocrx_word' id='word_1_277' title='bbox 625 4116 719 4176; x_wconf 89' lang='lat' dir='ltr'>usus,</span> <span class='ocrx_word' id='word_1_278' title='bbox 739 4093 920 4170; x_wconf 85' lang='lat' dir='ltr'>Diodorus,</span> <span class='ocrx_word' id='word_1_279' title='bbox 937 4094 1030 4172; x_wconf 86' lang='lat' dir='ltr'>cujus</span> <span class='ocrx_word' id='word_1_280' title='bbox 1047 4114 1086 4154; x_wconf 85' lang='lat' dir='ltr'>ex</span> <span class='ocrx_word' id='word_1_281' title='bbox 1104 4090 1181 4154; x_wconf 88' lang='lat' dir='ltr'>reli·</span> 
     </span>
    </p>
   </div>
   <div class='ocr_carea' id='block_1_3' title="bbox 112 4314 1176 4537">
    <p class='ocr_par' dir='ltr' id='par_1_5' title="bbox 112 4314 1176 4537">
     <span class='ocr_line' id='line_1_35' title="bbox 146 4314 1176 4385; baseline -0.007 -19"><span class='ocrx_word' id='word_1_282' title='bbox 146 4320 162 4381; x_wconf 66' lang='lat' dir='ltr'>S</span> <span class='ocrx_word' id='word_1_283' title='bbox 177 4321 223 4366; x_wconf 78' lang='lat' dir='ltr'>XI.</span> <span class='ocrx_word' id='word_1_284' title='bbox 238 4320 289 4371; x_wconf 86' lang='lat' dir='ltr'>Cic.</span> <span class='ocrx_word' id='word_1_285' title='bbox 302 4320 333 4367; x_wconf 83' lang='lat' dir='ltr'>ad</span> <span class='ocrx_word' id='word_1_286' title='bbox 347 4321 485 4378; x_wconf 72' lang='lat' dir='ltr'>Attievl,</span> <span class='ocrx_word' id='word_1_287' title='bbox 502 4336 523 4367; x_wconf 86' lang='lat' dir='ltr'>r.</span> <span class='ocrx_word' id='word_1_288' title='bbox 536 4347 569 4355; x_wconf 84' lang='lat'>—-</span> <span class='ocrx_word' id='word_1_289' title='bbox 583 4318 688 4367; x_wconf 87' lang='lat' dir='ltr'>Diodor.</span> <span class='ocrx_word' id='word_1_290' title='bbox 706 4345 739 4355; x_wconf 93' lang='lat'>-</span> <span class='ocrx_word' id='word_1_291' title='bbox 751 4319 768 4385; x_wconf 68' lang='lat' dir='ltr'><strong>s</strong></span> <span class='ocrx_word' id='word_1_292' title='bbox 780 4319 839 4365; x_wconf 85' lang='lat' dir='ltr'>xtr.</span> <span class='ocrx_word' id='word_1_293' title='bbox 853 4317 905 4365; x_wconf 87' lang='lat' dir='ltr'>Cic.</span> <span class='ocrx_word' id='word_1_294' title='bbox 919 4315 950 4363; x_wconf 81' lang='lat' dir='ltr'>de</span> <span class='ocrx_word' id='word_1_295' title='bbox 965 4314 1049 4363; x_wconf 81' lang='lat' dir='ltr'>Diviu.</span> <span class='ocrx_word' id='word_1_296' title='bbox 1064 4330 1119 4379; x_wconf 81' lang='lat' dir='ltr'>cap.</span> <span class='ocrx_word' id='word_1_297' title='bbox 1133 4328 1176 4372; x_wconf 71' lang='lat'>¹73</span> 
     </span>
     <span class='ocr_line' id='line_1_36' title="bbox 112 4398 1134 4464; baseline -0.004 -16"><span class='ocrx_word' id='word_1_298' title='bbox 112 4402 143 4449; x_wconf 78' lang='lat' dir='ltr'>ad</span> <span class='ocrx_word' id='word_1_299' title='bbox 156 4405 231 4452; x_wconf 79' lang='lat' dir='ltr'>attic.</span> <span class='ocrx_word' id='word_1_300' title='bbox 239 4405 272 4461; x_wconf 84' lang='lat' dir='ltr'>V,</span> <span class='ocrx_word' id='word_1_301' title='bbox 288 4418 334 4464; x_wconf 69' lang='lat'>¹7³</span> <span class='ocrx_word' id='word_1_302' title='bbox 350 4404 376 4452; x_wconf 93' lang='lat' dir='ltr'>in</span> <span class='ocrx_word' id='word_1_303' title='bbox 392 4406 462 4452; x_wconf 83' lang='lat' dir='ltr'>Verr.</span> <span class='ocrx_word' id='word_1_304' title='bbox 477 4406 517 4461; x_wconf 88' lang='lat' dir='ltr'>ll,</span> <span class='ocrx_word' id='word_1_305' title='bbox 530 4419 578 4453; x_wconf 83' lang='lat' dir='ltr'>ar.</span> <span class='ocrx_word' id='word_1_306' title='bbox 597 4415 621 4453; x_wconf 81' lang='lat' dir='ltr'>ct</span> <span class='ocrx_word' id='word_1_307' title='bbox 637 4403 673 4451; x_wconf 86' lang='lat' dir='ltr'>ibi</span> <span class='ocrx_word' id='word_1_308' title='bbox 688 4402 788 4451; x_wconf 76' lang='lat' dir='ltr'>Pedian.</span> <span class='ocrx_word' id='word_1_309' title='bbox 802 4428 836 4438; x_wconf 88' lang='lat'><em>-</em></span> <span class='ocrx_word' id='word_1_310' title='bbox 850 4400 906 4448; x_wconf 72' lang='lat' dir='ltr'>vat.</span> <span class='ocrx_word' id='word_1_311' title='bbox 923 4400 990 4447; x_wconf 75' lang='lat' dir='ltr'>Max.</span> <span class='ocrx_word' id='word_1_312' title='bbox 1003 4398 1080 4451; x_wconf 78' lang='lat' dir='ltr'>Vnt.</span> <span class='ocrx_word' id='word_1_313' title='bbox 1094 4399 1134 4445; x_wconf 79' lang='grc'>15.</span> 
     </span>
     <span class='ocr_line' id='line_1_37' title="bbox 115 4489 341 4537; baseline 0.027 -6"><span class='ocrx_word' id='word_1_314' title='bbox 115 4492 203 4537; x_wconf 73' lang='lat' dir='ltr'>Asson</span> <span class='ocrx_word' id='word_1_315' title='bbox 216 4489 244 4536; x_wconf 89' lang='lat' dir='ltr'>in</span> <span class='ocrx_word' id='word_1_316' title='bbox 257 4490 341 4537; x_wconf 73' lang='lat' dir='ltr'>Diria.</span> 
     </span>
    </p>
   </div>
   <div class='ocr_carea' id='block_1_4' title="bbox 0 0 1302 4980">
    <p class='ocr_par' dir='ltr' id='par_1_6' title="bbox 0 0 1302 4980">
     <span class='ocr_line' id='line_1_38' title="bbox 0 0 1302 4980; baseline 0 3"><span class='ocrx_word' id='word_1_317' title='bbox 0 0 1302 4980; x_wconf 95' lang='lat' dir='ltr'> </span> 
     </span>
    </p>
   </div>
  </div>
 </body>
</html>
