<?xml version="1.0" encoding="UTF-8"?>
<!DOCTYPE html PUBLIC "-//W3C//DTD XHTML 1.0 Transitional//EN"
    "http://www.w3.org/TR/xhtml1/DTD/xhtml1-transitional.dtd">
<html xmlns="http://www.w3.org/1999/xhtml" xml:lang="en" lang="en">
 <head>
  <title>
</title>
<meta http-equiv="Content-Type" content="text/html;charset=utf-8" />
  <meta name='ocr-system' content='tesseract 3.04.00' />
  <meta name='ocr-capabilities' content='ocr_page ocr_carea ocr_par ocr_line ocrx_word'/>
</head>
<body>
  <div class='ocr_page' id='page_1' title='image "./titusliviuspata00freigoog_0079.png"; bbox 0 0 2594 4980; ppageno 0'>
   <div class='ocr_carea' id='block_1_1' title="bbox 119 768 1011 861">
    <p class='ocr_par' dir='ltr' id='par_1_1' title="bbox 119 768 1011 861">
     <span class='ocr_line' id='line_1_1' title="bbox 119 768 1011 861; baseline -0.006 -18"><span class='ocrx_word' id='word_1_1' title='bbox 119 770 168 843; x_wconf 77' lang='lat'>86</span> <span class='ocrx_word' id='word_1_2' title='bbox 224 852 227 861; x_wconf 31' lang='lat'>¹</span> <span class='ocrx_word' id='word_1_3' title='bbox 295 776 363 843; x_wconf 90' lang='lat' dir='ltr'>JO.</span> <span class='ocrx_word' id='word_1_4' title='bbox 390 768 733 842; x_wconf 83' lang='lat' dir='ltr'><strong>FREINSHEMII</strong></span> <span class='ocrx_word' id='word_1_5' title='bbox 763 772 1011 841; x_wconf 86' lang='lat' dir='ltr'>SUPPLEM.</span> 
     </span>
    </p>
   </div>
   <div class='ocr_carea' id='block_1_2' title="bbox 101 882 1229 4439">
    <p class='ocr_par' dir='ltr' id='par_1_2' title="bbox 115 882 1229 2511">
     <span class='ocr_line' id='line_1_2' title="bbox 163 882 1177 981; baseline 0.001 -20"><span class='ocrx_word' id='word_1_6' title='bbox 163 896 250 961; x_wconf 86' lang='lat' dir='ltr'>XIV.</span> <span class='ocrx_word' id='word_1_7' title='bbox 263 896 338 959; x_wconf 75' lang='lat' dir='ltr'>llaec</span> <span class='ocrx_word' id='word_1_8' title='bbox 348 892 476 981; x_wconf 78' lang='lat' dir='ltr'><strong>loquuti</strong></span> <span class='ocrx_word' id='word_1_9' title='bbox 487 894 726 957; x_wconf 91' lang='lat' dir='ltr'>conticuerunt.</span> <span class='ocrx_word' id='word_1_10' title='bbox 734 895 819 957; x_wconf 85' lang='lat' dir='ltr'>Tum</span> <span class='ocrx_word' id='word_1_11' title='bbox 830 896 865 957; x_wconf 90' lang='lat' dir='ltr'>L.</span> <span class='ocrx_word' id='word_1_12' title='bbox 872 894 1027 975; x_wconf 83' lang='lat' dir='ltr'>Marcius,</span> <span class='ocrx_word' id='word_1_13' title='bbox 1036 882 1177 977; x_wconf 64' lang='lat' dir='ltr'>immo,</span> 
     </span>
     <span class='ocr_line' id='line_1_3' title="bbox 119 995 1176 1087; baseline 0.007 -31"><span class='ocrx_word' id='word_1_14' title='bbox 119 1032 132 1056; x_wconf 64' lang='lat' dir='ltr'>s</span> <span class='ocrx_word' id='word_1_15' title='bbox 141 999 266 1087; x_wconf 89' lang='lat' dir='ltr'>inquit,</span> <span class='ocrx_word' id='word_1_16' title='bbox 276 997 369 1077; x_wconf 89' lang='lat' dir='ltr'>belli,</span> <span class='ocrx_word' id='word_1_17' title='bbox 380 995 674 1084; x_wconf 76' lang='lat' dir='ltr'>Carthaginienses,</span> <span class='ocrx_word' id='word_1_18' title='bbox 687 1018 790 1082; x_wconf 89' lang='lat' dir='ltr'>quum</span> <span class='ocrx_word' id='word_1_19' title='bbox 805 997 899 1084; x_wconf 81' lang='lat' dir='ltr'>legati</span> <span class='ocrx_word' id='word_1_20' title='bbox 912 997 1010 1061; x_wconf 81' lang='lat' dir='ltr'>vestri</span> <span class='ocrx_word' id='word_1_21' title='bbox 1023 997 1063 1062; x_wconf 92' lang='lat' dir='ltr'>ah</span> <span class='ocrx_word' id='word_1_22' title='bbox 1075 1014 1176 1062; x_wconf 83' lang='lat' dir='ltr'>senatu</span> 
     </span>
     <span class='ocr_line' id='line_1_4' title="bbox 118 1096 1207 1187; baseline -0.001 -22"><span class='ocrx_word' id='word_1_23' title='bbox 118 1100 372 1180; x_wconf 81' lang='lat' dir='ltr'>«intellexerint,</span> <span class='ocrx_word' id='word_1_24' title='bbox 389 1096 470 1187; x_wconf 93' lang='lat' dir='ltr'>quid</span> <span class='ocrx_word' id='word_1_25' title='bbox 486 1119 570 1185; x_wconf 90' lang='lat' dir='ltr'>opus</span> <span class='ocrx_word' id='word_1_26' title='bbox 585 1113 633 1162; x_wconf 92' lang='lat' dir='ltr'>cst</span> <span class='ocrx_word' id='word_1_27' title='bbox 648 1097 835 1186; x_wconf 79' lang='lat' dir='ltr'>exponere?</span> <span class='ocrx_word' id='word_1_28' title='bbox 851 1097 951 1181; x_wconf 91' lang='lat' dir='ltr'>Quod</span> <span class='ocrx_word' id='word_1_29' title='bbox 969 1113 1076 1164; x_wconf 88' lang='lat' dir='ltr'>autem</span> <span class='ocrx_word' id='word_1_30' title='bbox 1094 1122 1176 1164; x_wconf 85' lang='lat' dir='ltr'>sem·</span> <span class='ocrx_word' id='word_1_31' title='bbox 1200 1152 1207 1179; x_wconf 86' lang='lat'>,</span> 
     </span>
     <span class='ocr_line' id='line_1_5' title="bbox 117 1188 1211 1290; baseline 0.002 -28"><span class='ocrx_word' id='word_1_32' title='bbox 117 1237 130 1262; x_wconf 60' lang='lat' dir='ltr'>a</span> <span class='ocrx_word' id='word_1_33' title='bbox 141 1202 345 1268; x_wconf 90' lang='lat' dir='ltr'>tusconsulto</span> <span class='ocrx_word' id='word_1_34' title='bbox 365 1201 440 1264; x_wconf 89' lang='lat' dir='ltr'>satis</span> <span class='ocrx_word' id='word_1_35' title='bbox 457 1222 475 1263; x_wconf 98' lang='lat' dir='ltr'>a</span> <span class='ocrx_word' id='word_1_36' title='bbox 489 1199 583 1264; x_wconf 81' lang='lat' dir='ltr'>vobis</span> <span class='ocrx_word' id='word_1_37' title='bbox 599 1199 719 1263; x_wconf 88' lang='lat' dir='ltr'>lactum</span> <span class='ocrx_word' id='word_1_38' title='bbox 736 1197 935 1288; x_wconf 75' lang='lat' dir='ltr'>predicatis,</span> <span class='ocrx_word' id='word_1_39' title='bbox 952 1199 988 1264; x_wconf 91' lang='lat' dir='ltr'>id</span> <span class='ocrx_word' id='word_1_40' title='bbox 1002 1222 1082 1265; x_wconf 81' lang='lat' dir='ltr'>vero</span> <span class='ocrx_word' id='word_1_41' title='bbox 1096 1200 1175 1290; x_wconf 79' lang='lat' dir='ltr'>argui</span> <span class='ocrx_word' id='word_1_42' title='bbox 1207 1188 1211 1197; x_wconf 47' lang='lat'>¹</span> 
     </span>
     <span class='ocr_line' id='line_1_6' title="bbox 118 1301 1176 1390; baseline 0.003 -28"><span class='ocrx_word' id='word_1_43' title='bbox 118 1305 212 1385; x_wconf 72' lang='lat' dir='ltr'>«jure</span> <span class='ocrx_word' id='word_1_44' title='bbox 232 1303 338 1368; x_wconf 88' lang='lat' dir='ltr'>debet.</span> <span class='ocrx_word' id='word_1_45' title='bbox 356 1303 439 1365; x_wconf 93' lang='lat' dir='ltr'>Nam</span> <span class='ocrx_word' id='word_1_46' title='bbox 456 1317 489 1365; x_wconf 90' lang='lat' dir='ltr'>et</span> <span class='ocrx_word' id='word_1_47' title='bbox 506 1302 787 1366; x_wconf 86' lang='lat' dir='ltr'>senatusconsulto</span> <span class='ocrx_word' id='word_1_48' title='bbox 804 1301 1098 1390; x_wconf 88' lang='lat' dir='ltr'>comprehensum,</span> <span class='ocrx_word' id='word_1_49' title='bbox 1117 1318 1176 1366; x_wconf 86' lang='lat' dir='ltr'>eta</span> 
     </span>
     <span class='ocr_line' id='line_1_7' title="bbox 117 1402 1229 1491; baseline -0.003 -21"><span class='ocrx_word' id='word_1_50' title='bbox 117 1438 130 1463; x_wconf 85' lang='lat'><strong>«</strong></span> <span class='ocrx_word' id='word_1_51' title='bbox 143 1406 238 1470; x_wconf 90' lang='lat' dir='ltr'>nobis</span> <span class='ocrx_word' id='word_1_52' title='bbox 263 1406 296 1468; x_wconf 92' lang='lat' dir='ltr'>in</span> <span class='ocrx_word' id='word_1_53' title='bbox 319 1405 426 1469; x_wconf 84' lang='lat' dir='ltr'>Sicilia</span> <span class='ocrx_word' id='word_1_54' title='bbox 450 1402 640 1491; x_wconf 75' lang='lat' dir='ltr'>praedictum</span> <span class='ocrx_word' id='word_1_55' title='bbox 661 1420 726 1484; x_wconf 90' lang='lat' dir='ltr'>est,</span> <span class='ocrx_word' id='word_1_56' title='bbox 752 1420 865 1468; x_wconf 74' lang='lat' dir='ltr'>caetera</span> <span class='ocrx_word' id='word_1_57' title='bbox 887 1403 1038 1468; x_wconf 84' lang='lat' dir='ltr'>mandata</span> <span class='ocrx_word' id='word_1_58' title='bbox 1060 1417 1176 1489; x_wconf 86' lang='lat' dir='ltr'>senatus</span> <span class='ocrx_word' id='word_1_59' title='bbox 1227 1452 1229 1457; x_wconf 83' lang='lat'>-</span> 
     </span>
     <span class='ocr_line' id='line_1_8' title="bbox 115 1504 1177 1594; baseline -0.002 -22"><span class='ocrx_word' id='word_1_60' title='bbox 115 1540 129 1564; x_wconf 73' lang='lat' dir='ltr'><strong><em>a</em></strong></span> <span class='ocrx_word' id='word_1_61' title='bbox 141 1508 241 1572; x_wconf 69' lang='lat' dir='ltr'>Utitm</span> <span class='ocrx_word' id='word_1_62' title='bbox 250 1529 311 1570; x_wconf 90' lang='lat' dir='ltr'>nos</span> <span class='ocrx_word' id='word_1_63' title='bbox 321 1504 466 1568; x_wconf 88' lang='lat' dir='ltr'>edituros</span> <span class='ocrx_word' id='word_1_64' title='bbox 477 1526 555 1569; x_wconf 91' lang='lat' dir='ltr'>esse.</span> <span class='ocrx_word' id='word_1_65' title='bbox 567 1505 615 1568; x_wconf 89' lang='lat' dir='ltr'>De</span> <span class='ocrx_word' id='word_1_66' title='bbox 628 1505 798 1570; x_wconf 90' lang='lat' dir='ltr'>obsidibus</span> <span class='ocrx_word' id='word_1_67' title='bbox 811 1505 943 1594; x_wconf 92' lang='lat' dir='ltr'>quidem</span> <span class='ocrx_word' id='word_1_68' title='bbox 953 1553 962 1586; x_wconf 95' lang='lat'>,</span> <span class='ocrx_word' id='word_1_69' title='bbox 972 1528 1049 1570; x_wconf 90' lang='lat' dir='ltr'>cum</span> <span class='ocrx_word' id='word_1_70' title='bbox 1061 1505 1177 1570; x_wconf 84' lang='lat' dir='ltr'>delectu</span> 
     </span>
     <span class='ocr_line' id='line_1_9' title="bbox 117 1605 1179 1696; baseline -0.001 -23"><span class='ocrx_word' id='word_1_71' title='bbox 117 1638 130 1665; x_wconf 71' lang='grc' dir='ltr'><strong><em>ι</em></strong></span> <span class='ocrx_word' id='word_1_72' title='bbox 141 1624 173 1673; x_wconf 89' lang='lat' dir='ltr'>et</span> <span class='ocrx_word' id='word_1_73' title='bbox 193 1607 360 1696; x_wconf 83' lang='lat' dir='ltr'>diligentia</span> <span class='ocrx_word' id='word_1_74' title='bbox 374 1605 539 1687; x_wconf 82' lang='lat' dir='ltr'>adductis,</span> <span class='ocrx_word' id='word_1_75' title='bbox 557 1607 728 1671; x_wconf 92' lang='lat' dir='ltr'>consilium</span> <span class='ocrx_word' id='word_1_76' title='bbox 745 1623 890 1671; x_wconf 83' lang='lat' dir='ltr'>vestrum</span> <span class='ocrx_word' id='word_1_77' title='bbox 908 1607 1094 1691; x_wconf 88' lang='lat' dir='ltr'>laudamus;</span> <span class='ocrx_word' id='word_1_78' title='bbox 1110 1605 1179 1687; x_wconf 85' lang='lat' dir='ltr'>scd,</span> 
     </span>
     <span class='ocr_line' id='line_1_10' title="bbox 116 1708 1183 1798; baseline 0.003 -29"><span class='ocrx_word' id='word_1_79' title='bbox 116 1743 130 1769; x_wconf 63' lang='lat' dir='ltr'>a</span> <span class='ocrx_word' id='word_1_80' title='bbox 140 1713 167 1776; x_wconf 91' lang='lat' dir='ltr'>si</span> <span class='ocrx_word' id='word_1_81' title='bbox 179 1710 261 1774; x_wconf 89' lang='lat' dir='ltr'>nihil</span> <span class='ocrx_word' id='word_1_82' title='bbox 270 1724 424 1798; x_wconf 87' lang='lat' dir='ltr'>praeterea</span> <span class='ocrx_word' id='word_1_83' title='bbox 434 1709 576 1796; x_wconf 79' lang='lat' dir='ltr'>praestari</span> <span class='ocrx_word' id='word_1_84' title='bbox 590 1708 719 1773; x_wconf 89' lang='lat' dir='ltr'>creditis</span> <span class='ocrx_word' id='word_1_85' title='bbox 729 1726 898 1798; x_wconf 79' lang='lat' dir='ltr'>oportere,</span> <span class='ocrx_word' id='word_1_86' title='bbox 915 1709 1075 1774; x_wconf 86' lang='lat' dir='ltr'>fallimini.</span> <span class='ocrx_word' id='word_1_87' title='bbox 1088 1709 1183 1798; x_wconf 85' lang='lat' dir='ltr'>Equi·</span> 
     </span>
     <span class='ocr_line' id='line_1_11' title="bbox 116 1810 1188 1900; baseline -0.004 -21"><span class='ocrx_word' id='word_1_88' title='bbox 116 1845 129 1870; x_wconf 69' lang='grc' dir='ltr'>α</span> <span class='ocrx_word' id='word_1_89' title='bbox 139 1814 214 1879; x_wconf 89' lang='lat' dir='ltr'>dem</span> <span class='ocrx_word' id='word_1_90' title='bbox 231 1813 258 1876; x_wconf 89' lang='lat' dir='ltr'>si</span> <span class='ocrx_word' id='word_1_91' title='bbox 272 1810 496 1875; x_wconf 84' lang='lat' dir='ltr'>fraudulenter</span> <span class='ocrx_word' id='word_1_92' title='bbox 505 1834 618 1900; x_wconf 89' lang='lat' dir='ltr'>pacem</span> <span class='ocrx_word' id='word_1_93' title='bbox 634 1811 758 1898; x_wconf 91' lang='lat' dir='ltr'>petitis,</span> <span class='ocrx_word' id='word_1_94' title='bbox 768 1821 829 1898; x_wconf 78' lang='lat' dir='ltr'>per</span> <span class='ocrx_word' id='word_1_95' title='bbox 839 1812 1044 1875; x_wconf 85' lang='lat' dir='ltr'>occasionem</span> <span class='ocrx_word' id='word_1_96' title='bbox 1057 1810 1188 1876; x_wconf 83' lang='lat' dir='ltr'>rebella·</span> 
     </span>
     <span class='ocr_line' id='line_1_12' title="bbox 116 1913 1189 2003; baseline 0.004 -29"><span class='ocrx_word' id='word_1_97' title='bbox 116 1914 219 1998; x_wconf 67' lang='lat' dir='ltr'>«turr&#39;,</span> <span class='ocrx_word' id='word_1_98' title='bbox 244 1936 310 1978; x_wconf 94' lang='lat' dir='ltr'>non</span> <span class='ocrx_word' id='word_1_99' title='bbox 333 1928 382 1977; x_wconf 91' lang='lat' dir='ltr'>est</span> <span class='ocrx_word' id='word_1_100' title='bbox 404 1914 499 1978; x_wconf 91' lang='lat' dir='ltr'>nobis</span> <span class='ocrx_word' id='word_1_101' title='bbox 520 1915 665 1994; x_wconf 90' lang='lat' dir='ltr'>animus,</span> <span class='ocrx_word' id='word_1_102' title='bbox 685 1913 850 1977; x_wconf 86' lang='lat' dir='ltr'>calliditati</span> <span class='ocrx_word' id='word_1_103' title='bbox 868 1929 983 1978; x_wconf 77' lang='lat' dir='ltr'>vestrae</span> <span class='ocrx_word' id='word_1_104' title='bbox 1006 1936 1111 1996; x_wconf 86' lang='lat' dir='ltr'>arma,</span> <span class='ocrx_word' id='word_1_105' title='bbox 1129 1933 1189 2003; x_wconf 83' lang='lat' dir='ltr'>per·</span> 
     </span>
     <span class='ocr_line' id='line_1_13' title="bbox 115 2015 1190 2105; baseline -0.001 -25"><span class='ocrx_word' id='word_1_106' title='bbox 115 2047 129 2073; x_wconf 70' lang='grc' dir='ltr'>σι</span> <span class='ocrx_word' id='word_1_107' title='bbox 139 2039 211 2105; x_wconf 86' lang='lat' dir='ltr'>quae</span> <span class='ocrx_word' id='word_1_108' title='bbox 226 2037 343 2081; x_wconf 90' lang='lat' dir='ltr'>nocere</span> <span class='ocrx_word' id='word_1_109' title='bbox 359 2016 506 2104; x_wconf 87' lang='lat' dir='ltr'>possitis,</span> <span class='ocrx_word' id='word_1_110' title='bbox 522 2016 728 2104; x_wconf 90' lang='lat' dir='ltr'>relinquere:</span> <span class='ocrx_word' id='word_1_111' title='bbox 743 2017 792 2080; x_wconf 90' lang='lat' dir='ltr'>sin</span> <span class='ocrx_word' id='word_1_112' title='bbox 805 2015 946 2080; x_wconf 92' lang='lat' dir='ltr'>bellandi</span> <span class='ocrx_word' id='word_1_113' title='bbox 960 2015 1190 2105; x_wconf 80' lang='lat' dir='ltr'>cogitationem</span> 
     </span>
     <span class='ocr_line' id='line_1_14' title="bbox 116 2116 1199 2206; baseline -0.004 -23"><span class='ocrx_word' id='word_1_114' title='bbox 116 2140 271 2184; x_wconf 79' lang='lat' dir='ltr'>«omnem</span> <span class='ocrx_word' id='word_1_115' title='bbox 282 2140 358 2183; x_wconf 81' lang='lat' dir='ltr'>vere</span> <span class='ocrx_word' id='word_1_116' title='bbox 374 2116 556 2206; x_wconf 89' lang='lat' dir='ltr'>deponitis,</span> <span class='ocrx_word' id='word_1_117' title='bbox 571 2116 636 2196; x_wconf 89' lang='lat' dir='ltr'>jam</span> <span class='ocrx_word' id='word_1_118' title='bbox 652 2117 751 2204; x_wconf 81' lang='lat' dir='ltr'>aequis</span> <span class='ocrx_word' id='word_1_119' title='bbox 767 2117 881 2181; x_wconf 87' lang='lat' dir='ltr'>animis</span> <span class='ocrx_word' id='word_1_120' title='bbox 898 2116 1060 2180; x_wconf 91' lang='lat' dir='ltr'>bellorum</span> <span class='ocrx_word' id='word_1_121' title='bbox 1074 2117 1199 2181; x_wconf 78' lang='lat' dir='ltr'>instru-</span> 
     </span>
     <span class='ocr_line' id='line_1_15' title="bbox 116 2214 1197 2308; baseline -0.001 -25"><span class='ocrx_word' id='word_1_122' title='bbox 116 2250 129 2276; x_wconf 73' lang='grc' dir='ltr'><strong>α</strong></span> <span class='ocrx_word' id='word_1_123' title='bbox 139 2235 250 2284; x_wconf 86' lang='lat' dir='ltr'>mento</span> <span class='ocrx_word' id='word_1_124' title='bbox 264 2218 424 2284; x_wconf 87' lang='lat' dir='ltr'>carebitis.</span> <span class='ocrx_word' id='word_1_125' title='bbox 439 2217 564 2282; x_wconf 84' lang='lat' dir='ltr'>Afferte</span> <span class='ocrx_word' id='word_1_126' title='bbox 575 2218 685 2308; x_wconf 85' lang='lat' dir='ltr'>igitur,</span> <span class='ocrx_word' id='word_1_127' title='bbox 699 2217 965 2306; x_wconf 84' lang='lat' dir='ltr'>quidquidrobis</span> <span class='ocrx_word' id='word_1_128' title='bbox 979 2217 1110 2306; x_wconf 85' lang='lat' dir='ltr'>publice</span> <span class='ocrx_word' id='word_1_129' title='bbox 1122 2214 1197 2305; x_wconf 78' lang='lat' dir='ltr'>pri-</span> 
     </span>
     <span class='ocr_line' id='line_1_16' title="bbox 115 2320 1193 2409; baseline -0.001 -25"><span class='ocrx_word' id='word_1_130' title='bbox 115 2351 129 2377; x_wconf 81' lang='lat'>«</span> <span class='ocrx_word' id='word_1_131' title='bbox 141 2322 305 2409; x_wconf 84' lang='lat' dir='ltr'>vatimque</span> <span class='ocrx_word' id='word_1_132' title='bbox 319 2341 487 2383; x_wconf 90' lang='lat' dir='ltr'>armorum</span> <span class='ocrx_word' id='word_1_133' title='bbox 501 2336 565 2402; x_wconf 89' lang='lat' dir='ltr'>est,</span> <span class='ocrx_word' id='word_1_134' title='bbox 577 2320 705 2409; x_wconf 90' lang='lat' dir='ltr'>telaque</span> <span class='ocrx_word' id='word_1_135' title='bbox 717 2336 749 2385; x_wconf 93' lang='lat' dir='ltr'>et</span> <span class='ocrx_word' id='word_1_136' title='bbox 762 2320 953 2409; x_wconf 72' lang='lat' dir='ltr'>catapultas,</span> <span class='ocrx_word' id='word_1_137' title='bbox 965 2340 1062 2384; x_wconf 84' lang='lat' dir='ltr'>naves</span> <span class='ocrx_word' id='word_1_138' title='bbox 1074 2320 1193 2398; x_wconf 79' lang='lat' dir='ltr'>etiam,</span> 
     </span>
     <span class='ocr_line' id='line_1_17' title="bbox 118 2419 542 2511; baseline -0.014 -25"><span class='ocrx_word' id='word_1_139' title='bbox 118 2452 131 2478; x_wconf 75' lang='grc' dir='ltr'><strong>α</strong></span> <span class='ocrx_word' id='word_1_140' title='bbox 141 2446 221 2511; x_wconf 90' lang='lat' dir='ltr'>quas</span> <span class='ocrx_word' id='word_1_141' title='bbox 234 2422 376 2502; x_wconf 90' lang='lat' dir='ltr'>habetis,</span> <span class='ocrx_word' id='word_1_142' title='bbox 391 2419 518 2486; x_wconf 87' lang='lat' dir='ltr'>tradite.</span> <span class='ocrx_word' id='word_1_143' title='bbox 529 2453 542 2478; x_wconf 81' lang='grc' dir='ltr'><strong>ι</strong></span> 
     </span>
    </p>

    <p class='ocr_par' dir='ltr' id='par_1_3' title="bbox 101 2523 1229 4439">
     <span class='ocr_line' id='line_1_18' title="bbox 159 2523 1192 2613; baseline -0.004 -26"><span class='ocrx_word' id='word_1_144' title='bbox 159 2525 232 2587; x_wconf 86' lang='lat' dir='ltr'>XV.</span> <span class='ocrx_word' id='word_1_145' title='bbox 247 2523 325 2586; x_wconf 90' lang='lat' dir='ltr'>Non</span> <span class='ocrx_word' id='word_1_146' title='bbox 337 2523 406 2585; x_wconf 91' lang='lat' dir='ltr'>ausi</span> <span class='ocrx_word' id='word_1_147' title='bbox 422 2545 604 2611; x_wconf 83' lang='lat' dir='ltr'>repugnare</span> <span class='ocrx_word' id='word_1_148' title='bbox 616 2524 915 2613; x_wconf 83' lang='lat' dir='ltr'>Carthaginienses,</span> <span class='ocrx_word' id='word_1_149' title='bbox 931 2539 1060 2608; x_wconf 78' lang='lat' dir='ltr'>tantum</span> <span class='ocrx_word' id='word_1_150' title='bbox 1074 2541 1192 2588; x_wconf 85' lang='lat' dir='ltr'>orare-</span> 
     </span>
     <span class='ocr_line' id='line_1_19' title="bbox 115 2621 1187 2714; baseline -0.006 -25"><span class='ocrx_word' id='word_1_151' title='bbox 115 2640 210 2706; x_wconf 89' lang='lat' dir='ltr'>runt,</span> <span class='ocrx_word' id='word_1_152' title='bbox 229 2625 404 2709; x_wconf 70' lang='lat' dir='ltr'>cogitarent</span> <span class='ocrx_word' id='word_1_153' title='bbox 422 2622 577 2704; x_wconf 75' lang='lat' dir='ltr'>ceruales,</span> <span class='ocrx_word' id='word_1_154' title='bbox 601 2626 681 2713; x_wconf 86' lang='lat' dir='ltr'>quid</span> <span class='ocrx_word' id='word_1_155' title='bbox 687 2623 842 2714; x_wconf 78' lang='lat' dir='ltr'>futurum</span> <span class='ocrx_word' id='word_1_156' title='bbox 863 2627 934 2690; x_wconf 81' lang='lat' dir='ltr'>urbi</span> <span class='ocrx_word' id='word_1_157' title='bbox 952 2646 1020 2690; x_wconf 73' lang='lat' dir='ltr'>suut</span> <span class='ocrx_word' id='word_1_158' title='bbox 1034 2635 1124 2703; x_wconf 85' lang='lat' dir='ltr'>esset,</span> <span class='ocrx_word' id='word_1_159' title='bbox 1139 2621 1187 2697; x_wconf 84' lang='lat' dir='ltr'>si,</span> 
     </span>
     <span class='ocr_line' id='line_1_20' title="bbox 115 2719 1199 2813; baseline -0.004 -23"><span class='ocrx_word' id='word_1_160' title='bbox 115 2723 274 2790; x_wconf 62' lang='lat' dir='ltr'>arcubus</span> <span class='ocrx_word' id='word_1_161' title='bbox 293 2737 396 2786; x_wconf 83' lang='lat' dir='ltr'>castro</span> <span class='ocrx_word' id='word_1_162' title='bbox 417 2725 450 2786; x_wconf 85' lang='lat' dir='ltr'>in</span> <span class='ocrx_word' id='word_1_163' title='bbox 460 2726 635 2813; x_wconf 73' lang='lat' dir='ltr'>proptirquo</span> <span class='ocrx_word' id='word_1_164' title='bbox 652 2726 850 2805; x_wconf 79' lang='lat' dir='ltr'>habentibus,</span> <span class='ocrx_word' id='word_1_165' title='bbox 869 2727 996 2789; x_wconf 73' lang='lat' dir='ltr'>thermis</span> <span class='ocrx_word' id='word_1_166' title='bbox 1013 2726 1082 2812; x_wconf 57' lang='lat' dir='ltr'>{osa</span> <span class='ocrx_word' id='word_1_167' title='bbox 1095 2719 1199 2786; x_wconf 73' lang='lat' dir='ltr'>redit·-</span> 
     </span>
     <span class='ocr_line' id='line_1_21' title="bbox 115 2824 1200 2918; baseline -0.005 -26"><span class='ocrx_word' id='word_1_168' title='bbox 115 2839 268 2918; x_wconf 82' lang='lat' dir='ltr'>qucretur.</span> <span class='ocrx_word' id='word_1_169' title='bbox 288 2826 373 2889; x_wconf 91' lang='lat' dir='ltr'>Nam</span> <span class='ocrx_word' id='word_1_170' title='bbox 399 2825 602 2909; x_wconf 85' lang='lat' dir='ltr'>Hasdrubal,</span> <span class='ocrx_word' id='word_1_171' title='bbox 627 2829 684 2914; x_wconf 87' lang='lat' dir='ltr'>qul</span> <span class='ocrx_word' id='word_1_172' title='bbox 699 2843 774 2916; x_wconf 91' lang='lat' dir='ltr'>post</span> <span class='ocrx_word' id='word_1_173' title='bbox 795 2828 907 2891; x_wconf 83' lang='lat' dir='ltr'>infelix</span> <span class='ocrx_word' id='word_1_174' title='bbox 925 2849 1001 2892; x_wconf 91' lang='lat' dir='ltr'>curn</span> <span class='ocrx_word' id='word_1_175' title='bbox 1021 2824 1200 2890; x_wconf 63' lang='lat' dir='ltr'>Masinissa</span> 
     </span>
     <span class='ocr_line' id='line_1_22' title="bbox 114 2925 1200 3016; baseline -0.006 -21"><span class='ocrx_word' id='word_1_176' title='bbox 114 2928 237 2995; x_wconf 90' lang='lat' dir='ltr'>bellum</span> <span class='ocrx_word' id='word_1_177' title='bbox 254 2926 365 3014; x_wconf 91' lang='lat' dir='ltr'>capitis</span> <span class='ocrx_word' id='word_1_178' title='bbox 386 2927 492 2991; x_wconf 87' lang='lat' dir='ltr'>lucrat</span> <span class='ocrx_word' id='word_1_179' title='bbox 509 2926 701 3010; x_wconf 86' lang='lat' dir='ltr'>damnatus,</span> <span class='ocrx_word' id='word_1_180' title='bbox 721 2929 863 2992; x_wconf 87' lang='lat' dir='ltr'>collectis</span> <span class='ocrx_word' id='word_1_181' title='bbox 878 2929 1054 2991; x_wconf 89' lang='lat' dir='ltr'>bominum</span> <span class='ocrx_word' id='word_1_182' title='bbox 1074 2925 1200 3016; x_wconf 73' lang='lat' dir='ltr'>viginti</span> 
     </span>
     <span class='ocr_line' id='line_1_23' title="bbox 116 3027 1193 3117; baseline -0.005 -22"><span class='ocrx_word' id='word_1_183' title='bbox 116 3033 218 3095; x_wconf 80' lang='lat' dir='ltr'>ferme</span> <span class='ocrx_word' id='word_1_184' title='bbox 239 3027 402 3107; x_wconf 90' lang='lat' dir='ltr'>millibus,</span> <span class='ocrx_word' id='word_1_185' title='bbox 424 3027 546 3090; x_wconf 89' lang='lat' dir='ltr'>bellum</span> <span class='ocrx_word' id='word_1_186' title='bbox 570 3028 681 3116; x_wconf 79' lang='lat' dir='ltr'>patriae</span> <span class='ocrx_word' id='word_1_187' title='bbox 703 3029 866 3092; x_wconf 88' lang='lat' dir='ltr'>intulerat.</span> <span class='ocrx_word' id='word_1_188' title='bbox 890 3029 1097 3117; x_wconf 82' lang='lat' dir='ltr'>Responsum</span> <span class='ocrx_word' id='word_1_189' title='bbox 1122 3041 1193 3106; x_wconf 75' lang='lat' dir='ltr'>est,</span> 
     </span>
     <span class='ocr_line' id='line_1_24' title="bbox 113 3128 1207 3219; baseline -0.003 -22"><span class='ocrx_word' id='word_1_190' title='bbox 113 3132 308 3196; x_wconf 68' lang='lat' dir='ltr'>securitatem</span> <span class='ocrx_word' id='word_1_191' title='bbox 329 3131 432 3215; x_wconf 76' lang='lat' dir='ltr'>gentis</span> <span class='ocrx_word' id='word_1_192' title='bbox 448 3131 576 3217; x_wconf 83' lang='lat' dir='ltr'>puaicoe</span> <span class='ocrx_word' id='word_1_193' title='bbox 598 3132 723 3192; x_wconf 80' lang='lat' dir='ltr'>senatui</span> <span class='ocrx_word' id='word_1_194' title='bbox 743 3128 925 3219; x_wconf 79' lang='lat' dir='ltr'>populoque</span> <span class='ocrx_word' id='word_1_195' title='bbox 947 3150 1081 3193; x_wconf 77' lang='lat' dir='ltr'>romano</span> <span class='ocrx_word' id='word_1_196' title='bbox 1104 3146 1207 3194; x_wconf 65' lang='lat' dir='ltr'>curte</span> 
     </span>
     <span class='ocr_line' id='line_1_25' title="bbox 101 3228 1205 3324; baseline -0.002 -27"><span class='ocrx_word' id='word_1_197' title='bbox 101 3233 183 3324; x_wconf 67' lang='lat' dir='ltr'>stare</span> <span class='ocrx_word' id='word_1_198' title='bbox 197 3257 209 3296; x_wconf 92' lang='grc'>.·</span> <span class='ocrx_word' id='word_1_199' title='bbox 224 3232 379 3317; x_wconf 89' lang='lat' dir='ltr'>missique</span> <span class='ocrx_word' id='word_1_200' title='bbox 396 3229 437 3293; x_wconf 90' lang='lat' dir='ltr'>ad</span> <span class='ocrx_word' id='word_1_201' title='bbox 451 3228 649 3294; x_wconf 84' lang='lat' dir='ltr'>exurendam</span> <span class='ocrx_word' id='word_1_202' title='bbox 666 3232 814 3313; x_wconf 87' lang='lat' dir='ltr'>classem,</span> <span class='ocrx_word' id='word_1_203' title='bbox 841 3248 874 3296; x_wconf 90' lang='lat' dir='ltr'>et</span> <span class='ocrx_word' id='word_1_204' title='bbox 894 3229 1081 3321; x_wconf 87' lang='lat' dir='ltr'>accipienda</span> <span class='ocrx_word' id='word_1_205' title='bbox 1100 3250 1205 3295; x_wconf 65' lang='lat' dir='ltr'>umr-</span> 
     </span>
     <span class='ocr_line' id='line_1_26' title="bbox 115 3331 1206 3423; baseline 0 -26"><span class='ocrx_word' id='word_1_206' title='bbox 115 3351 291 3423; x_wconf 80' lang='lat' dir='ltr'>qutestores</span> <span class='ocrx_word' id='word_1_207' title='bbox 311 3331 485 3395; x_wconf 91' lang='lat' dir='ltr'>consulum</span> <span class='ocrx_word' id='word_1_208' title='bbox 502 3332 538 3396; x_wconf 91' lang='lat' dir='ltr'>P.</span> <span class='ocrx_word' id='word_1_209' title='bbox 556 3333 726 3397; x_wconf 88' lang='lat' dir='ltr'>Cornelius</span> <span class='ocrx_word' id='word_1_210' title='bbox 745 3334 853 3422; x_wconf 90' lang='lat' dir='ltr'>Scipio</span> <span class='ocrx_word' id='word_1_211' title='bbox 869 3333 1002 3415; x_wconf 88' lang='lat' dir='ltr'>Nasica,</span> <span class='ocrx_word' id='word_1_212' title='bbox 1021 3334 1083 3398; x_wconf 93' lang='lat' dir='ltr'>Cn.</span> <span class='ocrx_word' id='word_1_213' title='bbox 1106 3334 1206 3398; x_wconf 54' lang='lat' dir='ltr'>Cor*</span> 
     </span>
     <span class='ocr_line' id='line_1_27' title="bbox 116 3433 1217 3522; baseline -0.002 -22"><span class='ocrx_word' id='word_1_214' title='bbox 116 3435 222 3500; x_wconf 87' lang='lat' dir='ltr'>nelius</span> <span class='ocrx_word' id='word_1_215' title='bbox 236 3433 409 3522; x_wconf 88' lang='lat' dir='ltr'>Hispallus.</span> <span class='ocrx_word' id='word_1_216' title='bbox 421 3433 556 3496; x_wconf 91' lang='lat' dir='ltr'>Tantam</span> <span class='ocrx_word' id='word_1_217' title='bbox 575 3455 740 3498; x_wconf 88' lang='lat' dir='ltr'>armorum</span> <span class='ocrx_word' id='word_1_218' title='bbox 757 3435 824 3499; x_wconf 83' lang='lat' dir='ltr'>vim</span> <span class='ocrx_word' id='word_1_219' title='bbox 838 3436 937 3500; x_wconf 80' lang='lat' dir='ltr'>fuisse</span> <span class='ocrx_word' id='word_1_220' title='bbox 953 3435 1120 3516; x_wconf 91' lang='lat' dir='ltr'>traditam,</span> <span class='ocrx_word' id='word_1_221' title='bbox 1132 3456 1217 3498; x_wconf 61' lang='lat' dir='ltr'>aur</span> 
     </span>
     <span class='ocr_line' id='line_1_28' title="bbox 117 3534 1228 3624; baseline -0.004 -21"><span class='ocrx_word' id='word_1_222' title='bbox 117 3553 222 3603; x_wconf 89' lang='lat' dir='ltr'>ctores</span> <span class='ocrx_word' id='word_1_223' title='bbox 236 3534 369 3624; x_wconf 87' lang='lat' dir='ltr'>quidam</span> <span class='ocrx_word' id='word_1_224' title='bbox 379 3549 470 3615; x_wconf 92' lang='lat' dir='ltr'>sunt,</span> <span class='ocrx_word' id='word_1_225' title='bbox 480 3551 601 3621; x_wconf 90' lang='lat' dir='ltr'>quanta</span> <span class='ocrx_word' id='word_1_226' title='bbox 613 3536 674 3599; x_wconf 93' lang='lat' dir='ltr'>toti</span> <span class='ocrx_word' id='word_1_227' title='bbox 689 3537 850 3600; x_wconf 75' lang='lat' dir='ltr'>armandae</span> <span class='ocrx_word' id='word_1_228' title='bbox 859 3537 975 3601; x_wconf 81' lang='lat' dir='ltr'>Africae</span> <span class='ocrx_word' id='word_1_229' title='bbox 988 3536 1228 3601; x_wconf 55' lang='lat' dir='ltr'>suffecisset?-</span> 
     </span>
     <span class='ocr_line' id='line_1_29' title="bbox 117 3636 1229 3727; baseline -0.004 -23"><span class='ocrx_word' id='word_1_230' title='bbox 117 3637 198 3704; x_wconf 94' lang='lat' dir='ltr'>illud</span> <span class='ocrx_word' id='word_1_231' title='bbox 218 3636 374 3701; x_wconf 88' lang='lat' dir='ltr'>relatione</span> <span class='ocrx_word' id='word_1_232' title='bbox 397 3636 576 3700; x_wconf 90' lang='lat' dir='ltr'>multorum</span> <span class='ocrx_word' id='word_1_233' title='bbox 601 3652 743 3719; x_wconf 89' lang='lat' dir='ltr'>constat,</span> <span class='ocrx_word' id='word_1_234' title='bbox 768 3637 871 3727; x_wconf 79' lang='lat' dir='ltr'>gravis</span> <span class='ocrx_word' id='word_1_235' title='bbox 895 3652 1064 3701; x_wconf 84' lang='lat' dir='ltr'>armaturae</span> <span class='ocrx_word' id='word_1_236' title='bbox 1089 3636 1229 3700; x_wconf 72' lang='lat' dir='ltr'>nullin-</span> 
     </span>
     <span class='ocr_line' id='line_1_30' title="bbox 115 3738 1228 3828; baseline -0.004 -21"><span class='ocrx_word' id='word_1_237' title='bbox 115 3741 275 3821; x_wconf 89' lang='lat' dir='ltr'>ducenta,</span> <span class='ocrx_word' id='word_1_238' title='bbox 296 3739 433 3802; x_wconf 89' lang='lat' dir='ltr'>telorum</span> <span class='ocrx_word' id='word_1_239' title='bbox 452 3738 723 3803; x_wconf 90' lang='lat' dir='ltr'>innumerabilem</span> <span class='ocrx_word' id='word_1_240' title='bbox 743 3740 869 3827; x_wconf 93' lang='lat' dir='ltr'>copiam</span> <span class='ocrx_word' id='word_1_241' title='bbox 892 3740 993 3803; x_wconf 88' lang='lat' dir='ltr'>fuisse</span> <span class='ocrx_word' id='word_1_242' title='bbox 1015 3739 1228 3828; x_wconf 66' lang='lat' dir='ltr'>:catapul‘</span> 
     </span>
     <span class='ocr_line' id='line_1_31' title="bbox 116 3837 1229 3929; baseline -0.004 -21"><span class='ocrx_word' id='word_1_243' title='bbox 116 3861 223 3908; x_wconf 85' lang='lat' dir='ltr'>tarum</span> <span class='ocrx_word' id='word_1_244' title='bbox 241 3837 329 3928; x_wconf 90' lang='lat' dir='ltr'>apud</span> <span class='ocrx_word' id='word_1_245' title='bbox 351 3840 430 3903; x_wconf 89' lang='lat' dir='ltr'>alios</span> <span class='ocrx_word' id='word_1_246' title='bbox 448 3841 620 3929; x_wconf 88' lang='lat' dir='ltr'>scriptores</span> <span class='ocrx_word' id='word_1_247' title='bbox 638 3841 706 3906; x_wconf 92' lang='lat' dir='ltr'>duo</span> <span class='ocrx_word' id='word_1_248' title='bbox 722 3841 836 3915; x_wconf 91' lang='lat' dir='ltr'>millia,</span> <span class='ocrx_word' id='word_1_249' title='bbox 853 3840 941 3928; x_wconf 88' lang='lat' dir='ltr'>apud</span> <span class='ocrx_word' id='word_1_250' title='bbox 958 3842 1037 3905; x_wconf 89' lang='lat' dir='ltr'>alios</span> <span class='ocrx_word' id='word_1_251' title='bbox 1054 3842 1116 3904; x_wconf 89' lang='lat' dir='ltr'>tria</span> <span class='ocrx_word' id='word_1_252' title='bbox 1135 3842 1229 3904; x_wconf 58' lang='lat' dir='ltr'>in‘</span> 
     </span>
     <span class='ocr_line' id='line_1_32' title="bbox 115 3941 1229 4031; baseline -0.004 -22"><span class='ocrx_word' id='word_1_253' title='bbox 115 3945 200 4010; x_wconf 81' lang='lat' dir='ltr'>veni.</span> <span class='ocrx_word' id='word_1_254' title='bbox 214 3941 373 4006; x_wconf 89' lang='lat' dir='ltr'>Consulto</span> <span class='ocrx_word' id='word_1_255' title='bbox 387 3942 529 4006; x_wconf 81' lang='lat' dir='ltr'>fecerant</span> <span class='ocrx_word' id='word_1_256' title='bbox 539 3944 703 4024; x_wconf 89' lang='lat' dir='ltr'>consules,</span> <span class='ocrx_word' id='word_1_257' title='bbox 715 3958 753 4006; x_wconf 91' lang='lat' dir='ltr'>ut</span> <span class='ocrx_word' id='word_1_258' title='bbox 766 3942 891 4030; x_wconf 82' lang='lat' dir='ltr'>singula</span> <span class='ocrx_word' id='word_1_259' title='bbox 902 3943 1037 4031; x_wconf 87' lang='lat' dir='ltr'>imperia</span> <span class='ocrx_word' id='word_1_260' title='bbox 1052 3943 1229 4007; x_wconf 61' lang='lat' dir='ltr'>seorsinu</span> 
     </span>
     <span class='ocr_line' id='line_1_33' title="bbox 117 4044 1229 4132; baseline -0.004 -22"><span class='ocrx_word' id='word_1_261' title='bbox 117 4045 251 4110; x_wconf 89' lang='lat' dir='ltr'>ederent</span> <span class='ocrx_word' id='word_1_262' title='bbox 273 4067 280 4107; x_wconf 75' lang='grc' dir='ltr'>ε</span> <span class='ocrx_word' id='word_1_263' title='bbox 308 4067 364 4124; x_wconf 90' lang='lat' dir='ltr'>nc,</span> <span class='ocrx_word' id='word_1_264' title='bbox 391 4044 417 4107; x_wconf 90' lang='lat' dir='ltr'>si</span> <span class='ocrx_word' id='word_1_265' title='bbox 439 4060 488 4108; x_wconf 92' lang='lat' dir='ltr'>tot</span> <span class='ocrx_word' id='word_1_266' title='bbox 508 4069 559 4109; x_wconf 88' lang='lat' dir='ltr'>res</span> <span class='ocrx_word' id='word_1_267' title='bbox 582 4061 713 4132; x_wconf 91' lang='lat' dir='ltr'>tamque</span> <span class='ocrx_word' id='word_1_268' title='bbox 738 4065 848 4132; x_wconf 79' lang='lat' dir='ltr'>graves</span> <span class='ocrx_word' id='word_1_269' title='bbox 869 4045 967 4109; x_wconf 92' lang='lat' dir='ltr'>simul</span> <span class='ocrx_word' id='word_1_270' title='bbox 983 4045 1229 4124; x_wconf 60' lang='lat' dir='ltr'>juberentur4</span> 
     </span>
     <span class='ocr_line' id='line_1_34' title="bbox 117 4145 1229 4236; baseline -0.005 -23"><span class='ocrx_word' id='word_1_271' title='bbox 117 4146 394 4234; x_wconf 82' lang='lat' dir='ltr'>Carthaginienses</span> <span class='ocrx_word' id='word_1_272' title='bbox 411 4145 452 4210; x_wconf 91' lang='lat' dir='ltr'>ad</span> <span class='ocrx_word' id='word_1_273' title='bbox 465 4147 587 4211; x_wconf 90' lang='lat' dir='ltr'>bellum</span> <span class='ocrx_word' id='word_1_274' title='bbox 600 4146 847 4234; x_wconf 87' lang='lat' dir='ltr'>praeoptandum</span> <span class='ocrx_word' id='word_1_275' title='bbox 862 4146 947 4236; x_wconf 79' lang='lat' dir='ltr'>adigi</span> <span class='ocrx_word' id='word_1_276' title='bbox 961 4146 1229 4235; x_wconf 56' lang='lat' dir='ltr'>desperatione</span> 
     </span>
     <span class='ocr_line' id='line_1_35' title="bbox 117 4247 1229 4338; baseline -0.002 -25"><span class='ocrx_word' id='word_1_277' title='bbox 117 4265 260 4338; x_wconf 88' lang='lat' dir='ltr'>possent.</span> <span class='ocrx_word' id='word_1_278' title='bbox 286 4249 465 4313; x_wconf 87' lang='lat' dir='ltr'>Exarmatis</span> <span class='ocrx_word' id='word_1_279' title='bbox 485 4247 645 4335; x_wconf 91' lang='lat' dir='ltr'>quidlibet</span> <span class='ocrx_word' id='word_1_280' title='bbox 664 4260 736 4312; x_wconf 91' lang='lat' dir='ltr'>tuto</span> <span class='ocrx_word' id='word_1_281' title='bbox 756 4248 939 4328; x_wconf 91' lang='lat' dir='ltr'>injunctum</span> <span class='ocrx_word' id='word_1_282' title='bbox 957 4249 997 4312; x_wconf 91' lang='lat' dir='ltr'>iri</span> <span class='ocrx_word' id='word_1_283' title='bbox 1019 4263 1168 4338; x_wconf 88' lang='lat' dir='ltr'>putantes</span> <span class='ocrx_word' id='word_1_284' title='bbox 1208 4281 1229 4311; x_wconf 67' lang='lat'>⁴.</span> 
     </span>
     <span class='ocr_line' id='line_1_36' title="bbox 116 4347 1229 4439; baseline -0.005 -24"><span class='ocrx_word' id='word_1_285' title='bbox 116 4352 232 4416; x_wconf 90' lang='lat' dir='ltr'>misere</span> <span class='ocrx_word' id='word_1_286' title='bbox 244 4351 489 4439; x_wconf 83' lang='lat' dir='ltr'>Carthaginem,</span> <span class='ocrx_word' id='word_1_287' title='bbox 504 4351 561 4437; x_wconf 94' lang='lat' dir='ltr'>qui</span> <span class='ocrx_word' id='word_1_288' title='bbox 579 4349 721 4413; x_wconf 89' lang='lat' dir='ltr'>delectos</span> <span class='ocrx_word' id='word_1_289' title='bbox 734 4373 773 4413; x_wconf 90' lang='lat' dir='ltr'>ex</span> <span class='ocrx_word' id='word_1_290' title='bbox 789 4365 902 4415; x_wconf 90' lang='lat' dir='ltr'>senatu</span> <span class='ocrx_word' id='word_1_291' title='bbox 914 4364 1113 4415; x_wconf 87' lang='lat' dir='ltr'>arcesserent</span> <span class='ocrx_word' id='word_1_292' title='bbox 1124 4373 1133 4415; x_wconf 92' lang='lat'><strong>:</strong></span> <span class='ocrx_word' id='word_1_293' title='bbox 1145 4347 1229 4411; x_wconf 63' lang='lat' dir='ltr'>iis</span> 
     </span>
    </p>
   </div>
   <div class='ocr_carea' id='block_1_3' title="bbox 148 4537 1046 4606">
    <p class='ocr_par' dir='ltr' id='par_1_4' title="bbox 148 4537 1046 4606">
     <span class='ocr_line' id='line_1_37' title="bbox 148 4537 1046 4606; baseline -0.003 -15"><span class='ocrx_word' id='word_1_294' title='bbox 148 4541 165 4606; x_wconf 72' lang='lat' dir='ltr'>S</span> <span class='ocrx_word' id='word_1_295' title='bbox 179 4543 247 4591; x_wconf 73' lang='lat' dir='ltr'>XIV.</span> <span class='ocrx_word' id='word_1_296' title='bbox 259 4541 367 4605; x_wconf 75' lang='lat' dir='ltr'>Appian.</span> <span class='ocrx_word' id='word_1_297' title='bbox 384 4567 419 4578; x_wconf 88' lang='lat'>--</span> <span class='ocrx_word' id='word_1_298' title='bbox 432 4537 520 4603; x_wconf 79' lang='lat' dir='ltr'>Polyb.</span> <span class='ocrx_word' id='word_1_299' title='bbox 534 4539 649 4602; x_wconf 80' lang='lat' dir='ltr'>Excerpt.</span> <span class='ocrx_word' id='word_1_300' title='bbox 662 4541 743 4603; x_wconf 75' lang='lat' dir='ltr'>Legat.</span> <span class='ocrx_word' id='word_1_301' title='bbox 758 4566 791 4577; x_wconf 93' lang='lat'><em>-</em></span> <span class='ocrx_word' id='word_1_302' title='bbox 805 4541 894 4590; x_wconf 81' lang='lat' dir='ltr'>Zonar.</span> <span class='ocrx_word' id='word_1_303' title='bbox 907 4567 941 4577; x_wconf 93' lang='lat'>-</span> <span class='ocrx_word' id='word_1_304' title='bbox 957 4538 1046 4604; x_wconf 75' lang='lat' dir='ltr'>Polyb.</span> 
     </span>
    </p>
   </div>
   <div class='ocr_carea' id='block_1_4' title="bbox 0 0 1302 4980">
    <p class='ocr_par' dir='ltr' id='par_1_5' title="bbox 0 0 1302 4980">
     <span class='ocr_line' id='line_1_38' title="bbox 0 0 1302 4980; baseline 0 0"><span class='ocrx_word' id='word_1_305' title='bbox 0 0 1302 4980; x_wconf 95' lang='lat' dir='ltr'> </span> 
     </span>
    </p>
   </div>
  </div>
 </body>
</html>
