2594 4980
515 332 520 343 Ι

243 708 332 794 'ru
364 725 478 792 noc.
508 725 601 793 mn.
632 726 805 792 nxxvr
836 725 1059 795 Liviam
1134 730 1203 824 739

135 877 145 895 ·
160 862 343 909 nostrarum
361 845 622 926 inimicitiarum,
644 846 830 910 occasiones
848 863 962 910 contra
980 863 1121 913 vestrum
1139 851 1202 914 im·

134 980 145 999 ιι
155 947 282 1034 perium
297 963 492 1035 captantem.
1238 1014 1241 1019 ,

177 1048 332 1112 XXXIX.
356 1049 489 1130 «Quare
504 1071 611 1137 neque
630 1048 781 1113 dubitare
795 1071 985 1136 possumus,
998 1073 1072 1132 vos,
1087 1075 1201 1138 quem·

132 1184 143 1202 «
155 1149 332 1214 admodum
351 1151 437 1213 viros
457 1149 634 1237 prudentes
653 1149 764 1229 decet,
781 1149 940 1214 factorum
963 1150 1080 1238 ipsius,
1101 1175 1199 1238 quam

131 1283 143 1304 ιι
153 1252 347 1332 verborum,
365 1252 518 1331 majorem
532 1251 703 1315 habituros
719 1251 878 1315 rationem
896 1274 985 1332 esse,
1004 1275 1064 1334 ne,
1081 1269 1139 1317 aut
1156 1255 1200 1318 ob

131 1352 265 1417 «lictum
287 1353 434 1416 amicitiae
456 1374 595 1433 nomen,
620 1368 744 1417 vestros
768 1352 890 1439 optima
913 1350 977 1416 fide
997 1353 1118 1417 amicos
1135 1355 1200 1418 Mi·

131 1454 286 1518 «thridati
302 1454 466 1543 prodatis;
490 1469 547 1517 aut
564 1470 708 1517 vestrum
731 1471 929 1541 senatusque
950 1451 992 1517 de
1015 1455 1078 1518 hoc
1097 1478 1199 1544 regno

129 1586 140 1606 ι
147 1553 308 1633 judicium
323 1579 342 1618 a
355 1556 523 1620 communi
533 1554 627 1618 hoste
644 1556 752 1642 sperni
766 1555 944 1643 violarique
958 1555 1077 1620 l'eratis.
1091 1587 1104 1611 ιι
1121 1556 1200 1623 Post

129 1654 197 1718 haec
212 1657 331 1720 iterum
347 1656 507 1720 admissus
522 1656 555 1719 in
573 1656 748 1720 concilium
759 1654 947 1744 Pelopidas,
962 1686 975 1709 ιι
985 1656 1018 1720 si
1030 1679 1102 1744 qua·
1115 1674 1200 1721 vete-

128 1788 140 1807 ιι
152 1778 201 1820 res
218 1757 371 1822 adversus
393 1757 608 1835 Nicomedem
628 1759 767 1845 querelae
790 1773 885 1838 sunt,
907 1780 1018 1821 earum
1036 1757 1198 1837 judicium

129 1890 140 1909 ιι
151 1858 259 1940 vobis,
272 1860 393 1946 inquit,
406 1858 598 1940 defuimus,
611 1859 750 1922 Romani
761 1882 768 1922 :
780 1858 837 1922 sed
848 1859 916 1923 haec
927 1875 1109 1947 postrema,
1124 1884 1197 1948 quar

127 1992 137 2010 ιι
151 1961 209 2048 ipsi
225 1961 431 2049 adspexistis,
448 1961 607 2026 ditionem
619 1959 815 2024 Mithridatis
831 1962 955 2042 minui,
973 1961 1079 2025 claudi
1092 1986 1198 2042 mare,

127 2094 139 2114 ιι
150 2062 273 2148 praedas
290 2086 328 2126 ex
346 2065 429 2152 agris
444 2064 511 2152 agi,
528 2064 617 2127 nulla
633 2062 867 2150 disceptatione
884 2078 992 2151 egent.

170 2164 238 2227 XL.
256 2194 269 2218 ιι
280 2163 344 2229 Sed
360 2164 470 2228 denuo
490 2188 548 2229 vos
571 2186 739 2253 rogamus,
764 2179 801 2227 ut
817 2178 873 2226 aut
892 2163 1092 2252 prohibeatis
1109 2165 1196 2244 ejus·

127 2296 138 2318 ιι
151 2264 238 2329 rnodi
251 2266 351 2348 facta,
368 2283 425 2330 aut
441 2291 536 2356 passo
551 2266 684 2355 indigna
702 2264 883 2329 Mithridati
897 2265 1124 2353 opitulemini;
1140 2284 1198 2331 aut

126 2383 397 2453 «1post1·emonon
414 2367 620 2433 intercedatis
636 2390 710 2432 suas
725 2366 858 2446 injurias
874 2367 1095 2448 vindicatum,
1114 2390 1196 2432 neu·

125 2496 137 2519 ιι
149 2467 205 2530 tris
225 2469 371 2556 partibus
392 2470 565 2534 immixti.»
583 2470 659 2533 Haec
682 2469 818 2532 iterante
839 2468 1010 2555 Pelopida,
1034 2468 1109 2533 licet
1128 2468 1196 2548 jam

124 2584 198 2632 ante
221 2569 533 2653 Nicomediauxilia
557 2570 691 2657 polliciti
715 2585 822 2649 erant,
845 2568 1064 2633 movebantur
1085 2585 1194 2632 tamen

126 2671 262 2733 llonrani
278 2671 386 2753 dictis,
405 2688 438 2735 et
456 2671 603 2734 amicitiae
624 2669 775 2748 nomine,
794 2670 888 2748 cujus
909 2668 1018 2733 adhuc
1041 2669 1195 2735 inviolata

124 2788 216 2834 crant
234 2771 372 2852 foedera,
388 2794 496 2858 neque
518 2771 623 2846 facile,
640 2770 809 2857 quomodo
831 2770 1087 2858 responderent,
1104 2772 1194 2837 inve·
1284 2814 1289 2829 ·

125 2871 280 2937 uiebant:
300 2872 431 2936 tandem
457 2872 547 2936 vafro
573 2871 792 2960 perplexoque
816 2894 992 2958 responso,
1012 2895 1110 2961 neque
1126 2874 1193 2937 Mi-

122 2973 292 3037 thridatem
312 2998 335 3036 a
355 2973 525 3039 Nicomede
542 2975 662 3037 vexari
679 2995 843 3061 passuros,
861 2995 960 3060 neque
983 2972 1066 3035 bello
1080 2977 1154 3060 peti
1171 2999 1193 3037 a

46 3156 49 3161 Α
124 3073 309 3138 Mithridate
316 3075 539 3153 Nicomedem,
552 3073 715 3138 dixerunt.
731 3074 834 3139 Simul
849 3073 1038 3161 Pelopidas,
1056 3098 1192 3164 arguere

122 3174 284 3239 «lictorum
303 3177 535 3241 obscuritatem
549 3175 703 3263 cupiens,
723 3198 741 3239 e
759 3174 899 3238 concilio
916 3173 1067 3238 dimissus
1081 3192 1140 3239 est.

165 3279 248 3343 XLl.
266 3280 342 3342 Haec
356 3279 412 3342 ubi
429 3276 608 3343 Mithridati
625 3277 734 3341 audita
756 3293 849 3357 sunt,
868 3299 996 3340 severo
1011 3276 1076 3355 jam
1102 3276 1191 3341 haud

121 3377 259 3442 obscure
272 3381 384 3443 laesum
399 3378 582 3442 allemanie
600 3401 669 3442 esse
686 3394 835 3459 testatus,
851 3378 1062 3459 Ariarathen,
1085 3401 1189 3441 unum

121 3502 158 3540 ex
178 3478 267 3560 liliis,
290 3482 324 3544 in
346 3480 586 3570 Cappadociam
605 3480 724 3561 mittit,
749 3504 847 3567 quam
870 3480 921 3543 ille
940 3496 1033 3543 antea
1056 3502 1189 3566 quoque

122 3597 279 3646 tenuerat.
294 3583 401 3669 Atque
413 3584 455 3664 is,
474 3584 560 3647 victo
576 3585 801 3647 Romanorum
819 3580 903 3645 duce
919 3582 1072 3664 Maltino,
1085 3582 1143 3668 qui
1156 3600 1190 3649 et

120 3684 289 3746 Mancinus
303 3684 379 3747 alibi
392 3686 560 3767 scribitur,
572 3686 741 3773 ejectoque
756 3684 986 3765 Ariobarzane,
1000 3707 1102 3771 quum
1119 3685 1188 3773 igni

121 3783 272 3870 ferroque
293 3786 445 3874 pleraque
463 3790 668 3869 vastavisset,
691 3786 780 3850 baud
804 3808 920 3876 magna
941 3788 1026 3850 mole
1050 3810 1188 3876 regnunt

119 3886 298 3973 occupavit.
314 3889 399 3951 Tum
421 3891 573 3954 remissus
593 3889 633 3953 ad
651 3911 804 3952 romanos
824 3886 924 3951 duces
942 3887 1131 3975 Pelopidas,
1150 3888 1184 3952 in

119 3987 208 4050 bunc
225 3989 362 4054 moduni
380 3992 477 4055 verba
497 3993 609 4057 fecisse
627 3991 764 4056 dicitur:

163 4091 263 4154 XLll.
279 4092 412 4173 «Quam
425 4093 557 4182 indigna
568 4118 624 4158 rex
631 4092 835 4157 Mithridates
849 4112 963 4179 passus
974 4092 1030 4171 sit,
1046 4091 1189 4180 Phrygia

117 4194 409 4283 «Cappadociaque
434 4198 608 4285 spoliatus,
634 4197 668 4259 id
698 4195 870 4283 equidem,
896 4194 1053 4275 Romani,
1084 4217 1188 4282 nuper

119 4295 317 4360 «audivistis.
348 4298 437 4379 Quas
464 4298 601 4380 deindo,
627 4298 720 4362 vobis
749 4295 1028 4386 inspectantibus,
1054 4294 1189 4374 injurias

151 4465 166 4529 A*
180 4468 243 4519 uu.
255 4468 356 4533 Eutrop.
367 4469 411 4517 lib.
420 4471 442 4513 V
460 4498 494 4507 -
502 4471 608 4536 Appian.
621 4494 655 4505 -
664 4468 755 4516 Justln.
767 4466 923 4517 XXXVIII.
935 4474 958 4519 t.
967 4466 1135 4522 -ttrosvt,
1146 4480 1187 4513 au.

946 4561 1008 4651 la-
