<?xml version="1.0" encoding="UTF-8"?>
<!DOCTYPE html PUBLIC "-//W3C//DTD XHTML 1.0 Transitional//EN"
    "http://www.w3.org/TR/xhtml1/DTD/xhtml1-transitional.dtd">
<html xmlns="http://www.w3.org/1999/xhtml" xml:lang="en" lang="en">
 <head>
  <title>
</title>
<meta http-equiv="Content-Type" content="text/html;charset=utf-8" />
  <meta name='ocr-system' content='tesseract 3.04.00' />
  <meta name='ocr-capabilities' content='ocr_page ocr_carea ocr_par ocr_line ocrx_word'/>
</head>
<body>
  <div class='ocr_page' id='page_1' title='image "./titusliviuspata00freigoog_0510.png"; bbox 0 0 2594 4980; ppageno 0'>
   <div class='ocr_carea' id='block_1_1' title="bbox 312 742 1214 844">
    <p class='ocr_par' dir='ltr' id='par_1_1' title="bbox 312 742 1214 844">
     <span class='ocr_line' id='line_1_1' title="bbox 312 742 1214 844; baseline 0.006 -5"><span class='ocrx_word' id='word_1_1' title='bbox 312 774 364 841; x_wconf 81' lang='lat' dir='ltr'>m</span> <span class='ocrx_word' id='word_1_2' title='bbox 397 742 797 841; x_wconf 78' lang='lat' dir='ltr'><strong>L00.1.IB.va11</strong></span> <span class='ocrx_word' id='word_1_3' title='bbox 831 772 1045 842; x_wconf 72' lang='lat' dir='ltr'><strong>nivium.</strong></span> <span class='ocrx_word' id='word_1_4' title='bbox 1144 768 1214 844; x_wconf 79' lang='lat'><strong>523</strong></span> 
     </span>
    </p>
   </div>
   <div class='ocr_carea' id='block_1_2' title="bbox 140 891 1217 4327">
    <p class='ocr_par' dir='ltr' id='par_1_2' title="bbox 144 891 1217 1390">
     <span class='ocr_line' id='line_1_2' title="bbox 144 891 1216 981; baseline 0.007 -27"><span class='ocrx_word' id='word_1_5' title='bbox 144 892 220 971; x_wconf 84' lang='lat' dir='ltr'><strong>fuit,</strong></span> <span class='ocrx_word' id='word_1_6' title='bbox 238 891 516 978; x_wconf 84' lang='lat' dir='ltr'>quemadmodum</span> <span class='ocrx_word' id='word_1_7' title='bbox 533 893 664 956; x_wconf 85' lang='lat' dir='ltr'><strong>fortuna</strong></span> <span class='ocrx_word' id='word_1_8' title='bbox 684 907 865 957; x_wconf 90' lang='lat' dir='ltr'><strong>uterentur.</strong></span> <span class='ocrx_word' id='word_1_9' title='bbox 886 893 1051 980; x_wconf 89' lang='lat' dir='ltr'><strong>Plerisque</strong></span> <span class='ocrx_word' id='word_1_10' title='bbox 1068 895 1216 981; x_wconf 78' lang='lat' dir='ltr'>placebat</span> 
     </span>
     <span class='ocr_line' id='line_1_3' title="bbox 144 992 1215 1084; baseline 0.005 -28"><span class='ocrx_word' id='word_1_11' title='bbox 144 994 293 1082; x_wconf 88' lang='lat' dir='ltr'><strong>protinus</strong></span> <span class='ocrx_word' id='word_1_12' title='bbox 310 994 342 1056; x_wconf 93' lang='lat' dir='ltr'><strong>in</strong></span> <span class='ocrx_word' id='word_1_13' title='bbox 357 994 478 1057; x_wconf 85' lang='lat' dir='ltr'><strong>ltaliam</strong></span> <span class='ocrx_word' id='word_1_14' title='bbox 496 993 581 1058; x_wconf 87' lang='lat' dir='ltr'><strong>etad</strong></span> <span class='ocrx_word' id='word_1_15' title='bbox 595 994 718 1058; x_wconf 83' lang='lat' dir='ltr'>Urbem</span> <span class='ocrx_word' id='word_1_16' title='bbox 730 992 937 1080; x_wconf 90' lang='lat' dir='ltr'><strong>ducendum,</strong></span> <span class='ocrx_word' id='word_1_17' title='bbox 953 1017 1060 1081; x_wconf 89' lang='lat' dir='ltr'><strong>neque</strong></span> <span class='ocrx_word' id='word_1_18' title='bbox 1073 997 1215 1084; x_wconf 88' lang='lat' dir='ltr'><strong>spatium</strong></span> 
     </span>
     <span class='ocr_line' id='line_1_4' title="bbox 144 1092 1214 1183; baseline 0.007 -28"><span class='ocrx_word' id='word_1_19' title='bbox 144 1092 287 1158; x_wconf 83' lang='lat' dir='ltr'><strong>dandum</strong></span> <span class='ocrx_word' id='word_1_20' title='bbox 306 1097 460 1159; x_wconf 86' lang='lat' dir='ltr'><strong>Romanis</strong></span> <span class='ocrx_word' id='word_1_21' title='bbox 474 1118 560 1174; x_wconf 89' lang='lat' dir='ltr'><strong>esse,</strong></span> <span class='ocrx_word' id='word_1_22' title='bbox 577 1118 644 1183; x_wconf 89' lang='lat' dir='ltr'><strong>quo</strong></span> <span class='ocrx_word' id='word_1_23' title='bbox 658 1112 746 1158; x_wconf 82' lang='lat' dir='ltr'><strong>tanta</strong></span> <span class='ocrx_word' id='word_1_24' title='bbox 760 1119 799 1159; x_wconf 91' lang='lat' dir='ltr'><strong>ex</strong></span> <span class='ocrx_word' id='word_1_25' title='bbox 812 1097 1074 1160; x_wconf 75' lang='lat' dir='ltr'><strong>consternatione</strong></span> <span class='ocrx_word' id='word_1_26' title='bbox 1088 1099 1214 1163; x_wconf 89' lang='lat' dir='ltr'><strong>animos</strong></span> 
     </span>
     <span class='ocr_line' id='line_1_5' title="bbox 144 1196 1217 1285; baseline 0.005 -27"><span class='ocrx_word' id='word_1_27' title='bbox 144 1196 356 1285; x_wconf 89' lang='lat' dir='ltr'><strong>colligerent:</strong></span> <span class='ocrx_word' id='word_1_28' title='bbox 376 1197 445 1260; x_wconf 81' lang='lat' dir='ltr'><strong>aliis</strong></span> <span class='ocrx_word' id='word_1_29' title='bbox 469 1198 503 1260; x_wconf 93' lang='lat' dir='ltr'><strong>in</strong></span> <span class='ocrx_word' id='word_1_30' title='bbox 528 1196 651 1260; x_wconf 82' lang='lat' dir='ltr'><strong>diversa</strong></span> <span class='ocrx_word' id='word_1_31' title='bbox 678 1197 852 1279; x_wconf 85' lang='lat' dir='ltr'><strong>euntibus,</strong></span> <span class='ocrx_word' id='word_1_32' title='bbox 870 1197 1017 1262; x_wconf 89' lang='lat' dir='ltr'><strong>adbiberi</strong></span> <span class='ocrx_word' id='word_1_33' title='bbox 1042 1198 1088 1262; x_wconf 88' lang='grc' dir='ltr'><strong>Μ.</strong></span> <span class='ocrx_word' id='word_1_34' title='bbox 1111 1201 1217 1262; x_wconf 82' lang='lat' dir='ltr'><strong>Aure·</strong></span> 
     </span>
     <span class='ocr_line' id='line_1_6' title="bbox 145 1296 1212 1390; baseline 0.006 -31"><span class='ocrx_word' id='word_1_35' title='bbox 145 1296 224 1360; x_wconf 89' lang='lat' dir='ltr'><strong>lium</strong></span> <span class='ocrx_word' id='word_1_36' title='bbox 245 1300 401 1361; x_wconf 84' lang='lat' dir='ltr'><strong>Scaurum</strong></span> <span class='ocrx_word' id='word_1_37' title='bbox 413 1299 518 1361; x_wconf 90' lang='lat' dir='ltr'><strong>risum</strong></span> <span class='ocrx_word' id='word_1_38' title='bbox 537 1315 606 1379; x_wconf 89' lang='lat' dir='ltr'><strong>est,</strong></span> <span class='ocrx_word' id='word_1_39' title='bbox 625 1321 723 1386; x_wconf 92' lang='lat' dir='ltr'><strong>quem</strong></span> <span class='ocrx_word' id='word_1_40' title='bbox 740 1300 906 1388; x_wconf 81' lang='lat' dir='ltr'><strong>superiore</strong></span> <span class='ocrx_word' id='word_1_41' title='bbox 925 1323 1034 1390; x_wconf 87' lang='lat' dir='ltr'><strong>pugna</strong></span> <span class='ocrx_word' id='word_1_42' title='bbox 1051 1315 1212 1387; x_wconf 79' lang='lat' dir='ltr'><strong>ceperant.</strong></span> 
     </span>
    </p>

    <p class='ocr_par' dir='ltr' id='par_1_3' title="bbox 142 1399 1214 2276">
     <span class='ocr_line' id='line_1_7' title="bbox 187 1399 1214 1489; baseline 0.005 -29"><span class='ocrx_word' id='word_1_43' title='bbox 187 1399 261 1462; x_wconf 86' lang='lat' dir='ltr'><strong>Vll.</strong></span> <span class='ocrx_word' id='word_1_44' title='bbox 284 1402 388 1486; x_wconf 87' lang='lat' dir='ltr'><strong>Atque</strong></span> <span class='ocrx_word' id='word_1_45' title='bbox 412 1400 464 1463; x_wconf 90' lang='lat' dir='ltr'><strong>ille</strong></span> <span class='ocrx_word' id='word_1_46' title='bbox 484 1417 615 1488; x_wconf 90' lang='lat' dir='ltr'><strong>rogatus</strong></span> <span class='ocrx_word' id='word_1_47' title='bbox 636 1401 850 1481; x_wconf 82' lang='lat' dir='ltr'><strong>sententiam,</strong></span> <span class='ocrx_word' id='word_1_48' title='bbox 871 1402 1143 1489; x_wconf 75' lang='lat' dir='ltr'><strong>«Nequicquam,</strong></span> <span class='ocrx_word' id='word_1_49' title='bbox 1161 1403 1214 1466; x_wconf 91' lang='lat' dir='ltr'><strong>iu·</strong></span> 
     </span>
     <span class='ocr_line' id='line_1_8' title="bbox 143 1501 1214 1590; baseline 0.005 -28"><span class='ocrx_word' id='word_1_50' title='bbox 143 1532 154 1553; x_wconf 76' lang='grc' dir='ltr'><strong>«ι</strong></span> <span class='ocrx_word' id='word_1_51' title='bbox 168 1501 256 1587; x_wconf 90' lang='lat' dir='ltr'><strong>quit,</strong></span> <span class='ocrx_word' id='word_1_52' title='bbox 274 1525 362 1589; x_wconf 88' lang='lat' dir='ltr'><strong>spem</strong></span> <span class='ocrx_word' id='word_1_53' title='bbox 379 1518 544 1566; x_wconf 85' lang='lat' dir='ltr'><strong>metumve</strong></span> <span class='ocrx_word' id='word_1_54' title='bbox 562 1502 794 1584; x_wconf 84' lang='lat' dir='ltr'><strong>intenderetis,</strong></span> <span class='ocrx_word' id='word_1_55' title='bbox 813 1503 958 1583; x_wconf 88' lang='lat' dir='ltr'><strong>Cimbri,</strong></span> <span class='ocrx_word' id='word_1_56' title='bbox 975 1520 1013 1567; x_wconf 90' lang='lat' dir='ltr'><strong>ut</strong></span> <span class='ocrx_word' id='word_1_57' title='bbox 1026 1505 1120 1568; x_wconf 82' lang='lat' dir='ltr'><strong>vobis</strong></span> <span class='ocrx_word' id='word_1_58' title='bbox 1135 1525 1214 1590; x_wconf 86' lang='lat' dir='ltr'><strong>pro-</strong></span> 
     </span>
     <span class='ocr_line' id='line_1_9' title="bbox 144 1604 1214 1695; baseline 0.005 -31"><span class='ocrx_word' id='word_1_59' title='bbox 144 1605 315 1665; x_wconf 76' lang='lat' dir='ltr'><strong>«futurum</strong></span> <span class='ocrx_word' id='word_1_60' title='bbox 329 1604 499 1667; x_wconf 91' lang='lat' dir='ltr'><strong>consilium</strong></span> <span class='ocrx_word' id='word_1_61' title='bbox 514 1628 737 1694; x_wconf 83' lang='lat' dir='ltr'><strong>suggererem,</strong></span> <span class='ocrx_word' id='word_1_62' title='bbox 754 1608 780 1670; x_wconf 90' lang='lat' dir='ltr'><strong>si</strong></span> <span class='ocrx_word' id='word_1_63' title='bbox 791 1607 978 1693; x_wconf 75' lang='lat' dir='ltr'><strong>pestiferum</strong></span> <span class='ocrx_word' id='word_1_64' title='bbox 994 1605 1080 1669; x_wconf 86' lang='lat' dir='ltr'><strong>idem</strong></span> <span class='ocrx_word' id='word_1_65' title='bbox 1090 1606 1214 1695; x_wconf 90' lang='lat' dir='ltr'><strong>populo</strong></span> 
     </span>
     <span class='ocr_line' id='line_1_10' title="bbox 143 1705 1213 1795; baseline 0.003 -29"><span class='ocrx_word' id='word_1_66' title='bbox 143 1727 302 1769; x_wconf 76' lang='lat' dir='ltr'><strong>«romano</strong></span> <span class='ocrx_word' id='word_1_67' title='bbox 318 1707 386 1769; x_wconf 88' lang='lat' dir='ltr'><strong>fore</strong></span> <span class='ocrx_word' id='word_1_68' title='bbox 400 1705 574 1771; x_wconf 84' lang='lat' dir='ltr'><strong>rideretur.</strong></span> <span class='ocrx_word' id='word_1_69' title='bbox 593 1709 676 1772; x_wconf 90' lang='lat' dir='ltr'><strong>Nam</strong></span> <span class='ocrx_word' id='word_1_70' title='bbox 691 1706 823 1795; x_wconf 92' lang='lat' dir='ltr'><strong>quando</strong></span> <span class='ocrx_word' id='word_1_71' title='bbox 840 1705 901 1770; x_wconf 92' lang='lat' dir='ltr'><strong>diis</strong></span> <span class='ocrx_word' id='word_1_72' title='bbox 917 1706 1156 1770; x_wconf 81' lang='lat' dir='ltr'><strong>immortalibus</strong></span> <span class='ocrx_word' id='word_1_73' title='bbox 1170 1705 1213 1769; x_wconf 90' lang='lat' dir='ltr'><strong>ita</strong></span> 
     </span>
     <span class='ocr_line' id='line_1_11' title="bbox 142 1804 1213 1896; baseline 0.001 -27"><span class='ocrx_word' id='word_1_74' title='bbox 142 1807 269 1870; x_wconf 76' lang='lat' dir='ltr'><strong>«visum</strong></span> <span class='ocrx_word' id='word_1_75' title='bbox 288 1824 350 1888; x_wconf 89' lang='lat' dir='ltr'><strong>est,</strong></span> <span class='ocrx_word' id='word_1_76' title='bbox 369 1809 419 1870; x_wconf 89' lang='lat' dir='ltr'><strong>uti</strong></span> <span class='ocrx_word' id='word_1_77' title='bbox 438 1809 470 1870; x_wconf 93' lang='lat' dir='ltr'><strong>in</strong></span> <span class='ocrx_word' id='word_1_78' title='bbox 489 1809 652 1872; x_wconf 83' lang='lat' dir='ltr'><strong>fortunam</strong></span> <span class='ocrx_word' id='word_1_79' title='bbox 669 1809 714 1873; x_wconf 87' lang='grc' dir='ltr'><strong>Μ.</strong></span> <span class='ocrx_word' id='word_1_80' title='bbox 730 1808 844 1896; x_wconf 84' lang='lat' dir='ltr'><strong>Reguli</strong></span> <span class='ocrx_word' id='word_1_81' title='bbox 859 1806 1053 1887; x_wconf 89' lang='lat' dir='ltr'><strong>inciderem,</strong></span> <span class='ocrx_word' id='word_1_82' title='bbox 1068 1804 1213 1886; x_wconf 85' lang='lat' dir='ltr'><strong>ejusdem</strong></span> 
     </span>
     <span class='ocr_line' id='line_1_12' title="bbox 143 1909 1213 1998; baseline 0.002 -28"><span class='ocrx_word' id='word_1_83' title='bbox 143 1910 260 1971; x_wconf 72' lang='lat' dir='ltr'><strong>«etiam</strong></span> <span class='ocrx_word' id='word_1_84' title='bbox 283 1909 453 1973; x_wconf 89' lang='lat' dir='ltr'><strong>induerem</strong></span> <span class='ocrx_word' id='word_1_85' title='bbox 475 1910 643 1989; x_wconf 89' lang='lat' dir='ltr'><strong>animum,</strong></span> <span class='ocrx_word' id='word_1_86' title='bbox 666 1911 723 1997; x_wconf 93' lang='lat' dir='ltr'><strong>qui</strong></span> <span class='ocrx_word' id='word_1_87' title='bbox 747 1932 893 1974; x_wconf 90' lang='lat' dir='ltr'><strong>summos</strong></span> <span class='ocrx_word' id='word_1_88' title='bbox 920 1911 1028 1998; x_wconf 91' lang='lat' dir='ltr'><strong>potius</strong></span> <span class='ocrx_word' id='word_1_89' title='bbox 1052 1909 1213 1972; x_wconf 87' lang='lat' dir='ltr'><strong>cruciatus</strong></span> 
     </span>
     <span class='ocr_line' id='line_1_13' title="bbox 142 2009 1213 2100; baseline 0.001 -29"><span class='ocrx_word' id='word_1_90' title='bbox 142 2012 268 2073; x_wconf 72' lang='lat' dir='ltr'><strong>«sciens</strong></span> <span class='ocrx_word' id='word_1_91' title='bbox 291 2009 502 2097; x_wconf 85' lang='lat' dir='ltr'><strong>prudensque</strong></span> <span class='ocrx_word' id='word_1_92' title='bbox 524 2011 641 2092; x_wconf 89' lang='lat' dir='ltr'><strong>subiit,</strong></span> <span class='ocrx_word' id='word_1_93' title='bbox 663 2034 761 2098; x_wconf 91' lang='lat' dir='ltr'><strong>quam</strong></span> <span class='ocrx_word' id='word_1_94' title='bbox 786 2026 825 2075; x_wconf 89' lang='lat' dir='ltr'><strong>ut</strong></span> <span class='ocrx_word' id='word_1_95' title='bbox 848 2027 963 2076; x_wconf 89' lang='lat' dir='ltr'><strong>contra</strong></span> <span class='ocrx_word' id='word_1_96' title='bbox 981 2011 1117 2100; x_wconf 88' lang='lat' dir='ltr'><strong>patriam</strong></span> <span class='ocrx_word' id='word_1_97' title='bbox 1132 2009 1213 2074; x_wconf 92' lang='lat' dir='ltr'><strong>Car·</strong></span> 
     </span>
     <span class='ocr_line' id='line_1_14' title="bbox 143 2110 1214 2199; baseline 0.002 -27"><span class='ocrx_word' id='word_1_98' title='bbox 143 2111 440 2198; x_wconf 73' lang='lat' dir='ltr'><strong>«thaginiensibus,</strong></span> <span class='ocrx_word' id='word_1_99' title='bbox 455 2134 598 2199; x_wconf 93' lang='lat' dir='ltr'><strong>quorum</strong></span> <span class='ocrx_word' id='word_1_100' title='bbox 614 2113 648 2174; x_wconf 87' lang='lat' dir='ltr'><strong>in</strong></span> <span class='ocrx_word' id='word_1_101' title='bbox 667 2128 858 2198; x_wconf 83' lang='lat' dir='ltr'><strong>potestatem</strong></span> <span class='ocrx_word' id='word_1_102' title='bbox 876 2111 1066 2192; x_wconf 87' lang='lat' dir='ltr'><strong>devenerat,</strong></span> <span class='ocrx_word' id='word_1_103' title='bbox 1084 2110 1214 2175; x_wconf 83' lang='lat' dir='ltr'><strong>utiliora</strong></span> 
     </span>
     <span class='ocr_line' id='line_1_15' title="bbox 143 2212 323 2276; baseline 0 -1"><span class='ocrx_word' id='word_1_104' title='bbox 143 2244 155 2264; x_wconf 62' lang='grc' dir='ltr'><strong>σι</strong></span> <span class='ocrx_word' id='word_1_105' title='bbox 166 2212 323 2276; x_wconf 93' lang='lat' dir='ltr'><strong>suaderet.</strong></span> 
     </span>
    </p>

    <p class='ocr_par' dir='ltr' id='par_1_4' title="bbox 141 2300 1212 3290">
     <span class='ocr_line' id='line_1_16' title="bbox 186 2300 1211 2401; baseline 0 -25"><span class='ocrx_word' id='word_1_106' title='bbox 186 2314 273 2378; x_wconf 87' lang='lat' dir='ltr'><strong>Vlll.</strong></span> <span class='ocrx_word' id='word_1_107' title='bbox 292 2315 412 2377; x_wconf 73' lang='lat' dir='ltr'><strong>«Nunc</strong></span> <span class='ocrx_word' id='word_1_108' title='bbox 435 2315 590 2400; x_wconf 81' lang='lat' dir='ltr'><strong>quoniam</strong></span> <span class='ocrx_word' id='word_1_109' title='bbox 613 2314 701 2379; x_wconf 90' lang='lat' dir='ltr'><strong>idem</strong></span> <span class='ocrx_word' id='word_1_110' title='bbox 724 2300 873 2401; x_wconf 86' lang='lat' dir='ltr'><strong>utrisque</strong></span> <span class='ocrx_word' id='word_1_111' title='bbox 893 2313 1078 2378; x_wconf 88' lang='lat' dir='ltr'><strong>conducere</strong></span> <span class='ocrx_word' id='word_1_112' title='bbox 1097 2311 1211 2388; x_wconf 78' lang='lat' dir='ltr'><strong>video,</strong></span> 
     </span>
     <span class='ocr_line' id='line_1_17' title="bbox 142 2412 1212 2504; baseline 0 -26"><span class='ocrx_word' id='word_1_113' title='bbox 142 2415 312 2478; x_wconf 78' lang='lat' dir='ltr'><strong>«dubitare</strong></span> <span class='ocrx_word' id='word_1_114' title='bbox 329 2438 396 2477; x_wconf 92' lang='lat' dir='ltr'><strong>non</strong></span> <span class='ocrx_word' id='word_1_115' title='bbox 416 2412 562 2497; x_wconf 86' lang='lat' dir='ltr'><strong>debetis,</strong></span> <span class='ocrx_word' id='word_1_116' title='bbox 579 2416 660 2504; x_wconf 92' lang='lat' dir='ltr'><strong>quin</strong></span> <span class='ocrx_word' id='word_1_117' title='bbox 672 2438 712 2479; x_wconf 90' lang='lat' dir='ltr'><strong>ex</strong></span> <span class='ocrx_word' id='word_1_118' title='bbox 727 2417 825 2479; x_wconf 89' lang='lat' dir='ltr'><strong>animi</strong></span> <span class='ocrx_word' id='word_1_119' title='bbox 838 2416 902 2479; x_wconf 88' lang='lat' dir='ltr'><strong>mei</strong></span> <span class='ocrx_word' id='word_1_120' title='bbox 920 2415 1078 2479; x_wconf 88' lang='lat' dir='ltr'><strong>sententia</strong></span> <span class='ocrx_word' id='word_1_121' title='bbox 1089 2414 1151 2477; x_wconf 90' lang='lat' dir='ltr'><strong>sim</strong></span> <span class='ocrx_word' id='word_1_122' title='bbox 1162 2413 1212 2478; x_wconf 91' lang='lat' dir='ltr'><strong>lo·</strong></span> 
     </span>
     <span class='ocr_line' id='line_1_18' title="bbox 142 2515 1212 2605; baseline -0.001 -26"><span class='ocrx_word' id='word_1_123' title='bbox 142 2549 154 2571; x_wconf 69' lang='lat' dir='ltr'>u</span> <span class='ocrx_word' id='word_1_124' title='bbox 165 2533 338 2604; x_wconf 90' lang='lat' dir='ltr'><strong>quuturus.</strong></span> <span class='ocrx_word' id='word_1_125' title='bbox 363 2518 443 2578; x_wconf 88' lang='lat' dir='ltr'><strong>Rem</strong></span> <span class='ocrx_word' id='word_1_126' title='bbox 461 2539 612 2605; x_wconf 81' lang='lat' dir='ltr'><strong>magnam</strong></span> <span class='ocrx_word' id='word_1_127' title='bbox 629 2517 792 2604; x_wconf 89' lang='lat' dir='ltr'><strong>incipitis,</strong></span> <span class='ocrx_word' id='word_1_128' title='bbox 814 2532 847 2580; x_wconf 91' lang='lat' dir='ltr'><strong>et</strong></span> <span class='ocrx_word' id='word_1_129' title='bbox 862 2537 1056 2604; x_wconf 87' lang='lat' dir='ltr'><strong>magnorum</strong></span> <span class='ocrx_word' id='word_1_130' title='bbox 1071 2515 1212 2578; x_wconf 87' lang='lat' dir='ltr'><strong>indicem</strong></span> 
     </span>
     <span class='ocr_line' id='line_1_19' title="bbox 142 2613 1212 2702; baseline -0.005 -21"><span class='ocrx_word' id='word_1_131' title='bbox 142 2619 365 2697; x_wconf 72' lang='lat' dir='ltr'><strong>«animorum,</strong></span> <span class='ocrx_word' id='word_1_132' title='bbox 378 2618 502 2678; x_wconf 89' lang='lat' dir='ltr'><strong>Cimbri</strong></span> <span class='ocrx_word' id='word_1_133' title='bbox 516 2641 523 2680; x_wconf 94' lang='lat'><strong>:</strong></span> <span class='ocrx_word' id='word_1_134' title='bbox 538 2617 594 2681; x_wconf 91' lang='lat' dir='ltr'><strong>sed</strong></span> <span class='ocrx_word' id='word_1_135' title='bbox 605 2665 615 2697; x_wconf 88' lang='lat'><strong>,</strong></span> <span class='ocrx_word' id='word_1_136' title='bbox 627 2618 653 2679; x_wconf 91' lang='lat' dir='ltr'><strong>si</strong></span> <span class='ocrx_word' id='word_1_137' title='bbox 664 2638 778 2679; x_wconf 85' lang='lat' dir='ltr'><strong>verum</strong></span> <span class='ocrx_word' id='word_1_138' title='bbox 788 2618 900 2679; x_wconf 90' lang='lat' dir='ltr'><strong>audire</strong></span> <span class='ocrx_word' id='word_1_139' title='bbox 916 2615 1066 2702; x_wconf 81' lang='lat' dir='ltr'><strong>potestis,</strong></span> <span class='ocrx_word' id='word_1_140' title='bbox 1077 2613 1212 2677; x_wconf 83' lang='lat' dir='ltr'><strong>non-ali·</strong></span> 
     </span>
     <span class='ocr_line' id='line_1_20' title="bbox 143 2716 1210 2804; baseline 0.001 -25"><span class='ocrx_word' id='word_1_141' title='bbox 143 2735 213 2780; x_wconf 66' lang='lat' dir='ltr'><strong>uter</strong></span> <span class='ocrx_word' id='word_1_142' title='bbox 227 2719 319 2780; x_wconf 88' lang='lat' dir='ltr'><strong>vobis</strong></span> <span class='ocrx_word' id='word_1_143' title='bbox 334 2718 524 2804; x_wconf 83' lang='lat' dir='ltr'><strong>gloriosam,</strong></span> <span class='ocrx_word' id='word_1_144' title='bbox 544 2740 642 2804; x_wconf 89' lang='lat' dir='ltr'><strong>quam</strong></span> <span class='ocrx_word' id='word_1_145' title='bbox 655 2718 682 2780; x_wconf 90' lang='lat' dir='ltr'><strong>si</strong></span> <span class='ocrx_word' id='word_1_146' title='bbox 694 2718 779 2779; x_wconf 90' lang='lat' dir='ltr'><strong>intra</strong></span> <span class='ocrx_word' id='word_1_147' title='bbox 794 2716 1059 2780; x_wconf 89' lang='lat' dir='ltr'><strong>deliberationem</strong></span> <span class='ocrx_word' id='word_1_148' title='bbox 1076 2716 1210 2781; x_wconf 89' lang='lat' dir='ltr'><strong>steterit.</strong></span> 
     </span>
     <span class='ocr_line' id='line_1_21' title="bbox 142 2817 1209 2905; baseline 0.001 -25"><span class='ocrx_word' id='word_1_149' title='bbox 142 2820 247 2881; x_wconf 71' lang='lat' dir='ltr'><strong>«Nam</strong></span> <span class='ocrx_word' id='word_1_150' title='bbox 275 2820 323 2882; x_wconf 90' lang='lat' dir='ltr'><strong>uti</strong></span> <span class='ocrx_word' id='word_1_151' title='bbox 351 2818 498 2904; x_wconf 83' lang='lat' dir='ltr'><strong>prolecto</strong></span> <span class='ocrx_word' id='word_1_152' title='bbox 529 2819 678 2881; x_wconf 81' lang='lat' dir='ltr'><strong>eximiam</strong></span> <span class='ocrx_word' id='word_1_153' title='bbox 703 2818 796 2880; x_wconf 84' lang='lat' dir='ltr'><strong>vobis</strong></span> <span class='ocrx_word' id='word_1_154' title='bbox 819 2817 1065 2880; x_wconf 83' lang='lat' dir='ltr'><strong>admirationem</strong></span> <span class='ocrx_word' id='word_1_155' title='bbox 1088 2817 1209 2905; x_wconf 87' lang='lat' dir='ltr'><strong>pariet,</strong></span> 
     </span>
     <span class='ocr_line' id='line_1_22' title="bbox 141 2917 1211 3007; baseline 0.003 -27"><span class='ocrx_word' id='word_1_156' title='bbox 141 2918 255 3006; x_wconf 80' lang='lat' dir='ltr'><strong>«quod</strong></span> <span class='ocrx_word' id='word_1_157' title='bbox 269 2919 309 2981; x_wconf 90' lang='lat' dir='ltr'><strong>de</strong></span> <span class='ocrx_word' id='word_1_158' title='bbox 326 2935 417 2981; x_wconf 88' lang='lat' dir='ltr'><strong>tanto</strong></span> <span class='ocrx_word' id='word_1_159' title='bbox 433 2919 563 3006; x_wconf 90' lang='lat' dir='ltr'><strong>incepto</strong></span> <span class='ocrx_word' id='word_1_160' title='bbox 580 2917 756 2982; x_wconf 84' lang='lat' dir='ltr'><strong>deliberare</strong></span> <span class='ocrx_word' id='word_1_161' title='bbox 772 2919 841 2981; x_wconf 89' lang='lat' dir='ltr'><strong>ausi</strong></span> <span class='ocrx_word' id='word_1_162' title='bbox 863 2919 939 2982; x_wconf 89' lang='lat' dir='ltr'><strong>estis</strong></span> <span class='ocrx_word' id='word_1_163' title='bbox 952 2941 961 2998; x_wconf 93' lang='lat'>;</span> <span class='ocrx_word' id='word_1_164' title='bbox 976 2919 1020 2981; x_wconf 90' lang='lat' dir='ltr'><strong>ita</strong></span> <span class='ocrx_word' id='word_1_165' title='bbox 1035 2919 1062 2982; x_wconf 90' lang='lat' dir='ltr'><strong>si</strong></span> <span class='ocrx_word' id='word_1_166' title='bbox 1079 2917 1211 3007; x_wconf 87' lang='lat' dir='ltr'><strong>expedi·</strong></span> 
     </span>
     <span class='ocr_line' id='line_1_23' title="bbox 142 3019 1211 3110; baseline 0.001 -27"><span class='ocrx_word' id='word_1_167' title='bbox 142 3019 321 3084; x_wconf 66' lang='lat' dir='ltr'><strong>«ditionem</strong></span> <span class='ocrx_word' id='word_1_168' title='bbox 336 3020 556 3107; x_wconf 86' lang='lat' dir='ltr'><strong>susceperitis,</strong></span> <span class='ocrx_word' id='word_1_169' title='bbox 574 3021 694 3101; x_wconf 84' lang='lat' dir='ltr'><strong>majora</strong></span> <span class='ocrx_word' id='word_1_170' title='bbox 709 3019 832 3084; x_wconf 82' lang='lat' dir='ltr'><strong>viribus</strong></span> <span class='ocrx_word' id='word_1_171' title='bbox 851 3042 1016 3110; x_wconf 85' lang='lat' dir='ltr'><strong>aggressos</strong></span> <span class='ocrx_word' id='word_1_172' title='bbox 1035 3043 1096 3107; x_wconf 93' lang='lat' dir='ltr'><strong>pro</strong></span> <span class='ocrx_word' id='word_1_173' title='bbox 1111 3036 1211 3085; x_wconf 84' lang='lat' dir='ltr'><strong>teme·</strong></span> 
     </span>
     <span class='ocr_line' id='line_1_24' title="bbox 141 3121 1210 3211; baseline 0 -26"><span class='ocrx_word' id='word_1_174' title='bbox 141 3154 153 3178; x_wconf 84' lang='lat'>«</span> <span class='ocrx_word' id='word_1_175' title='bbox 163 3123 253 3187; x_wconf 89' lang='lat' dir='ltr'><strong>rariis</strong></span> <span class='ocrx_word' id='word_1_176' title='bbox 269 3123 377 3211; x_wconf 89' lang='lat' dir='ltr'><strong>potius</strong></span> <span class='ocrx_word' id='word_1_177' title='bbox 393 3121 561 3186; x_wconf 80' lang='lat' dir='ltr'><strong>damnabit</strong></span> <span class='ocrx_word' id='word_1_178' title='bbox 576 3122 677 3204; x_wconf 82' lang='lat' dir='ltr'><strong>lama,</strong></span> <span class='ocrx_word' id='word_1_179' title='bbox 692 3144 789 3209; x_wconf 80' lang='lat' dir='ltr'><strong>quem</strong></span> <span class='ocrx_word' id='word_1_180' title='bbox 808 3146 869 3211; x_wconf 91' lang='lat' dir='ltr'><strong>pro</strong></span> <span class='ocrx_word' id='word_1_181' title='bbox 886 3121 1023 3185; x_wconf 86' lang='lat' dir='ltr'><strong>sortibus</strong></span> <span class='ocrx_word' id='word_1_182' title='bbox 1040 3143 1210 3187; x_wconf 89' lang='lat' dir='ltr'><strong>commen·</strong></span> 
     </span>
     <span class='ocr_line' id='line_1_25' title="bbox 141 3225 265 3290; baseline 0.008 -1"><span class='ocrx_word' id='word_1_183' title='bbox 141 3225 265 3290; x_wconf 63' lang='lat' dir='ltr'><strong>‹tdabit</strong></span> 
     </span>
    </p>

    <p class='ocr_par' dir='ltr' id='par_1_5' title="bbox 140 3325 1210 4327">
     <span class='ocr_line' id='line_1_26' title="bbox 185 3325 1210 3412; baseline -0.001 -22"><span class='ocrx_word' id='word_1_184' title='bbox 185 3329 243 3391; x_wconf 87' lang='lat' dir='ltr'><strong>lX.</strong></span> <span class='ocrx_word' id='word_1_185' title='bbox 272 3330 385 3407; x_wconf 80' lang='lat' dir='ltr'><strong>«Nec,</strong></span> <span class='ocrx_word' id='word_1_186' title='bbox 417 3350 456 3390; x_wconf 86' lang='lat' dir='ltr'><strong>ex</strong></span> <span class='ocrx_word' id='word_1_187' title='bbox 483 3325 622 3391; x_wconf 88' lang='lat' dir='ltr'><strong>ducibus</strong></span> <span class='ocrx_word' id='word_1_188' title='bbox 650 3327 909 3412; x_wconf 85' lang='lat' dir='ltr'><strong>exercitibusque</strong></span> <span class='ocrx_word' id='word_1_189' title='bbox 936 3326 1049 3407; x_wconf 87' lang='lat' dir='ltr'><strong>vietis,</strong></span> <span class='ocrx_word' id='word_1_190' title='bbox 1079 3326 1145 3389; x_wconf 84' lang='lat' dir='ltr'><strong>vim</strong></span> <span class='ocrx_word' id='word_1_191' title='bbox 1172 3348 1210 3389; x_wconf 85' lang='lat' dir='ltr'><strong>ac</strong></span> 
     </span>
     <span class='ocr_line' id='line_1_27' title="bbox 141 3428 1209 3517; baseline 0.001 -27"><span class='ocrx_word' id='word_1_192' title='bbox 141 3461 152 3480; x_wconf 58' lang='grc' dir='ltr'><strong>ιι</strong></span> <span class='ocrx_word' id='word_1_193' title='bbox 163 3429 265 3492; x_wconf 82' lang='lat' dir='ltr'><strong>robur</strong></span> <span class='ocrx_word' id='word_1_194' title='bbox 273 3431 385 3517; x_wconf 90' lang='lat' dir='ltr'><strong>populi</strong></span> <span class='ocrx_word' id='word_1_195' title='bbox 397 3429 523 3493; x_wconf 90' lang='lat' dir='ltr'><strong>romani</strong></span> <span class='ocrx_word' id='word_1_196' title='bbox 533 3431 736 3517; x_wconf 81' lang='lat' dir='ltr'><strong>putaveritis3</strong></span> <span class='ocrx_word' id='word_1_197' title='bbox 751 3429 887 3508; x_wconf 86' lang='lat' dir='ltr'><strong>majores</strong></span> <span class='ocrx_word' id='word_1_198' title='bbox 897 3429 983 3492; x_wconf 91' lang='lat' dir='ltr'><strong>enim</strong></span> <span class='ocrx_word' id='word_1_199' title='bbox 994 3428 1209 3516; x_wconf 86' lang='lat' dir='ltr'><strong>melioresque</strong></span> 
     </span>
     <span class='ocr_line' id='line_1_28' title="bbox 140 3528 1208 3618; baseline 0.002 -27"><span class='ocrx_word' id='word_1_200' title='bbox 140 3531 256 3593; x_wconf 88' lang='lat' dir='ltr'><strong>«multi</strong></span> <span class='ocrx_word' id='word_1_201' title='bbox 275 3547 471 3617; x_wconf 91' lang='lat' dir='ltr'><strong>supersunt:</strong></span> <span class='ocrx_word' id='word_1_202' title='bbox 490 3548 523 3595; x_wconf 92' lang='lat' dir='ltr'><strong>et</strong></span> <span class='ocrx_word' id='word_1_203' title='bbox 547 3533 623 3618; x_wconf 89' lang='lat' dir='ltr'><strong>quia</strong></span> <span class='ocrx_word' id='word_1_204' title='bbox 645 3532 853 3618; x_wconf 86' lang='lat' dir='ltr'><strong>sequentium</strong></span> <span class='ocrx_word' id='word_1_205' title='bbox 873 3546 1008 3593; x_wconf 87' lang='lat' dir='ltr'><strong>eventus</strong></span> <span class='ocrx_word' id='word_1_206' title='bbox 1024 3528 1208 3608; x_wconf 84' lang='lat' dir='ltr'><strong>divinandi,</strong></span> 
     </span>
     <span class='ocr_line' id='line_1_29' title="bbox 142 3631 1209 3720; baseline 0.002 -29"><span class='ocrx_word' id='word_1_207' title='bbox 142 3662 153 3683; x_wconf 70' lang='grc' dir='ltr'><strong>ιι</strong></span> <span class='ocrx_word' id='word_1_208' title='bbox 166 3653 230 3692; x_wconf 94' lang='lat' dir='ltr'><strong>non</strong></span> <span class='ocrx_word' id='word_1_209' title='bbox 255 3632 315 3693; x_wconf 81' lang='lat' dir='ltr'><strong>alia</strong></span> <span class='ocrx_word' id='word_1_210' title='bbox 335 3633 474 3712; x_wconf 88' lang='lat' dir='ltr'><strong>certior,</strong></span> <span class='ocrx_word' id='word_1_211' title='bbox 498 3655 596 3719; x_wconf 89' lang='lat' dir='ltr'><strong>quam</strong></span> <span class='ocrx_word' id='word_1_212' title='bbox 624 3655 662 3696; x_wconf 92' lang='lat' dir='ltr'><strong>ex</strong></span> <span class='ocrx_word' id='word_1_213' title='bbox 690 3631 933 3720; x_wconf 86' lang='lat' dir='ltr'><strong>comparatione</strong></span> <span class='ocrx_word' id='word_1_214' title='bbox 952 3631 1209 3719; x_wconf 68' lang='lat' dir='ltr'><strong>prseteritorum,</strong></span> 
     </span>
     <span class='ocr_line' id='line_1_30' title="bbox 140 3730 1209 3847; baseline 0.001 -54"><span class='ocrx_word' id='word_1_215' title='bbox 140 3762 152 3785; x_wconf 74' lang='grc' dir='ltr'><strong>«ι</strong></span> <span class='ocrx_word' id='word_1_216' title='bbox 162 3732 243 3794; x_wconf 78' lang='lat' dir='ltr'><strong>ratio</strong></span> <span class='ocrx_word' id='word_1_217' title='bbox 258 3748 322 3810; x_wconf 88' lang='lat' dir='ltr'><strong>est,</strong></span> <span class='ocrx_word' id='word_1_218' title='bbox 339 3731 480 3797; x_wconf 89' lang='lat' dir='ltr'><strong>duorum</strong></span> <span class='ocrx_word' id='word_1_219' title='bbox 500 3734 618 3797; x_wconf 88' lang='lat' dir='ltr'><strong>vobis</strong></span> <span class='ocrx_word' id='word_1_220' title='bbox 609 3749 842 3847; x_wconf 81' lang='lat' dir='ltr'><strong>imperatorum</strong></span> <span class='ocrx_word' id='word_1_221' title='bbox 866 3730 1000 3794; x_wconf 87' lang='lat' dir='ltr'><strong>consilia</strong></span> <span class='ocrx_word' id='word_1_222' title='bbox 1020 3731 1209 3816; x_wconf 82' lang='lat' dir='ltr'><strong>exitumque</strong></span> 
     </span>
     <span class='ocr_line' id='line_1_31' title="bbox 140 3831 1209 3921; baseline -0.002 -26"><span class='ocrx_word' id='word_1_223' title='bbox 140 3856 360 3921; x_wconf 85' lang='lat' dir='ltr'><strong>«proponam,</strong></span> <span class='ocrx_word' id='word_1_224' title='bbox 373 3857 515 3921; x_wconf 89' lang='lat' dir='ltr'><strong>quorum</strong></span> <span class='ocrx_word' id='word_1_225' title='bbox 531 3851 620 3899; x_wconf 90' lang='lat' dir='ltr'><strong>tanta</strong></span> <span class='ocrx_word' id='word_1_226' title='bbox 633 3835 694 3896; x_wconf 86' lang='lat' dir='ltr'><strong>fuit</strong></span> <span class='ocrx_word' id='word_1_227' title='bbox 705 3831 913 3913; x_wconf 81' lang='lat' dir='ltr'><strong>existimatio,</strong></span> <span class='ocrx_word' id='word_1_228' title='bbox 926 3848 965 3895; x_wconf 90' lang='lat' dir='ltr'><strong>ut</strong></span> <span class='ocrx_word' id='word_1_229' title='bbox 975 3854 1064 3895; x_wconf 93' lang='lat' dir='ltr'><strong>nunc</strong></span> <span class='ocrx_word' id='word_1_230' title='bbox 1076 3852 1209 3918; x_wconf 88' lang='lat' dir='ltr'><strong>quoque</strong></span> 
     </span>
     <span class='ocr_line' id='line_1_32' title="bbox 140 3932 1208 4023; baseline -0.001 -28"><span class='ocrx_word' id='word_1_231' title='bbox 140 3950 236 4021; x_wconf 74' lang='lat' dir='ltr'><strong>«post</strong></span> <span class='ocrx_word' id='word_1_232' title='bbox 257 3934 395 3997; x_wconf 66' lang='lat' dir='ltr'><strong>infelicia</strong></span> <span class='ocrx_word' id='word_1_233' title='bbox 422 3951 548 4023; x_wconf 82' lang='lat' dir='ltr'><strong>coepta,</strong></span> <span class='ocrx_word' id='word_1_234' title='bbox 569 3936 705 3999; x_wconf 89' lang='lat' dir='ltr'><strong>summis</strong></span> <span class='ocrx_word' id='word_1_235' title='bbox 726 3933 960 4022; x_wconf 87' lang='lat' dir='ltr'><strong>quibusque</strong></span> <span class='ocrx_word' id='word_1_236' title='bbox 930 3934 1007 3997; x_wconf 78' lang='lat' dir='ltr'><strong>varis</strong></span> <span class='ocrx_word' id='word_1_237' title='bbox 1029 3932 1208 4019; x_wconf 78' lang='lat' dir='ltr'><strong>comparari</strong></span> 
     </span>
     <span class='ocr_line' id='line_1_33' title="bbox 140 4030 1207 4126; baseline 0 -27"><span class='ocrx_word' id='word_1_238' title='bbox 140 4036 293 4099; x_wconf 72' lang='lat' dir='ltr'><strong>«soleant.</strong></span> <span class='ocrx_word' id='word_1_239' title='bbox 314 4039 439 4099; x_wconf 89' lang='lat' dir='ltr'><strong>Horum</strong></span> <span class='ocrx_word' id='word_1_240' title='bbox 458 4039 601 4125; x_wconf 78' lang='lat' dir='ltr'><strong>Pyrrhus</strong></span> <span class='ocrx_word' id='word_1_241' title='bbox 616 4037 726 4126; x_wconf 88' lang='lat' dir='ltr'><strong>Epiri,</strong></span> <span class='ocrx_word' id='word_1_242' title='bbox 743 4033 942 4123; x_wconf 89' lang='lat' dir='ltr'><strong>quandoque</strong></span> <span class='ocrx_word' id='word_1_243' title='bbox 961 4050 994 4097; x_wconf 91' lang='lat' dir='ltr'><strong>et</strong></span> <span class='ocrx_word' id='word_1_244' title='bbox 1009 4030 1207 4099; x_wconf 82' lang='lat' dir='ltr'><strong>Macedoniae</strong></span> 
     </span>
     <span class='ocr_line' id='line_1_34' title="bbox 140 4133 1207 4225; baseline -0.001 -24"><span class='ocrx_word' id='word_1_245' title='bbox 140 4163 236 4218; x_wconf 68' lang='lat' dir='ltr'><strong>«rex,</strong></span> <span class='ocrx_word' id='word_1_246' title='bbox 258 4161 334 4201; x_wconf 88' lang='lat' dir='ltr'><strong>cum</strong></span> <span class='ocrx_word' id='word_1_247' title='bbox 357 4155 510 4201; x_wconf 84' lang='lat' dir='ltr'><strong>veterano</strong></span> <span class='ocrx_word' id='word_1_248' title='bbox 531 4139 692 4218; x_wconf 84' lang='lat' dir='ltr'><strong>exercitu,</strong></span> <span class='ocrx_word' id='word_1_249' title='bbox 718 4154 750 4201; x_wconf 91' lang='lat' dir='ltr'><strong>et</strong></span> <span class='ocrx_word' id='word_1_250' title='bbox 771 4137 943 4225; x_wconf 85' lang='lat' dir='ltr'><strong>incognitis</strong></span> <span class='ocrx_word' id='word_1_251' title='bbox 964 4137 998 4197; x_wconf 92' lang='lat' dir='ltr'><strong>in</strong></span> <span class='ocrx_word' id='word_1_252' title='bbox 1025 4133 1059 4198; x_wconf 95' lang='lat' dir='ltr'><strong>id</strong></span> <span class='ocrx_word' id='word_1_253' title='bbox 1080 4150 1207 4223; x_wconf 90' lang='lat' dir='ltr'><strong>tempus</strong></span> 
     </span>
     <span class='ocr_line' id='line_1_35' title="bbox 140 4236 1207 4327; baseline 0.002 -26"><span class='ocrx_word' id='word_1_254' title='bbox 140 4240 340 4327; x_wconf 78' lang='lat' dir='ltr'><strong>«elephantis</strong></span> <span class='ocrx_word' id='word_1_255' title='bbox 367 4240 398 4300; x_wconf 91' lang='lat' dir='ltr'><strong>in</strong></span> <span class='ocrx_word' id='word_1_256' title='bbox 427 4240 548 4301; x_wconf 87' lang='lat' dir='ltr'><strong>ltaliam</strong></span> <span class='ocrx_word' id='word_1_257' title='bbox 571 4263 610 4301; x_wconf 88' lang='lat' dir='ltr'><strong>eo</strong></span> <span class='ocrx_word' id='word_1_258' title='bbox 633 4256 783 4327; x_wconf 85' lang='lat' dir='ltr'><strong>tempore</strong></span> <span class='ocrx_word' id='word_1_259' title='bbox 804 4238 914 4319; x_wconf 86' lang='lat' dir='ltr'><strong>venit,</strong></span> <span class='ocrx_word' id='word_1_260' title='bbox 940 4259 1007 4323; x_wconf 93' lang='lat' dir='ltr'><strong>quo</strong></span> <span class='ocrx_word' id='word_1_261' title='bbox 1029 4236 1207 4303; x_wconf 86' lang='lat' dir='ltr'><strong>mediocres</strong></span> 
     </span>
    </p>
   </div>
   <div class='ocr_carea' id='block_1_3' title="bbox 143 4441 1202 4591">
    <p class='ocr_par' dir='ltr' id='par_1_6' title="bbox 143 4441 1202 4591">
     <span class='ocr_line' id='line_1_36' title="bbox 174 4441 1202 4506; baseline -0.001 -19"><span class='ocrx_word' id='word_1_262' title='bbox 174 4443 243 4506; x_wconf 70' lang='lat' dir='ltr'><strong>SVI.</strong></span> <span class='ocrx_word' id='word_1_263' title='bbox 258 4446 289 4492; x_wconf 87' lang='lat' dir='ltr'><strong>U.</strong></span> <span class='ocrx_word' id='word_1_264' title='bbox 300 4445 329 4493; x_wconf 91' lang='lat' dir='ltr'><strong>C.</strong></span> <span class='ocrx_word' id='word_1_265' title='bbox 343 4448 408 4504; x_wconf 67' lang='lat'><strong>6473</strong></span> <span class='ocrx_word' id='word_1_266' title='bbox 422 4446 451 4492; x_wconf 82' lang='grc' dir='ltr'><strong>Α.</strong></span> <span class='ocrx_word' id='word_1_267' title='bbox 465 4445 492 4491; x_wconf 84' lang='lat' dir='ltr'><strong>C.</strong></span> <span class='ocrx_word' id='word_1_268' title='bbox 507 4444 561 4488; x_wconf 68' lang='lat' dir='ltr'><strong>roi.</strong></span> <span class='ocrx_word' id='word_1_269' title='bbox 626 4442 749 4491; x_wconf 76' lang='lat' dir='ltr'><strong>Plutarch.</strong></span> <span class='ocrx_word' id='word_1_270' title='bbox 764 4443 790 4489; x_wconf 90' lang='lat' dir='ltr'><strong>in</strong></span> <span class='ocrx_word' id='word_1_271' title='bbox 803 4443 897 4490; x_wconf 77' lang='lat' dir='ltr'><strong>Sertor.</strong></span> <span class='ocrx_word' id='word_1_272' title='bbox 907 4456 929 4488; x_wconf 84' lang='lat' dir='ltr'><strong>c.</strong></span> <span class='ocrx_word' id='word_1_273' title='bbox 943 4443 972 4498; x_wconf 83' lang='grc'><strong>3,</strong></span> <span class='ocrx_word' id='word_1_274' title='bbox 984 4451 1011 4491; x_wconf 83' lang='lat' dir='ltr'><strong>et</strong></span> <span class='ocrx_word' id='word_1_275' title='bbox 1019 4441 1046 4490; x_wconf 85' lang='lat' dir='ltr'><strong>in</strong></span> <span class='ocrx_word' id='word_1_276' title='bbox 1056 4442 1120 4491; x_wconf 70' lang='lat' dir='ltr'><strong>bist.</strong></span> <span class='ocrx_word' id='word_1_277' title='bbox 1128 4458 1150 4491; x_wconf 85' lang='grc' dir='ltr'><strong>ο.</strong></span> <span class='ocrx_word' id='word_1_278' title='bbox 1163 4442 1202 4489; x_wconf 70' lang='lat' dir='ltr'><strong>tii.</strong></span> 
     </span>
     <span class='ocr_line' id='line_1_37' title="bbox 143 4526 319 4591; baseline 0.023 -20"><span class='ocrx_word' id='word_1_279' title='bbox 143 4550 176 4559; x_wconf 89' lang='lat'><strong>-—</strong></span> <span class='ocrx_word' id='word_1_280' title='bbox 190 4526 242 4572; x_wconf 76' lang='lat' dir='ltr'><strong>Liv.</strong></span> <span class='ocrx_word' id='word_1_281' title='bbox 255 4529 319 4591; x_wconf 86' lang='lat' dir='ltr'><strong>Epit.</strong></span> 
     </span>
    </p>
   </div>
   <div class='ocr_carea' id='block_1_4' title="bbox 0 0 1302 4980">
    <p class='ocr_par' dir='ltr' id='par_1_7' title="bbox 0 0 1302 4980">
     <span class='ocr_line' id='line_1_38' title="bbox 0 0 1302 4980; baseline 0 1"><span class='ocrx_word' id='word_1_282' title='bbox 0 0 1302 4980; x_wconf 95' lang='lat' dir='ltr'><strong> </strong></span> 
     </span>
    </p>
   </div>
  </div>
 </body>
</html>
