2594 4980
157 722 1116 746 mmssfflmmmmmmmmmm
1121 724 1212 745 Μ

289 935 573 1026 JOANNIS
615 934 1080 1022 FREINSHEMII

205 1189 1160 1331 SUPPLEMENTORUM

444 1496 936 1641 mvmnouun

512 1751 689 1829 LIBER
724 1751 866 1828 XXII

397 1973 442 2025 IN
468 1968 562 2026 LOC.
584 1970 663 2024 LIB.
686 1970 773 2024 LVII
802 1971 988 2057 lelsm.

503 2206 888 2238 W„

570 2396 810 2464 ΕΡΙΤΟΜΕ

321 2559 443 2615 LIBRI
469 2557 839 2628 QU1NQusGE81M1
866 2559 1061 2617 SEPTIMI.

160 2718 245 2789 Scipio
259 2719 400 2770 Africanus
413 2718 584 2770 Numantiam
597 2713 717 2777 obsedit,
734 2727 760 2767 et
778 2727 933 2785 corruptum
947 2716 1051 2770 licentia
1066 2720 1221 2793 luxuriaque

196 2803 337 2853 exercitum
351 2800 386 2852 nd
401 2800 591 2852 severissimam
602 2799 702 2851 militiae
713 2798 878 2869 disciplinam
889 2802 1022 2853 revocavit
1034 2819 1041 2852 :
1055 2804 1147 2857 omnia
1155 2804 1222 2858 deli.

195 2886 295 2937 ciarum
311 2885 485 2937 instrumenta
504 2880 617 2943 recidit3
639 2881 693 2933 duo
713 2881 795 2934 millia
815 2893 962 2934 scortorum
982 2903 997 2935 a
1018 2886 1109 2939 castris
1128 2889 1221 2960 ejecit;

197 2969 305 3020 militem
318 2965 438 3038 quotidie
450 2968 477 3018 in
491 2984 570 3036 opere
580 2965 689 3028 habuit,
703 2976 729 3017 et
747 2966 854 3036 triginta
872 2966 976 3019 dierum
993 2969 1171 3034 frumentum,
1187 2972 1221 3027 ad

197 3064 316 3122 septenos
335 3050 417 3103 vallos
435 3051 504 3103 serre
520 3049 650 3119 cogebat:
666 3067 733 3120 egre
746 3059 854 3121 propter
870 3049 1084 3103 onus'incedenti
1100 3051 1221 3117 dicebat,

198 3139 275 3199 Quum
285 3137 372 3202 gladio
386 3149 410 3183 te
427 3136 525 3183 vallare
538 3134 633 3192 scieru,
647 3136 742 3183 vallum
748 3135 819 3201 serre
834 3135 945 3184 desinite.
964 3133 1031 3196 Alii,
1044 3146 1147 3188 scutum
1162 3157 1223 3210 par*

197 3238 256 3270 vum
271 3217 392 3270 habiliter
405 3217 513 3279 serenti,
527 3228 632 3268 scutum
651 3216 764 3287 amplius
775 3219 847 3289 justo
864 3216 933 3268 ferre
942 3216 1033 3287 jussit,
1051 3236 1139 3290 neque
1151 3219 1180 3274 id
1193 3241 1222 3276 se

197 3299 405 3372 reprehendere,
418 3298 526 3371 quando
548 3299 642 3352 melius
658 3311 750 3364 scuto,
768 3318 848 3370 quam
866 3297 968 3370 gladio,
989 3313 1114 3357 uteretur.
1135 3305 1222 3370 Quem

199 3386 306 3437 militem
325 3397 396 3437 extra
418 3382 539 3437 ordinem
560 3382 749 3455 deprehendit,
766 3384 788 3435 si
809 3385 944 3436 Romanus
964 3396 1046 3449 esset,
1066 3386 1181 3454 vitibus,
1202 3391 1224 3442 si

198 3479 349 3526 extraneus,
362 3467 442 3537 virgis
463 3466 567 3519 cecidit.
589 3467 714 3521 lumenta
732 3468 836 3531 omnia,
854 3486 889 3518 ne
909 3481 1080 3522 exonerarent
1099 3468 1224 3537 militem,

200 3551 325 3603 vendidit.
338 3553 409 3623 sepe
422 3550 548 3604 adversus
561 3551 711 3623 eruptiones
721 3552 837 3606 hostium
851 3550 963 3603 feliciter
973 3553 1110 3624 pugnavit.
1118 3556 1223 3611 Vaocaei

200 3635 312 3697 obsessi,
324 3635 413 3687 liberis
427 3634 635 3708 conjugibusque
648 3635 800 3699 trucidatis,
819 3635 869 3707 ipsi
886 3653 913 3687 se
926 3636 1123 3692 interemerunt.
1137 3641 1225 3715 Scipio

201 3718 357 3787 amplissima
367 3737 495 3780 munera,
508 3719 586 3772 missa
598 3719 647 3770 sihi
660 3720 694 3772 ab
707 3720 851 3782 Antiocho,
864 3737 927 3789 rege
936 3719 1032 3790 Syrie,
1040 3738 1123 3792 quum
1137 3724 1224 3779 celare

201 3802 259 3853 aliis
275 3802 475 3874 imperatoribus
493 3821 588 3873 regum
606 3820 717 3856 munera
732 3822 790 3855 mos
802 3814 947 3875 esset,.pro
959 3803 1085 3858 tribunali
1100 3821 1222 3879 acceptu-

200 3905 258 3938 rum
270 3906 297 3938 se
308 3906 364 3939 esse
377 3885 459 3948 dixit,
478 3885 619 3956 omniaque
633 3904 664 3939 ea
674 3886 772 3939 referre
783 3896 938 3957 quaestorem
948 3886 976 3938 in
987 3889 1107 3960 publicas
1121 3891 1225 3945 tabulas

199 3972 290 4042 jussit;
305 3971 380 4023 exiis
395 3990 421 4023 se
434 3970 499 4022 viris
512 3970 624 4023 sortibus
635 3966 706 4023 dona
725 3968 861 4023 daturum.
874 3971 965 4036 Quum
976 3972 1097 4046 undique
1108 3975 1224 4030 Numan·

200 4057 262 4108 tiam
273 4054 409 4107 obsidione
419 4053 567 4116 clausisset,
583 4065 609 4105 et
620 4054 738 4106 obsessos
752 4052 823 4105 fame
834 4051 933 4106 videret
946 4057 1050 4127 urgeri,
1064 4056 1166 4122 hostes,
1178 4063 1225 4131 qui

201 4141 354 4209 pabulatum
366 4139 499 4202 exierant,
514 4137 595 4190 vetuit
604 4134 707 4197 occidi;
725 4136 797 4208 quod
811 4135 924 4202 diceret,
939 4141 1055 4193 velocius
1064 4143 1225 4195 eos-rbsum-

201 4236 292 4291 pturos
302 4222 427 4275 frumenti
437 4220 509 4292 quod
523 4221 670 4280 heberent,
686 4220 707 4271 si
720 4222 809 4290 plures
823 4223 941 4274 luissent.

472 4391 915 4423 *m*—
