2594 4980
215 717 275 789 ln
305 717 416 786 too.
443 718 540 786 tm.
568 719 660 787 ων
690 720 909 791 mtrem.
1022 750 1089 822 227

93 868 100 908 t
115 844 233 909 obniti
251 843 379 908 decreto
392 840 544 923 deorum,
560 844 617 930 qui
633 864 732 930 penes
748 865 900 910 romanos
917 847 1091 936 imperium

93 966 207 1012 terum
231 946 441 1035 gentiumque
462 966 530 1007 esse
545 945 736 1025 voluerunt,
753 947 941 1033 agnoscitis3
959 972 1025 1016 non
1049 955 1094 1017 ita

93 1068 117 1111 n
133 1047 306 1135 sanguinis
317 1046 412 1108 vestm
426 1044 580 1133 cupidus,
597 1061 633 1108 ut
647 1045 680 1107 in
694 1045 865 1110 amicitiam
878 1050 1094 1140 'ros‘recipere

93 1148 166 1231 iim,
189 1148 270 1212 dum
293 1149 445 1235 imperata
467 1164 617 1234 prompte
637 1147 767 1209 ficietis.
791 1148 854 1211 Sed
877 1151 952 1236 quia
965 1157 1094 1219 ⁴multas

93 1293 95 1307 ·
112 1251 210 1314 annis
233 1251 374 1314 civitates
394 1271 413 1312 a
433 1249 585 1312 societate
606 1264 716 1311 nostra
737 1247 900 1313 Viriathus
922 1251 1095 1338 abstraxit,

93 1372 240 1440 rumque
256 1351 435 1438 principes,
456 1372 597 1437 quorum
616 1348 799 1436 proditione
817 1352 937 1436 patrati
956 1377 1007 1417 res
1029 1372 1094 1437 est,

93 1476 157 1518 mm
178 1454 358 1518 inhonore
379 1452 495 1531 habet,
515 1452 587 1514 illos
604 1466 679 1514 ante
699 1451 809 1514 omnia
827 1449 901 1515 dedi
925 1460 1094 1521 necessum

93 1572 109 1618 t.
127 1554 205 1619 Haec
222 1554 284 1617 erit
306 1552 438 1639 sponsio
453 1552 557 1638 pacis,
575 1574 648 1637 quae
667 1550 785 1615 deinde
800 1551 893 1616 robis
909 1554 1007 1619 haud·
1021 1582 1095 1647 gra·

93 1670 136 1736 te,
158 1676 220 1719 nec
241 1654 333 1718 malis
356 1651 599 1716 conditionibus
621 1651 760 1716 debitur.
786 1654 981 1741 Quanquam
1005 1661 1095 1725 enim

93 1772 141 1844 pta
152 1754 281 1843 egregia
293 1752 390 1832 urbe,
406 1753 535 1817 vastatis
550 1752 673 1838 aliquot
684 1752 832 1839 populis,
846 1752 1097 1846 Vectonumque

107 1856 319 1923 thlaecorum
342 1853 387 1916 sic
408 1853 520 1916 occisis
538 1851 678 1933 viribus,
705 1869 741 1915 ut
764 1876 831 1917 non
856 1856 920 1919 sint
942 1873 1006 1921 tam
1029 1861 1094 1926 cito

93 1957 244 2047 paraturi,
256 1953 521 2042 quantumrobis
535 1951 706 2016 decesserit
718 1975 784 2016 non
797 1956 857 2019 sim
870 1958 1013 2042 nescius,
1027 1984 1095 2026 non

93 2058 227 2123 romabo
239 2057 424 2135 victoriam,
441 2070 478 2117 ut
490 2043 596 2117 odisse
605 2052 714 2116 ridear
724 2076 847 2141 pacem.
865 2058 964 2137 Quod
978 2062 1096 2126 sivero

93 2182 178 2226 rcere
193 2159 257 2222 illis
275 2157 400 2246 potius,
416 2177 558 2242 quorum
574 2153 697 2218 deditio
712 2156 868 2243 poscitur,
886 2181 985 2245 quam
1002 2164 1095 2228 robis

93 2262 131 2326 sis
145 2261 277 2339 voletis,
291 2257 332 2321 ad
346 2280 398 2321 me
413 2257 524 2320 venire
537 2257 657 2345 legatos
675 2273 786 2343 postea
798 2275 873 2322 veto
887 2283 896 2323 ε
916 2280 1024 2348 parate
1038 2288 1096 2329 vos

93 2360 254 2442 ibellum,
273 2374 411 2439 sortem,
428 2380 526 2445 quam
542 2380 708 2421 armorum
724 2359 857 2423 fortuna
871 2360 1015 2444 dederit,
1036 2365 1096 2429 ha.

93 2462 163 2528 tus.
174 2496 188 2522 ι

93 2563 164 2630 XIX.
182 2564 369 2643 Viriathus,
388 2584 488 2649 quum
508 2577 584 2625 ante
602 2563 711 2626 omnia
731 2565 892 2651 principes
914 2567 1098 2650 civitatum,

93 2664 282 2732 itiiomanis
296 2662 337 2727 ad
352 2664 459 2751 ipsum
470 2663 678 2744 defecissent,
695 2665 849 2750 postulari
865 2666 1007 2747 videret,
1024 2692 1097 2756 par·

93 2787 246 2850 reorum,
265 2768 349 2830 inter
367 2788 450 2852 quos
467 2781 499 2828 et
520 2786 668 2827 socerum
688 2786 805 2844 suum,
821 2767 945 2853 proprii
962 2771 1099 2857 agminis

93 2884 220 2952 dorem,
245 2868 423 2948 interfecit,
444 2867 523 2930 alios
544 2866 677 2929 consum
691 2864 841 2945 tradidit3
865 2875 1008 2953 quorum
1026 2893 1099 2934 om·

93 2987 309 3060 inamputatae
325 2990 440 3033 manus
451 2983 547 3031 sunt:
561 2988 621 3029 nec
632 2987 690 3054 per
701 2966 808 3054 ipsum
827 2967 950 3048 stabat,
964 2974 1032 3055 quo
1042 2971 1100 3032 mi.

93 3074 206 3139 itoiida
218 3094 281 3162 pax
292 3070 501 3149 conveniret,
518 3067 580 3130 nisi
594 3065 684 3154 quod
696 3089 784 3129 armo
798 3067 992 3153 petebantur
1006 3092 1014 3132 :
1030 3069 1099 3134 haeo

93 3169 157 3240 dere
174 3196 283 3262 neque
309 3173 391 3261 ipse,
417 3193 523 3256 neque
541 3169 599 3256 qui
622 3190 697 3232 cum
714 3192 756 3232 eo
779 3185 887 3250 erant,
906 3173 1099 3238 sustinuero.

93 3286 250 3341 timorato
267 3275 353 3338 bello
366 3321 375 3352 ,
389 3293 492 3359 quum
501 3270 603 3334 vicina
614 3270 699 3333 iuter
714 3291 749 3332 se
761 3287 864 3332 castra
877 3269 1049 3353 haberent,
1068 3291 1101 3337 et

93 3377 149 3442 ui
161 3378 254 3442 omni
274 3385 399 3439 conatu
416 3373 536 3435 bellum
556 3370 649 3434 finire
669 3370 895 3452 contenderet,
916 3373 1025 3437 minus
1043 3375 1101 3438 ali-

93 3490 157 3541 mto
172 3479 321 3556 hostem,
338 3496 434 3563 quam
450 3496 483 3535 se
501 3494 662 3559 suosque,
676 3471 837 3560 fatigabat
852 3472 946 3563 Unde
959 3474 1101 3560 primum

93 3570 213 3667 difinitio
229 3595 263 3642 et
277 3576 391 3641 odium
405 3573 566 3653 consulis,
581 3595 658 3635 mox
671 3573 767 3635 etiam
782 3572 961 3660 periculosa
978 3575 1038 3662 ipsi
1053 3599 1103 3639 se·

93 3677 125 3741 tio
138 3680 169 3744 in
184 3680 296 3745 castris
317 3676 447 3741 exstitit.
469 3676 561 3737 Duro
579 3689 612 3736 et
632 3672 773 3758 superbo
796 3672 933 3758 imperio
951 3690 1103 3740 caeterum

93 3780 229 3863 nomm,
245 3781 378 3845 duriore
394 3778 519 3864 equites
535 3773 685 3837 habebat.

100 3874 159 3946 IX,
179 3881 290 3962 Unde,
308 3901 411 3967 quum
432 3891 534 3939 noctu
555 3874 734 3936 multorum
757 3893 839 3959 saepe
855 3875 1009 3938 conviciis
1030 3898 1106 3962 pro-

93 3964 247 4062 inderetur,
258 4002 366 4067 neque
377 3974 618 4066 deprehendere
630 3988 734 4037 certos
745 3987 893 4036 auctores
907 3990 1033 4061 posset,
1045 3975 1107 4040 ira-

93 4082 292 4163 ttuoirersis,
319 4080 409 4169 quod
434 4101 473 4142 ex
495 4100 534 4140 eo
559 4076 672 4162 utique
693 4096 830 4160 corpore
854 4075 1107 4141 contumeliosos

93 4186 136 4241 dos
149 4202 206 4247 esse
221 4183 422 4260 autumabat,
441 4178 592 4268 praecepit
605 4175 797 4262 aliquando,
813 4189 849 4239 ut
859 4175 996 4239 duarum
1012 4175 1108 4262 legib-

93 4287 242 4368 “equus
257 4286 362 4374 (erant
380 4282 517 4346 omnino
539 4277 700 4364 sexcenti)
720 4278 916 4356 transmisso,
935 4281 991 4364 qui
1003 4297 1108 4346 costra

108 4432 189 4500 stu.
200 4449 265 4499 tues
278 4449 309 4498 a·
320 4448 374 4497 vu.
387 4446 422 4496 tn.
437 4472 470 4484 -
483 4443 559 4493 mor.
569 4440 696 4509 aprus.
710 4450 734 4489 ιι
747 4440 816 4493 run.
831 4438 914 4488 orsu.
926 4468 960 4478 -
970 4406 1090 4508 spprsns

846 4564 851 4569 ·
899 4533 958 4605 15.
