2594 4980
1217 446 1221 453 ι

1164 520 1169 529 ι

304 724 358 790 ΙΝ
388 724 501 790 LOC.
528 724 621 789 le.
648 723 736 790 LIX
765 722 979 790 LIVIANI.
1105 722 1174 808 3235

111 844 246 908 civitatis
264 844 417 931 gradum,
436 844 531 906 etiam
550 843 618 906 sine
639 865 740 930 opum
756 843 920 907 lenocinio
936 865 1048 930 parare
1063 861 1095 908 et
1114 847 1175 910 ob·

112 948 223 1009 tinere.
243 948 403 1009 Caeterum
426 961 551 1009 remoto
576 968 593 1008 a
618 945 716 1008 rebus
741 944 892 1007 humanis
913 944 1081 1031 Scipione,
1103 963 1174 1012 tan·

112 1071 207 1134 quam
234 1049 370 1111 vinculis
397 1049 541 1111 exsoluta
565 1047 807 1110 triumvirorum
833 1045 993 1109 temeritas
1017 1050 1174 1114 exsultare

111 1151 250 1215 lerocins
269 1151 385 1236 coepit3
413 1172 478 1211 non
505 1149 574 1212 sine
599 1148 739 1211 maximo
762 1147 974 1228 detriment0‚
994 1164 1026 1210 et
1047 1165 1174 1214 tantum

113 1274 178 1312 non
196 1253 371 1314 vastatione
389 1251 487 1314 totius
504 1249 743 1337 propemodum
758 1248 866 1312 Italiae.

154 1353 332 1416 LXXXIII.
350 1351 515 1414 lllodicum
531 1352 615 1414 iuter
626 1352 683 1414 has
696 1351 856 1413 molestias
871 1348 1025 1437 gaudium
1039 1352 1075 1415 C.
1086 1351 1176 1415 Sem·

111 1453 263 1539 pronius,
281 1476 378 1539 qnem
396 1453 579 1539 profectum
595 1452 629 1514 in
646 1453 809 1538 Illyricum
829 1449 985 1530 diximus,
1003 1474 1106 1538 quum
1122 1455 1174 1517 Ia·

111 1554 233 1639 podum
252 1571 379 1642 gentem
400 1553 607 1634 debellasset,
624 1576 652 1616 a.
673 1552 704 1616 d.
721 1551 782 1616 Ital.
801 1551 951 1615 octobres
970 1551 1174 1640 triumphans

111 1655 143 1714 in
161 1656 278 1717 Urbem
299 1656 443 1717 invectus
462 1671 519 1718 est.
537 1656 638 1718 Mixta
652 1678 692 1718 ex
704 1653 819 1742 Illyriis
836 1653 999 1739 Gallisque
1015 1653 1174 1741 Japodum

112 1756 216 1835 natio,
236 1757 320 1819 inter
336 1758 455 1818 Istrum
473 1774 504 1820 et
521 1756 652 1820 Adriam
672 1757 805 1837 incolit;
829 1778 901 1841 quae
918 1756 1025 1819 omnis
1040 1779 1096 1819 ora
1111 1773 1175 1820 sta·

110 1853 239 1918 diorum
254 1857 337 1919 mille
352 1858 553 1944 navigatione
564 1858 771 1920 circumitur:
786 1873 882 1944 caput
896 1857 1000 1945 gentis
1013 1858 1174 1921 Metulum

109 1975 258 2037 vocatur,
280 1958 358 2021 urbs
381 1960 513 2022 Caesaris
539 1960 677 2048 Augusti
699 1959 785 2022 bello
811 1959 987 2022 nobilitata.
1013 1961 1096 2022 Cum
1123 1959 1174 2024 his

110 2061 281 2122 commisso
295 2061 483 2138 certamine,
498 2059 586 2146 quod
602 2077 633 2123 et
649 2061 796 2123 locorum
806 2107 815 2139 ,
827 2075 859 2122 et
871 2059 1045 2127 hominum
1059 2082 1173 2148 magna

110 2162 261 2246 asperitas
282 2178 369 2240 erat,
389 2161 537 2224 nonnihil
560 2161 699 2225 oll'endit
717 2162 852 2240 consul,
869 2161 1064 2225 detrimento
1086 2161 1173 2224 baud

110 2261 171 2322 leti
187 2277 329 2349 accepto.
343 2262 407 2325 Sed
423 2263 605 2327 emendavit
619 2264 703 2326 hanc
717 2263 882 2326 fortunam
897 2264 936 2325 D.
950 2263 1040 2327 Bruti
1056 2264 1173 2343 virtus,

110 2361 195 2443 ejus,
212 2364 269 2448 qui
289 2363 484 2426 Lusitaniam
508 2365 685 2455 subegerat.
705 2365 790 2429 Victi
812 2365 911 2454 igitur
929 2388 1043 2454 magna
1064 2387 1176 2454 pugna

24 2539 28 2546 ¹
109 2463 263 2548 Iapudes,
278 2488 389 2551 pacem
407 2488 443 2528 ac
457 2465 560 2528 foedus
577 2467 849 2555 impetraverunt,
866 2470 983 2554 nequis
996 2467 1175 2552 sategeritis

110 2564 142 2623 t'n
167 2566 318 2626 orbitatem
346 2589 509 2628 romanam
538 2571 724 2655 reciperetur
748 2567 842 2654 pacti.
871 2569 907 2630 C.
944 2568 1175 2653 Sempronius,

111 2681 213 2726 erecta
230 2666 267 2727 iis
291 2667 324 2727 in
346 2667 424 2729 locis
444 2682 561 2745 statua,
580 2691 651 2754 quae
673 2667 814 2731 victoriae
837 2689 903 2729 suae
922 2682 1173 2730 monumentum

111 2781 208 2844 esset,
228 2766 261 2826 in
279 2765 391 2828 eadem
412 2768 510 2830 situm
531 2790 663 2854 quoque
684 2768 830 2853 gentium
850 2783 882 2829 et
900 2767 1064 2830 intervalla
1083 2767 1182 2831 loco·'

110 2886 182 2927 rum
196 2864 373 2952 adscripsit.

143 3045 158 3108 S
174 3048 303 3094 LXXXII.
316 3048 436 3096 Plutarch.
450 3050 476 3096 in
491 3049 519 3097 C.
530 3050 655 3103 Graccho.
670 3066 691 3097 c.
704 3051 744 3096 13.
754 3077 789 3086 -
802 3050 909 3113 Appian.
918 3078 953 3086 -
963 3049 1014 3098 Cic.
1029 3051 1060 3098 ad
1074 3053 1105 3113 Q.
1117 3052 1171 3100 frat.

111 3129 145 3182 ΙΙ,
161 3132 183 3186 3,
197 3143 220 3177 et
230 3147 276 3195 pro
289 3132 397 3191 Milone,
408 3150 429 3180 c.
442 3134 465 3181 5.
476 3161 511 3169 —
520 3133 582 3180 Plin.
591 3135 717 3189 XXXIII,
731 3148 754 3182 1.
764 3161 799 3170 —
810 3135 883 3182 Auct.
895 3134 925 3181 tle
933 3134 990 3182 Vir.
1002 3135 1036 3183 ill.
1050 3152 1072 3183 c.
1083 3135 1126 3184 58.
1137 3162 1172 3172 -

109 3212 183 3258 Diod.
195 3214 255 3279 —S
270 3218 412 3265 LXXXIII.
427 3217 501 3267 Diod.
519 3246 554 3254 -
567 3219 683 3266 Marmor.
698 3217 804 3282 Capitol.
818 3245 852 3255 -
869 3219 949 3268 Strab.
960 3218 1004 3268 lIb.
1019 3220 1064 3279 IV,
1076 3238 1101 3287 p.
1113 3235 1176 3279 πη,
1231 3252 1238 3260 .

111 3307 134 3342 et
147 3298 208 3354 VII,
221 3316 246 3363 p.
263 3302 321 3347 313.
337 3328 372 3337 -
390 3302 497 3366 Appian.
509 3302 577 3366 Illyr.
594 3302 759 3360 —Ilor.1V‚
773 3318 811 3350 ra.
822 3330 857 3339 —
870 3303 924 3351 Liv.
936 3303 1003 3368 Epit.
1017 3331 1052 3341 —
1065 3303 1117 3353 cic.
1127 3317 1174 3370 pro

112 3378 200 3438 Balbo,
215 3399 235 3428 c.
248 3387 468 3445 14.-Plin.111,
484 3401 524 3449 19.
