2640 5046
299 743 353 811 IN
382 743 496 810 LOC.
522 742 614 811 LlB.
642 742 771 809 XLIX
799 743 1015 813 LlVlANl.
1140 741 1188 838 95

127 890 140 915 «
151 860 222 924 Huc
239 862 326 924 enim
343 861 535 926 calamitates
549 878 668 925 nostrae
683 884 743 926 nos
760 864 992 950 propulerunt,
1007 881 1044 929 ut
1059 866 1119 955 ipsi
1136 866 1192 931 ad·

125 985 258 1026 «versus
274 964 409 1051 patriam
423 964 537 1029 classes
547 980 667 1029 vestras
681 962 884 1028 advocemus.
898 995 911 1020 ι
923 964 961 1028 ld
975 990 1107 1055 quoque
1117 992 1190 1058 gra·

127 1064 236 1128 tilicati
250 1080 328 1128 sunt
344 1067 508 1148 consules,
523 1082 556 1130 et
566 1068 602 1131 L.
619 1065 759 1133 Marcius
770 1065 1061 1153 quinqueremibus
1075 1069 1191 1159 viginti

125 1164 339 1254 adnavigans,
352 1167 438 1232 haud
454 1169 568 1256 procul
583 1167 665 1232 urbe
681 1166 861 1231 oberrabat.
873 1169 1067 1256 Legatorum
1082 1187 1189 1236 autem

124 1290 216 1353 pars,
240 1291 307 1355 quo
326 1269 444 1357 cuique
467 1270 582 1333 melius
604 1269 725 1348 visum,
746 1267 922 1355 desperatis
944 1270 1054 1357 patriae
1075 1271 1192 1356 rebus,
1243 1285 1269 1311 ·“

125 1367 326 1457 diffugerunt
343 1394 351 1435 :
369 1371 423 1433 alii
440 1386 630 1436 manserunt
647 1371 681 1433 in
698 1370 840 1434 romanis
856 1372 983 1452 castris;
1002 1371 1111 1459 plures
1130 1373 1190 1437 do·

126 1491 216 1532 mum
233 1471 360 1535 silentio
374 1471 647 1562 regrediebantur.

169 1571 274 1635 XXX.
287 1573 329 1637 At
341 1573 374 1636 iu
386 1574 468 1637 urbe
477 1597 592 1663 magna
602 1573 775 1637 bominum
787 1570 963 1636 multitudo
974 1595 1085 1637 muros
1100 1597 1191 1638 oom-

124 1673 282 1759 pleverat,
295 1677 536 1740 cunctationem
549 1698 663 1740 eorum
674 1675 929 1762 increpantium,
941 1696 1114 1761 comasque
1125 1699 1191 1763 prae

124 1773 236 1838 dolore
253 1776 442 1840 vellentium
466 1801 474 1841 τ
494 1777 556 1841 alia
573 1798 689 1841 manus
710 1776 881 1864 impatiens
900 1798 998 1838 morae
1023 1790 1111 1838 extra
1133 1799 1190 1840 ur·

125 1876 199 1939 bem
209 1895 434 1964 procurrerat3
448 1901 521 1966 quae
532 1879 590 1941 ubi
606 1879 640 1942 iu
656 1879 776 1966 legatos
788 1875 918 1956 incidit,
933 1874 1024 1938 avida
1035 1875 1192 1941 noscendi

123 2000 194 2064 quae
214 1978 422 2057 afferrentur,
445 1996 620 2069 postquam
638 1995 752 2043 moesto
769 1978 862 2041 vultu
884 1977 1072 2040 incedentes
1092 1977 1191 2058 vidit,

119 2079 265 2144 frontem
281 2083 431 2147 manibus
450 2085 600 2172 pulsans,
615 2081 714 2146 modo
731 2081 772 2144 ab
787 2080 958 2159 universis,
974 2078 1074 2143 modo
1090 2103 1108 2143 a
1125 2080 1192 2143 sin·

124 2181 224 2266 gulis,
247 2197 285 2245 ut
311 2183 495 2271 quibusque
522 2184 734 2258 familiaritas,
762 2198 820 2245 aut
846 2181 961 2245 notitia
988 2197 1075 2263 erat,
1099 2181 1189 2269 quod

123 2298 232 2345 actum
248 2299 345 2363 esset,
367 2285 584 2371 requirebant.
607 2286 652 2347 Ut
667 2306 744 2348 vero
764 2281 933 2370 respondit
951 2305 1064 2362 nemo,
1082 2282 1188 2370 ipsum

123 2382 188 2447 hoc
205 2384 369 2448 silentium
385 2409 444 2475 pro
458 2385 621 2450 dirissimo
637 2386 755 2448 nuntio
771 2384 979 2487 accipientes,
998 2400 1036 2447 ut
1053 2399 1141 2447 certo
1156 2385 1188 2448 in

122 2484 220 2549 exitio
234 2488 479 2574 complorabant
494 2511 501 2551 :
517 2510 658 2575 quorum
671 2486 784 2550 audito
798 2487 941 2574 gemitu,
956 2486 1059 2572 quiin
1072 2486 1189 2550 moeni·

123 2585 185 2649 bus
196 2589 421 2670 constiterant,
431 2588 591 2676 quidquid
603 2588 784 2667 afferretur,
794 2587 945 2650 acerbum
956 2608 1025 2649 esse
1038 2587 1192 2675 interpre-

123 2688 197 2767 tati,
213 2690 282 2776 pari
299 2704 331 2751 et
347 2689 406 2777 ipsi
423 2689 516 2753 luctu
531 2691 758 2754 insonuerunt.
777 2687 846 2750 Jam
863 2710 941 2751 vero
958 2703 1132 2774 postquam
1142 2685 1190 2752 ad

123 2804 249 2875 portam
266 2804 419 2869 ventum,
435 2788 517 2853 adeo
533 2790 632 2853 densa
646 2789 796 2852 incubuit
813 2788 925 2868 turba,
943 2804 982 2852 ut
997 2811 1090 2876 paene
1107 2813 1189 2853 con·

124 2888 239 2952 culeati
249 2890 443 2976 laceratique
452 2891 537 2953 inter
547 2888 769 2978 diripientium
780 2889 1108 2976 percontantiumque
1121 2912 1190 2953 ma·

124 2982 186 3051 nus
202 2989 297 3078 legati
312 2989 433 3053 fuerint
447 3014 454 3054 ε
470 2990 592 3070 donec,
607 2991 732 3053 senatui
737 2992 828 3076 prius
839 2988 1027 3067 indicanda,
1041 2997 1114 3076 qula
1119 2987 1192 3076 ser·

123 3103 201 3167 rent‚
220 3090 448 3162 exclamarunt.
463 3091 575 3156 Statim
591 3091 756 3156 discedere
771 3091 822 3153 via
835 3090 979 3178 plerique
994 3113 1002 3153 ε
1015 3112 1087 3178 pars
1104 3092 1191 3155 ultro

121 3190 315 3256 submovere
329 3194 528 3275 restitantes,
542 3210 580 3256 ut
595 3217 634 3257 co
653 3194 787 3257 celerius
805 3191 966 3256 desiderio
983 3215 1044 3256 suo
1060 3193 1192 3257 satisfie·
1212 3197 1216 3207 '

122 3308 181 3356 ret.
207 3292 302 3356 Ibant
326 3293 419 3383 legati
438 3293 539 3358 modo
561 3296 666 3383 capita
687 3294 858 3376 ferientes,
882 3292 980 3358 modo
1001 3295 1134 3360 sublatis
1157 3296 1191 3359 in

122 3394 235 3457 caelum
259 3395 409 3459 manibus
430 3397 617 3462 invocantes
640 3396 800 3486 quidquid
825 3395 962 3461 deorum
986 3398 1021 3460 in
1048 3414 1190 3462 mentem

122 3512 269 3578 venerat3
286 3497 391 3562 donec
403 3500 437 3562 iu
451 3515 598 3563 senatum
613 3499 837 3588 introgressis,
851 3499 971 3586 illoque
984 3497 1191 3579 considente,

124 3595 273 3660 submota
289 3599 383 3663 turba
397 3600 519 3663 curiam
540 3601 762 3665 circumstetit.

167 3698 288 3763 XXXI.
309 3702 416 3782 Tum,
437 3702 532 3791 legati
553 3718 590 3765 ut
612 3704 756 3789 primum
778 3719 999 3790 exposuerunt
1019 3703 1190 3766 consulum

122 3801 229 3882 jussa,
246 3802 367 3865 clamor
386 3819 477 3868 ortus
498 3806 594 3868 estin
613 3807 715 3881 curia,
732 3805 790 3891 qui
808 3805 916 3867 statim
937 3804 1016 3868 foris
1033 3826 1050 3866 a
1068 3803 1191 3891 populo

123 3918 277 3991 exceptus
293 3921 472 3993 auctusque
490 3929 497 3970 :
514 3906 576 3971 illis
592 3906 710 3971 deinde
724 3929 853 3970 narrare
866 3905 1094 3994 pergentibus,
1111 3904 1191 3991 quid

123 4005 184 4094 ipsi
194 4028 256 4094 pro
264 4005 337 4085 jure
350 4007 567 4096 Carthaginis,
577 4026 632 4073 aut
642 4007 870 4073 misericordiae
884 4005 1052 4071 movendae
1061 4027 1191 4093 respon·

123 4106 264 4190 diesem,
276 4109 461 4197 quibusque
475 4110 581 4174 verbis
590 4111 718 4174 reniam
732 4106 897 4174 mittendae
909 4112 1045 4173 Romam
1058 4107 1189 4195 legatio·

124 4209 174 4274 nis
187 4229 350 4292 orassent3
363 4212 480 4276 iterum
492 4214 593 4277 altum
604 4214 641 4277 in
652 4213 740 4277 curia
754 4212 917 4277 silentium
931 4225 1014 4291 erat,
1030 4208 1188 4290 universis

157 4426 173 4491 S
192 4429 289 4475 mx.
307 4426 412 4508 lliodor.
425 4453 460 4463 -
476 4431 563 4476 Zonar.
576 4456 609 4466 -
622 4429 727 4493 Appian.
740 4456 773 4463 -
787 4427 803 4493 5
817 4427 901 4474 XXX.
916 4424 1019 4473 Diodor.
1035 4453 1069 4462 —
1079 4426 1186 4491 Appian.

125 4537 163 4577 Γ-
173 4509 260 4558 Suidas
277 4511 301 4557 in
316 4506 493 4575 Οττενυεμένη.
