2594 4980
137 726 207 824 374
310 721 747 799 10.FRE1NSHEM11
775 726 1026 797 SUPPLEM.
1175 804 1178 811 ,

132 862 244 913 mmm
267 849 467 936 repudiarent
485 874 497 913 :
517 864 550 913 et
574 870 617 913 ne
639 848 745 915 ullum
767 848 1030 939 promittent
1048 848 1209 917 lenocinii

134 971 253 1040 genua,
271 972 310 1014 ex
326 950 447 1043 Palatio
463 949 656 1041 demigravit
670 951 707 1015 in
723 950 833 1017 iorum
847 974 858 1034 ς
872 950 975 1041 ungit
989 948 1076 1015 hano
1092 972 1207 1041 popu·

132 1054 233 1118 larem
251 1051 485 1117 habitationem
501 1054 571 1117 lore
589 1066 696 1135 murt,
709 1051 787 1141 quia
801 1052 989 1141 frequentet
1005 1051 1121 1141 inopen
1136 1050 1207 1117 ha·

133 1152 291 1239 milesque
315 1175 351 1216 ea
374 1168 465 1241 parte
486 1153 584 1218 Urbia
602 1152 798 1219 incolebant
818 1152 948 1219 Exhinc
968 1150 1109 1241 reliques
1125 1174 1208 1243 pro-

133 1252 291 1342 mulgavit
318 1254 423 1343 leges,
451 1254 623 1343 tribusque
648 1252 691 1319 de
718 1254 759 1319 iit
786 1252 929 1319 ottenrht
957 1254 1135 1319 missurum
1166 1254 1208 1321 in

132 1353 297 1444 suffragia.
323 1356 437 1438 Quum
457 1356 618 1421 maximus
632 1356 668 1421 io
683 1354 808 1423 Urbem
824 1376 1005 1421 conicimus
1024 1354 1206 1423 hominurn

132 1454 240 1536 fieret,
257 1459 540 1523 senatusconsulto
549 1457 632 1539 jurei
642 1456 795 1525 contulee
805 1454 951 1541 edicere,
963 1478 1004 1521 oe
1012 1458 1099 1547 quit,
1110 1478 1205 1546 pm·

131 1560 276 1622 τιταίνει
297 1580 464 1639 romanos,
488 1562 547 1648 qui
567 1556 792 1651 rtffioqr‘ijto
808 1558 972 1640 morem,
981 1578 1045 1647 per
1062 1580 1116 1623 eor
1134 1556 1206 1623 ὥς

132 1658 259 1740 llomoe,
274 1660 727 1748 mathtraquiutumoburdo
740 1658 1073 1750 &pridemmowllet
1094 1674 1098 1685 ¹

176 1760 293 1825 LXIX.
319 1762 391 1825 Hoc
410 1760 518 1825 edicto
537 1785 556 1827 a
569 1760 697 1827 Fannio
710 1760 847 1827 mutulo
861 1761 1032 1851 proposito
1047 1760 1099 1851 (C.
1111 1780 1204 1828 aaut

132 1860 278 1941 Fannio,
305 1862 366 1925 Cn.
388 1863 534 1928 Domitio
557 1860 776 1929 Ahenobarbo
802 1862 994 1929 muralibus
1022 1862 1085 1927 iata
1110 1876 1205 1953 gotta

130 1961 240 2050 aunt),
260 1978 351 2028 tanto
368 1964 590 2052 impatientior
604 1962 786 2047 Gnoebua,
800 1962 910 2053 quod,
925 1984 1025 2053 quem
1041 1962 1114 2051 ipae
1125 1982 1208 2027 ooo·

131 2063 236 2129 aulem
255 2065 396 2146 fecisset,
413 2067 439 2129 is
460 2067 528 2130 suia
551 2064 693 2131 coneiliia
714 2078 885 2180 tantopere
907 2078 1057 2181 noceret,
1075 2076 1206 2127 contra·

131 2165 219 2230 rium
242 2167 385 2230 consulis
412 2166 519 2231 edicto
543 2164 687 2231 edictum
709 2164 905 2255 propoauitr
925 2164 955 2228 si
973 2184 1029 2254 qut
1045 2162 1204 2227 ωσίοηιιιι

130 2289 258 2330 manere
275 2268 385 2332 Romoe
404 2266 469 2332 vell
465 2283 535 2347 ent,
553 2270 590 2333 iis
604 2268 733 2335 mito
748 2264 949 2355 aestatuum.
961 2264 1079 2353 Neque
1089 2278 1204 2329 tamen

131 2369 221 2433 stetit
240 2370 426 2457 promissis;
446 2369 503 2434 aed
521 2390 627 2457 quum
646 2390 752 2434 uuum
775 2384 930 2433 notorum
946 2382 1046 2455 atque
1063 2361 1201 2429 lamih’a·

130 2471 216 2533 rium
235 2485 350 2556 preter
370 2493 425 2534 ora
447 2493 505 2535 sua
528 2470 613 2535 trahi
631 2466 794 2535 videreta
816 2468 932 2535 Fannii
946 2465 1134 2549 lictoribut,
1149 2478 1203 2529 ta-

130 2571 214 2635 citus
227 2571 322 2635 tulit·
315 2620 322 2635 .
337 2572 405 2635 aive
418 2572 483 2634 vim
500 2594 592 2635 auam
602 2568 870 2637 llaoceroentem'
860 2569 976 2657 impari
989 2565 1205 2633 contentione

128 2671 268 2761 prodere
278 2674 416 2753 veritus,
427 2673 511 2753 aive,
526 2688 566 2737 nt
578 2671 706 2737 dicebat
714 2672 802 2763 ipre,
813 2693 879 2735 non
885 2669 1076 2759 probem
1085 2686 1204 2731 mut

130 2776 327 2852 certaminis,
344 2774 555 2861 querentibus
567 2774 708 2839 ἰιιίιιιισίι.

165 2875 307 2940 ¹LXXX.
334 2874 399 2939 Sed
416 2891 450 2938 et
465 2874 632 2939 cum'auir
652 2874 723 2961 ipae
745 2869 882 2959 collegio
895 2890 956 2959 per
977 2888 1033 2933 eor
1054 2864 1125 2931 dica
1144 2864 1202 2929 of·

131 2976 279 3039 fensione
295 2975 435 3063 quadam
451 2991 484 3038 et
502 2972 663 3044 discordia
680 2970 874 3037 committur
894 2990 935 3034 ex
951 2967 1010 3033 tali
1027 2988 1125 3032 mura
1139 2980 1202 3033 cot.

130 3076 301 3140 Dabuntur
324 3078 358 3139 in
386 3078 458 3138 foro
484 3074 692 3162 gladiatores,
717 3087 754 3141 et
774 3071 923 3160 plerique
950 3069 1201 3160 magico-atum

129 3196 251 3241 cuneos
269 3176 304 3239 in
324 3176 439 3239 orbem
457 3173 497 3237 ad
513 3172 726 3260 spectandum
742 3172 979 3255 inatruxerant,
1000 3192 1085 3258 quot
1097 3190 1203 3259 pocta·

131 3276 184 3338 nia
201 3276 355 3339 locarent.
375 3275 475 3337 lussit
494 3295 550 3337 eos
569 3273 638 3338 tolli
653 3273 769 3355 Gaiur,
785 3296 853 3361 quo
872 3288 1018 3362 spectare
1038 3292 1202 3364 pauperet

128 3373 244 3439 iisdem
263 3396 303 3438 ex
320 3375 400 3438 locis
421 3374 490 3436 sine
510 3372 660 3439 mercede
678 3388 822 3463 portent.
841 3372 880 3439 ld
901 3394 1006 3462 quum
1026 3394 1045 3436 a
1064 3370 1202 3437 nemine

130 3474 237 3558 fieret,
252 3491 440 3563 exspectans
454 3491 601 3559 noctem,
614 3496 687 3563 qun
703 3494 825 3540 munuc
836 3470 1201 3563 anteibatmtutnptir,

129 3591 293 3663 quotquot
311 3576 451 3640 hahebat
465 3576 664 3658 conductor,
679 3575 795 3658 fabris,
807 3598 940 3641 ornnem
953 3575 1046 3641 illum
1063 3594 1203 3662 appara-

129 3693 201 3740 tum
223 3678 393 3761 amolitus,
417 3681 450 3742 in
472 3677 756 3767 spectaculidiem
779 3676 904 3769 populo
926 3677 1036 3743 locutu
1055 3696 1201 3741 vacuum
1275 3746 1278 3755 .

130 3778 287 3843 exhibuit.

172 3882 321 3946 LXXXI.
343 3883 414 3946 Hoc
433 3884 520 3947 facto
545 3883 631 3948 siout
653 3880 742 3971 apud
766 3878 1011 3946 multitudinem
1033 3876 1144 3967 magui
1166 3892 1203 3943 et

128 3983 308 4048 constantis
323 3983 382 4047 viri
396 3984 526 4066 laudern
542 3983 681 4065 menrit3
699 3983 744 4047 ite
759 3998 915 4070 tanquam
932 3980 1055 4047 nimius
1069 3992 1104 4043 et
1117 3998 1204 4067 prar-

128 4082 244 4148 ierocis
263 4084 363 4148 animi
383 4085 579 4174 collegarum
597 4083 775 4153 commorit
790 4082 876 4149 odia.
897 4084 975 4147 Erat
994 4080 1081 4145 enirn
1102 4079 1138 4143 iu
1157 4100 1202 4143 eo

130 4185 289 4250 minusad
307 4210 374 4267 res,
395 4209 474 4274 quas
491 4186 600 4250 animo
616 4184 855 4275 proposuisset,
871 4180 1064 4249 obtinendas
1081 4176 1201 4263 ardor,

128 4304 227 4373 quem
249 4287 345 4351 etiam
369 4288 403 4351 in
429 4286 569 4352 dicendo
592 4310 697 4381 quum
719 4285 969 4378 temperandum
991 4304 1062 4348 erae
1083 4280 1202 4367 sciret,

164 4468 180 4533 S
194 4470 313 4520 LXXIX.
326 4471 450 4520 Plutarch.
