2594 4980
265 719 315 786 ut
348 719 458 785 Lon.
486 719 579 787 Lm.
606 718 731 787 anr
762 718 972 790 nrvrsrn.
1078 719 1150 823 589

131 837 299 921 XXXVII.
319 840 473 902 «Exstare
486 837 618 925 quidem
637 839 707 920 ejus
721 861 828 927 operte
841 840 1064 908 testimonium
1078 866 1149 911 am.

88 970 99 989 u
111 939 291 1027 plissimum
305 940 339 1002 in
356 940 432 1027 ipsis
446 942 687 1028 cognomentis,
704 940 824 1027 quibus
838 938 977 1005 fecunda
993 944 1152 1011 maximo·

48 1035 51 1041 ’
88 1064 184 1104 «rum
196 1042 340 1104 virorum
353 1042 488 1121 familia,
505 1041 573 1129 pari
587 1041 721 1124 decore,
733 1041 1002 1130 appellationibus
1016 1043 1150 1115 diversis

89 1141 337 1231 «distinguatur.
356 1142 438 1206 Inde
450 1142 676 1208 Macedonicos
689 1158 795 1219 ortos,
810 1159 841 1207 et
854 1143 1014 1226 Baleares,
1028 1162 1061 1209 et
1073 1147 1151 1211 Cre·

89 1242 207 1323 «ticos,
227 1260 445 1331 praetereaque
459 1244 667 1325 Dalmatieos‚
688 1266 829 1331 quorum
846 1248 1071 1335 cognomentis
1085 1262 1152 1312 tot·

89 1371 102 1395 ιι
112 1341 196 1406 idem
204 1344 329 1406 romani
340 1344 452 1431 populi
463 1344 604 1432 insignes
613 1345 754 1408 victoriae
764 1361 1073 1410 commemorentur.
1082 1348 1151 1411 Hos

90 1459 145 1505 «et
162 1443 213 1506 his
226 1458 315 1507 ortos
333 1443 479 1530 quotidie
493 1468 553 1533 pro
567 1446 608 1527 Q.
618 1444 794 1510 Numidico
809 1445 988 1533 deprecari,
1002 1448 1080 1512 slios
1093 1470 1151 1511 co·

91 1567 200 1620 uram,
219 1544 452 1609 circumeundo
468 1546 647 1628 civitatem,
664 1546 848 1635 prensando
866 1547 996 1629 obvios,
1013 1551 1152 1636 profun-

92 1643 224 1709 «dendo
239 1646 414 1734 lacrymas;
428 1647 506 1711 alios
519 1648 675 1712 memoria
690 1648 832 1712 nominis
844 1664 878 1712 et
887 1649 1012 1737 gloriae,
1026 1664 1060 1715 et
1072 1674 1152 1739 quo·

89 1744 186 1810 «dam
208 1747 388 1836 imaginum
410 1771 568 1833 moerore,
592 1772 664 1836 quae
690 1747 829 1814 sordidoe
855 1750 1075 1840 neglectisque
1094 1773 1154 1839 per

90 1848 260 1937 «lugentes
283 1846 419 1930 domos,
441 1865 532 1914 muta
554 1849 692 1938 quadam
714 1847 948 1938 significatione
970 1848 1154 1917 desiderare

93 1948 269 2037 «gentilem
283 1947 493 2013 dominorum
504 1972 640 2015 suorum
655 1948 837 2014 videantur.

133 2050 321 2115 XXXVIII.
340 2079 353 2106 ι
363 2051 412 2116 An
431 2073 449 2112 a
464 2073 630 2138 quoquam
643 2072 716 2133 non¹
726 2064 882 2114 emortuae
893 2049 1020 2138 pietatis
1032 2048 1155 2140 adspici

90 2181 104 2207 s
116 2151 157 2233 Q.
169 2152 335 2216 Metellum
350 2153 587 2218 adolescentem
609 2152 701 2216 siccis
716 2152 820 2216 oculis
834 2173 946 2240 posse,
962 2166 1091 2217 tentum
1108 2151 1155 2219 la·

91 2280 105 2305 ι
115 2273 296 2340 crymarum
309 2253 563 2341 profundentem
574 2276 634 2342 pro
646 2252 753 2317 reditu
766 2251 881 2341 patris,
895 2266 1022 2316 tantum
1035 2253 1069 2316 in
1080 2276 1156 2342 pre·

92 2381 105 2407 ι
114 2351 223 2416 caudis
236 2354 331 2417 etiam
345 2353 465 2419 infimis
478 2355 597 2419 civium
611 2353 807 2419 subeuntem
820 2351 1041 2443 indignitatis?
1051 2377 1155 2442 quum

91 2481 104 2505 s
115 2451 167 2516 ille
175 2452 241 2534 jam
255 2470 402 2519 maturus
418 2456 615 2535 honoribus,
632 2456 721 2519 nulla
737 2454 871 2518 aliarum
884 2477 994 2519 rerum
1008 2477 1103 2539 cura,
1119 2456 1157 2521 id

90 2583 104 2608 «
115 2576 219 2618 unum
232 2554 266 2617 in
279 2569 427 2646 magnam
441 2557 580 2643 petentis
594 2555 727 2644 gratiam
742 2551 877 2617 concedi
891 2553 1050 2641 postulet,
1065 2554 1157 2641 quod

91 2683 104 2710 s
114 2655 184 2718 sine
203 2677 329 2717 summa
347 2656 546 2733 immanitate
558 2654 668 2741 negari
682 2674 751 2716 non
764 2651 867 2738 possit
879 2672 888 2714 :
900 2667 938 2713 ut
955 2651 996 2733 Q.
1006 2651 1158 2717 Numidi-

91 2783 104 2805 a
115 2775 207 2830 cum,
220 2755 284 2816 hoc
295 2769 359 2835 est,
374 2753 543 2818 custodem
553 2751 823 2837 defensoremque
836 2772 935 2814 suum
945 2752 1079 2839 recipiat
1089 2776 1158 2819 res-

93 2852 260 2938 upublica‚
282 2875 349 2915 non
371 2854 480 2917 miuus
500 2852 580 2916 orba
599 2851 668 2931 ejus
686 2852 745 2914 riri
768 2849 926 2933 discessu,
945 2873 1044 2940 quam
1062 2855 1104 2919 sit
1118 2877 1156 2920 ea

91 2952 248 3034 «domus,
266 2975 338 3040 quae
358 2953 392 3016 in
410 2954 502 3042 copia
514 2952 693 3015 multorum
709 2950 1050 3038 praestannssimomm
1069 2954 1158 3018 viro·

93 3085 107 3110 s
116 3077 207 3129 rum,
222 3069 331 3118 tamen
347 3053 438 3118 omni
453 3052 545 3118 luctu
560 3051 776 3117 calamitosius
787 3050 910 3130 judicat
931 3053 1016 3117 ferre
1027 3051 1156 3122 deside·

91 3154 202 3218 «rium
217 3153 325 3220 unius.

138 3253 294 3320 XXXIX.
308 3286 322 3311 α
331 3255 417 3320 Nam
428 3253 516 3319 idern
528 3253 622 3318 vobis
637 3252 674 3319 L.
688 3242 886 3318 Dalmaticus
898 3253 948 3318 vir
959 3256 1157 3340 consulatis,

91 3357 203 3423 «idern
223 3359 260 3421 C.
272 3356 422 3422 Metellus
440 3354 624 3436 censorius,
642 3376 717 3419 cum
738 3352 845 3419 liberis
864 3352 949 3434 suis,
965 3355 1158 3444 sepissime,

95 3488 108 3513 a
118 3479 225 3544 neque
240 3458 341 3545 magis
354 3456 546 3532 verborum,
564 3477 663 3544 qrmm
681 3455 788 3520 intimi
800 3453 923 3521 doloris
935 3457 1159 3548 moestitioeque

95 3588 109 3612 «
118 3555 352 3644 significatione
367 3556 613 3623 confirmarunt.
624 3557 694 3620 lam
706 3577 856 3622 sororum
867 3556 938 3636 ejus
949 3554 1031 3622 filios
1039 3559 1160 3625 Lucul-

95 3690 109 3713 «
119 3659 184 3733 los,
194 3658 361 3739 Servilios,
378 3658 545 3749 Scipiones
561 3656 641 3745 quid
652 3656 806 3736 referam,
821 3654 997 3720 illustrium
1015 3659 1159 3723 virorum

94 3773 282 3844 «posteros,
293 3759 448 3847 ipsosque
459 3760 528 3841 jam
539 3757 664 3846 magnis
677 3756 791 3844 populi
802 3756 928 3819 romani
940 3755 1104 3821 benefieiis
1115 3757 1160 3821 ita

103 3891 110 3914 ‹
122 3879 214 3939 usos,
235 3874 273 3923 ut
292 3859 412 3939 majora
437 3861 544 3924 meriti
567 3854 761 3923 videantur?
781 3855 857 3920 Non
881 3873 1018 3944 possum
1040 3858 1159 3922 horum
1253 3922 1259 3947 ⁸

96 3957 267 4021 «omniurn
285 3975 352 4022 tam
366 3959 476 4037 juste,
492 3975 560 4023 tarn
581 3956 716 4023 assidue
735 3978 848 4045 preces
864 3958 992 4045 sperni5
1011 3979 1079 4021 non
1100 3955 1159 4023 de·

96 4057 207 4123 «bens.
221 4059 262 4124 At
281 4059 384 4148 legem
397 4059 574 4142 objiciunt,
594 4081 679 4148 quos
692 4057 840 4123 confiteri
850 4059 886 4122 in
902 4057 968 4122 hoc
984 4058 1070 4145 facto
1083 4081 1158 4125 sen·

97 4180 192 4222 «snm
203 4182 299 4223 suum
310 4182 509 4249 operamque
518 4162 634 4226 merito
645 4159 756 4250 pudet.
767 4160 892 4226 Omitto
902 4183 974 4241 eos,
983 4163 1039 4250 qui
1051 4178 1159 4240 temen

96 4293 107 4314 ·‹
120 4283 182 4324 nec
193 4282 311 4350 genere
327 4260 517 4350 spernendi,
535 4283 597 4328 nee
612 4284 749 4327 numero
762 4263 856 4353 pauci
873 4277 966 4345 sunt,
981 4264 1039 4353 qni
1052 4265 1156 4357 legem

134 4464 149 4525 S
162 4466 308 4519 mtm.
322 4466 425 4518 Diodes.
436 4465 563 4533 aphia.
575 4493 609 4505 -
618 4467 670 4516 Cic.
679 4465 713 4518 ad
721 4467 814 4530 inrlt.
821 4477 881 4534 post
889 4464 961 4518 rods.
972 4484 1025 4535 ep.
1036 4472 1060 4520 3.
