<?xml version="1.0" encoding="UTF-8"?>
<!DOCTYPE html PUBLIC "-//W3C//DTD XHTML 1.0 Transitional//EN"
    "http://www.w3.org/TR/xhtml1/DTD/xhtml1-transitional.dtd">
<html xmlns="http://www.w3.org/1999/xhtml" xml:lang="en" lang="en">
 <head>
  <title>
</title>
<meta http-equiv="Content-Type" content="text/html;charset=utf-8" />
  <meta name='ocr-system' content='tesseract 3.04.00' />
  <meta name='ocr-capabilities' content='ocr_page ocr_carea ocr_par ocr_line ocrx_word'/>
</head>
<body>
  <div class='ocr_page' id='page_1' title='image "./titusliviuspata00freigoog_0608.png"; bbox 0 0 2594 4980; ppageno 0'>
   <div class='ocr_carea' id='block_1_1' title="bbox 294 717 1164 795">
    <p class='ocr_par' dir='ltr' id='par_1_1' title="bbox 294 717 1164 795">
     <span class='ocr_line' id='line_1_1' title="bbox 294 717 1164 795; baseline 0.011 -10"><span class='ocrx_word' id='word_1_1' title='bbox 294 718 347 786; x_wconf 90' lang='lat' dir='ltr'>IN</span> <span class='ocrx_word' id='word_1_2' title='bbox 378 717 734 786; x_wconf 88' lang='lat' dir='ltr'><strong>LOC.·LIB.&#39;LXX</strong></span> <span class='ocrx_word' id='word_1_3' title='bbox 765 720 978 790; x_wconf 81' lang='lat' dir='ltr'><strong>LIVIANI.</strong></span> <span class='ocrx_word' id='word_1_4' title='bbox 1098 723 1164 795; x_wconf 81' lang='lat'>621</span> 
     </span>
    </p>
   </div>
   <div class='ocr_carea' id='block_1_2' title="bbox 109 837 1293 4042">
    <p class='ocr_par' dir='ltr' id='par_1_2' title="bbox 109 837 1247 1228">
     <span class='ocr_line' id='line_1_2' title="bbox 111 837 1247 926; baseline 0.007 -25"><span class='ocrx_word' id='word_1_5' title='bbox 111 837 173 901; x_wconf 90' lang='lat' dir='ltr'>Sed</span> <span class='ocrx_word' id='word_1_6' title='bbox 192 859 242 900; x_wconf 89' lang='lat' dir='ltr'>res</span> <span class='ocrx_word' id='word_1_7' title='bbox 260 853 324 901; x_wconf 79' lang='lat' dir='ltr'>tam</span> <span class='ocrx_word' id='word_1_8' title='bbox 342 837 472 926; x_wconf 84' lang='lat' dir='ltr'>indigna</span> <span class='ocrx_word' id='word_1_9' title='bbox 489 861 556 902; x_wconf 92' lang='lat' dir='ltr'>non</span> <span class='ocrx_word' id='word_1_10' title='bbox 575 839 733 926; x_wconf 82' lang='lat' dir='ltr'><strong>oppressit</strong></span> <span class='ocrx_word' id='word_1_11' title='bbox 748 839 899 902; x_wconf 82' lang='lat' dir='ltr'>virtutem</span> <span class='ocrx_word' id='word_1_12' title='bbox 916 839 1080 907; x_wconf 72' lang='lat' dir='ltr'>clarissimi</span> <span class='ocrx_word' id='word_1_13' title='bbox 1093 846 1169 926; x_wconf 81' lang='lat' dir='ltr'>viri,</span> <span class='ocrx_word' id='word_1_14' title='bbox 1242 882 1247 891; x_wconf 81' lang='lat'>·</span> 
     </span>
     <span class='ocr_line' id='line_1_3' title="bbox 109 939 1169 1027; baseline 0.008 -25"><span class='ocrx_word' id='word_1_15' title='bbox 109 939 166 1002; x_wconf 91' lang='lat' dir='ltr'>sed</span> <span class='ocrx_word' id='word_1_16' title='bbox 182 940 359 1004; x_wconf 87' lang='lat' dir='ltr'>illustravit.</span> <span class='ocrx_word' id='word_1_17' title='bbox 378 941 447 1002; x_wconf 85' lang='lat' dir='ltr'>lam</span> <span class='ocrx_word' id='word_1_18' title='bbox 464 941 606 1027; x_wconf 90' lang='lat' dir='ltr'>primum</span> <span class='ocrx_word' id='word_1_19' title='bbox 627 959 731 1027; x_wconf 86' lang='lat' dir='ltr'>neque</span> <span class='ocrx_word' id='word_1_20' title='bbox 747 940 897 1027; x_wconf 81' lang='lat' dir='ltr'>capillum</span> <span class='ocrx_word' id='word_1_21' title='bbox 911 940 1083 1009; x_wconf 82' lang='lat' dir='ltr'>barbamve</span> <span class='ocrx_word' id='word_1_22' title='bbox 1096 968 1169 1011; x_wconf 89' lang='lat' dir='ltr'>reo·</span> 
     </span>
     <span class='ocr_line' id='line_1_4' title="bbox 111 1038 1168 1130; baseline 0.006 -27"><span class='ocrx_word' id='word_1_23' title='bbox 111 1064 184 1103; x_wconf 87' lang='lat' dir='ltr'>rum</span> <span class='ocrx_word' id='word_1_24' title='bbox 213 1064 302 1103; x_wconf 84' lang='lat' dir='ltr'>more</span> <span class='ocrx_word' id='word_1_25' title='bbox 332 1040 499 1128; x_wconf 83' lang='lat' dir='ltr'>promisit,</span> <span class='ocrx_word' id='word_1_26' title='bbox 513 1038 685 1104; x_wconf 69' lang='lat' dir='ltr'>&#39;vestemve</span> <span class='ocrx_word' id='word_1_27' title='bbox 712 1040 867 1120; x_wconf 84' lang='lat' dir='ltr'>mutarit,</span> <span class='ocrx_word' id='word_1_28' title='bbox 899 1056 955 1103; x_wconf 90' lang='lat' dir='ltr'>aut</span> <span class='ocrx_word' id='word_1_29' title='bbox 981 1040 1168 1130; x_wconf 79' lang='lat' dir='ltr'>deprecatus</span> 
     </span>
     <span class='ocr_line' id='line_1_5' title="bbox 111 1141 1168 1228; baseline 0.007 -26"><span class='ocrx_word' id='word_1_30' title='bbox 111 1164 306 1227; x_wconf 84' lang='lat' dir='ltr'>quemquam</span> <span class='ocrx_word' id='word_1_31' title='bbox 332 1159 402 1206; x_wconf 90' lang='lat' dir='ltr'>est:</span> <span class='ocrx_word' id='word_1_32' title='bbox 430 1159 462 1205; x_wconf 91' lang='lat' dir='ltr'>et</span> <span class='ocrx_word' id='word_1_33' title='bbox 479 1164 581 1228; x_wconf 88' lang='lat' dir='ltr'>quum</span> <span class='ocrx_word' id='word_1_34' title='bbox 602 1142 737 1205; x_wconf 87' lang='lat' dir='ltr'>summis</span> <span class='ocrx_word' id='word_1_35' title='bbox 755 1141 956 1220; x_wconf 78' lang='lat' dir='ltr'>oratoribus,</span> <span class='ocrx_word' id='word_1_36' title='bbox 983 1143 1017 1206; x_wconf 88' lang='lat' dir='ltr'>L.</span> <span class='ocrx_word' id='word_1_37' title='bbox 1036 1145 1168 1226; x_wconf 80' lang='lat' dir='ltr'>Crasso,</span> 
     </span>
    </p>

    <p class='ocr_par' dir='ltr' id='par_1_3' title="bbox 110 1242 1293 2009">
     <span class='ocr_line' id='line_1_6' title="bbox 111 1242 1167 1326; baseline 0.005 -22"><span class='ocrx_word' id='word_1_38' title='bbox 111 1243 154 1305; x_wconf 80' lang='lat' dir='ltr'>M.</span> <span class='ocrx_word' id='word_1_39' title='bbox 175 1244 317 1306; x_wconf 83' lang='lat' dir='ltr'>Antonio</span> <span class='ocrx_word' id='word_1_40' title='bbox 343 1243 452 1306; x_wconf 87' lang='lat' dir='ltr'>amicis</span> <span class='ocrx_word' id='word_1_41' title='bbox 478 1259 644 1322; x_wconf 88' lang='lat' dir='ltr'>uteretur,</span> <span class='ocrx_word' id='word_1_42' title='bbox 677 1259 830 1306; x_wconf 87' lang='lat' dir='ltr'>neutrum</span> <span class='ocrx_word' id='word_1_43' title='bbox 861 1242 1014 1306; x_wconf 81' lang='lat' dir='ltr'>adhibere</span> <span class='ocrx_word' id='word_1_44' title='bbox 1042 1244 1167 1326; x_wconf 83' lang='lat' dir='ltr'>voluit,</span> 
     </span>
     <span class='ocr_line' id='line_1_7' title="bbox 112 1342 1170 1431; baseline 0.006 -28"><span class='ocrx_word' id='word_1_45' title='bbox 112 1342 261 1421; x_wconf 88' lang='lat' dir='ltr'>injuriam</span> <span class='ocrx_word' id='word_1_46' title='bbox 278 1345 505 1431; x_wconf 83' lang='lat' dir='ltr'>interpretatus</span> <span class='ocrx_word' id='word_1_47' title='bbox 528 1344 739 1423; x_wconf 72' lang='lat' dir='ltr'>innocentie,</span> <span class='ocrx_word' id='word_1_48' title='bbox 756 1345 802 1424; x_wconf 87' lang='lat' dir='ltr'>si,</span> <span class='ocrx_word' id='word_1_49' title='bbox 819 1367 890 1430; x_wconf 84' lang='lat' dir='ltr'>quae</span> <span class='ocrx_word' id='word_1_50' title='bbox 907 1344 1006 1409; x_wconf 86' lang='lat' dir='ltr'>malos</span> <span class='ocrx_word' id='word_1_51' title='bbox 1023 1345 1170 1430; x_wconf 85' lang='lat' dir='ltr'>quando·</span> 
     </span>
     <span class='ocr_line' id='line_1_8' title="bbox 111 1443 1169 1532; baseline 0.002 -25"><span class='ocrx_word' id='word_1_52' title='bbox 111 1467 175 1530; x_wconf 89' lang='lat' dir='ltr'>que</span> <span class='ocrx_word' id='word_1_53' title='bbox 198 1445 393 1509; x_wconf 74' lang='lat' dir='ltr'>defendisset</span> <span class='ocrx_word' id='word_1_54' title='bbox 414 1445 614 1532; x_wconf 85' lang='lat' dir='ltr'>eloquentia,</span> <span class='ocrx_word' id='word_1_55' title='bbox 637 1443 677 1508; x_wconf 84' lang='lat' dir='ltr'>cd</span> <span class='ocrx_word' id='word_1_56' title='bbox 701 1466 771 1508; x_wconf 84' lang='lat' dir='ltr'>eam</span> <span class='ocrx_word' id='word_1_57' title='bbox 795 1445 829 1507; x_wconf 91' lang='lat' dir='ltr'>in</span> <span class='ocrx_word' id='word_1_58' title='bbox 852 1467 912 1507; x_wconf 89' lang='lat' dir='ltr'>suo</span> <span class='ocrx_word' id='word_1_59' title='bbox 930 1445 1074 1532; x_wconf 89' lang='lat' dir='ltr'>periculo</span> <span class='ocrx_word' id='word_1_60' title='bbox 1090 1468 1169 1509; x_wconf 92' lang='lat' dir='ltr'>con·</span> 
     </span>
     <span class='ocr_line' id='line_1_9' title="bbox 111 1545 1168 1633; baseline 0.005 -28"><span class='ocrx_word' id='word_1_61' title='bbox 111 1545 221 1633; x_wconf 86' lang='lat' dir='ltr'>lugere</span> <span class='ocrx_word' id='word_1_62' title='bbox 244 1545 427 1609; x_wconf 87' lang='lat' dir='ltr'>videretur:</span> <span class='ocrx_word' id='word_1_63' title='bbox 448 1547 579 1633; x_wconf 85' lang='lat' dir='ltr'>paulum</span> <span class='ocrx_word' id='word_1_64' title='bbox 600 1545 740 1633; x_wconf 87' lang='lat' dir='ltr'>partium</span> <span class='ocrx_word' id='word_1_65' title='bbox 767 1547 805 1609; x_wconf 90' lang='lat' dir='ltr'>C.</span> <span class='ocrx_word' id='word_1_66' title='bbox 831 1547 934 1609; x_wconf 75' lang='lat' dir='ltr'>Cottte</span> <span class='ocrx_word' id='word_1_67' title='bbox 959 1546 1093 1626; x_wconf 88' lang='lat' dir='ltr'>tribuit,</span> <span class='ocrx_word' id='word_1_68' title='bbox 1117 1546 1168 1610; x_wconf 88' lang='lat' dir='ltr'>di-</span> 
     </span>
     <span class='ocr_line' id='line_1_10' title="bbox 111 1634 1293 1727; baseline 0.004 -21"><span class='ocrx_word' id='word_1_69' title='bbox 111 1646 285 1710; x_wconf 86' lang='lat' dir='ltr'>sertissimo</span> <span class='ocrx_word' id='word_1_70' title='bbox 310 1646 523 1727; x_wconf 87' lang='lat' dir='ltr'>adolescenti,</span> <span class='ocrx_word' id='word_1_71' title='bbox 546 1645 602 1710; x_wconf 90' lang='lat' dir='ltr'>sed</span> <span class='ocrx_word' id='word_1_72' title='bbox 626 1645 691 1709; x_wconf 86' lang='lat' dir='ltr'>filio</span> <span class='ocrx_word' id='word_1_73' title='bbox 717 1646 846 1710; x_wconf 82' lang='lat' dir='ltr'>sororis.</span> <span class='ocrx_word' id='word_1_74' title='bbox 875 1647 965 1711; x_wconf 85' lang='lat' dir='ltr'>Dixit</span> <span class='ocrx_word' id='word_1_75' title='bbox 984 1662 1017 1711; x_wconf 88' lang='lat' dir='ltr'>et</span> <span class='ocrx_word' id='word_1_76' title='bbox 1041 1669 1168 1711; x_wconf 81' lang='lat' dir='ltr'>eausam</span> <span class='ocrx_word' id='word_1_77' title='bbox 1220 1700 1225 1709; x_wconf 85' lang='lat'><strong>.</strong></span> <span class='ocrx_word' id='word_1_78' title='bbox 1288 1634 1293 1657; x_wconf 71' lang='lat'>⁸</span> 
     </span>
     <span class='ocr_line' id='line_1_11' title="bbox 110 1743 1168 1834; baseline 0.006 -29"><span class='ocrx_word' id='word_1_79' title='bbox 110 1743 195 1806; x_wconf 86' lang='lat' dir='ltr'>illam</span> <span class='ocrx_word' id='word_1_80' title='bbox 213 1768 250 1808; x_wconf 89' lang='lat' dir='ltr'>ex</span> <span class='ocrx_word' id='word_1_81' title='bbox 266 1764 355 1833; x_wconf 84' lang='lat' dir='ltr'>parte</span> <span class='ocrx_word' id='word_1_82' title='bbox 372 1746 509 1834; x_wconf 81' lang='lat' dir='ltr'>quadam</span> <span class='ocrx_word' id='word_1_83' title='bbox 528 1747 569 1827; x_wconf 87' lang='lat' dir='ltr'>Q.</span> <span class='ocrx_word' id='word_1_84' title='bbox 588 1747 734 1826; x_wconf 87' lang='lat' dir='ltr'>Mucius,</span> <span class='ocrx_word' id='word_1_85' title='bbox 758 1747 815 1833; x_wconf 89' lang='lat' dir='ltr'>qui</span> <span class='ocrx_word' id='word_1_86' title='bbox 837 1749 1012 1834; x_wconf 88' lang='lat' dir='ltr'>proconsul</span> <span class='ocrx_word' id='word_1_87' title='bbox 1034 1748 1118 1811; x_wconf 85' lang='lat' dir='ltr'>illius</span> <span class='ocrx_word' id='word_1_88' title='bbox 1134 1748 1168 1812; x_wconf 88' lang='lat' dir='ltr'>in</span> 
     </span>
     <span class='ocr_line' id='line_1_12' title="bbox 110 1845 1167 1936; baseline 0.007 -30"><span class='ocrx_word' id='word_1_89' title='bbox 110 1845 184 1908; x_wconf 79' lang='lat' dir='ltr'>Asia</span> <span class='ocrx_word' id='word_1_90' title='bbox 202 1846 321 1925; x_wconf 81' lang='lat' dir='ltr'>luerat,</span> <span class='ocrx_word' id='word_1_91' title='bbox 346 1847 464 1926; x_wconf 85' lang='lat' dir='ltr'>majore</span> <span class='ocrx_word' id='word_1_92' title='bbox 484 1847 532 1909; x_wconf 88' lang='lat' dir='ltr'>vir</span> <span class='ocrx_word' id='word_1_93' title='bbox 549 1846 830 1934; x_wconf 69' lang='lat' dir='ltr'>jurisprudentiae,</span> <span class='ocrx_word' id='word_1_94' title='bbox 854 1870 952 1934; x_wconf 82' lang='lat' dir='ltr'>quarn</span> <span class='ocrx_word' id='word_1_95' title='bbox 975 1850 1167 1936; x_wconf 73' lang='lat' dir='ltr'>eloquentie</span> 
     </span>
     <span class='ocr_line' id='line_1_13' title="bbox 110 1943 910 2009; baseline 0.005 -5"><span class='ocrx_word' id='word_1_96' title='bbox 110 1943 203 2009; x_wconf 84' lang='lat' dir='ltr'>fama.</span> <span class='ocrx_word' id='word_1_97' title='bbox 592 1956 593 1959; x_wconf 75' lang='grc'>’</span> <span class='ocrx_word' id='word_1_98' title='bbox 907 1976 910 1981; x_wconf 55' lang='lat'><em>&gt;</em></span> 
     </span>
    </p>

    <p class='ocr_par' dir='ltr' id='par_1_4' title="bbox 109 2046 1169 3016">
     <span class='ocr_line' id='line_1_14' title="bbox 158 2046 1167 2136; baseline 0 -25"><span class='ocrx_word' id='word_1_99' title='bbox 158 2047 241 2113; x_wconf 89' lang='lat' dir='ltr'><strong>LIII.</strong></span> <span class='ocrx_word' id='word_1_100' title='bbox 264 2051 422 2113; x_wconf 74' lang='lat' dir='ltr'>Ceterum</span> <span class='ocrx_word' id='word_1_101' title='bbox 439 2050 507 2136; x_wconf 86' lang='lat' dir='ltr'>ipse</span> <span class='ocrx_word' id='word_1_102' title='bbox 524 2049 559 2112; x_wconf 90' lang='lat' dir='ltr'>P.</span> <span class='ocrx_word' id='word_1_103' title='bbox 576 2049 733 2130; x_wconf 87' lang='lat' dir='ltr'>Rutilius,</span> <span class='ocrx_word' id='word_1_104' title='bbox 757 2049 921 2113; x_wconf 82' lang='lat' dir='ltr'>Socratem</span> <span class='ocrx_word' id='word_1_105' title='bbox 938 2046 1167 2111; x_wconf 83' lang='lat' dir='ltr'>Atheniensem</span> 
     </span>
     <span class='ocr_line' id='line_1_15' title="bbox 110 2146 1167 2240; baseline -0.008 -21"><span class='ocrx_word' id='word_1_106' title='bbox 110 2155 269 2233; x_wconf 82' lang='lat' dir='ltr'>imitatus,</span> <span class='ocrx_word' id='word_1_107' title='bbox 284 2174 386 2240; x_wconf 92' lang='lat' dir='ltr'>quum</span> <span class='ocrx_word' id='word_1_108' title='bbox 403 2167 517 2239; x_wconf 78' lang='lat' dir='ltr'>preter</span> <span class='ocrx_word' id='word_1_109' title='bbox 530 2150 681 2240; x_wconf 84' lang='lat' dir='ltr'>pecunias</span> <span class='ocrx_word' id='word_1_110' title='bbox 696 2165 820 2237; x_wconf 77' lang='lat' dir='ltr'>captes,</span> <span class='ocrx_word' id='word_1_111' title='bbox 837 2150 953 2229; x_wconf 82' lang='lat' dir='ltr'>multa,</span> <span class='ocrx_word' id='word_1_112' title='bbox 972 2169 1043 2235; x_wconf 82' lang='lat' dir='ltr'>quae</span> <span class='ocrx_word' id='word_1_113' title='bbox 1058 2146 1099 2212; x_wconf 82' lang='lat' dir='ltr'>ad</span> <span class='ocrx_word' id='word_1_114' title='bbox 1113 2171 1167 2212; x_wconf 89' lang='lat' dir='ltr'>su·</span> 
     </span>
     <span class='ocr_line' id='line_1_16' title="bbox 110 2247 1169 2343; baseline -0.007 -24"><span class='ocrx_word' id='word_1_115' title='bbox 110 2255 283 2343; x_wconf 90' lang='lat' dir='ltr'>spicionem</span> <span class='ocrx_word' id='word_1_116' title='bbox 301 2268 486 2339; x_wconf 89' lang='lat' dir='ltr'>stuprorum</span> <span class='ocrx_word' id='word_1_117' title='bbox 503 2269 599 2339; x_wconf 81' lang='lat' dir='ltr'>atque</span> <span class='ocrx_word' id='word_1_118' title='bbox 613 2249 786 2315; x_wconf 86' lang='lat' dir='ltr'>libidinum</span> <span class='ocrx_word' id='word_1_119' title='bbox 802 2249 1018 2337; x_wconf 83' lang='lat' dir='ltr'>pertinerent,</span> <span class='ocrx_word' id='word_1_120' title='bbox 1032 2247 1169 2312; x_wconf 80' lang='lat' dir='ltr'>audiris·</span> 
     </span>
     <span class='ocr_line' id='line_1_17' title="bbox 110 2348 1165 2440; baseline -0.005 -22"><span class='ocrx_word' id='word_1_121' title='bbox 110 2369 173 2434; x_wconf 89' lang='lat' dir='ltr'>set,</span> <span class='ocrx_word' id='word_1_122' title='bbox 190 2354 232 2416; x_wconf 76' lang='lat' dir='ltr'>ita</span> <span class='ocrx_word' id='word_1_123' title='bbox 250 2351 436 2440; x_wconf 81' lang='lat' dir='ltr'>respondit,</span> <span class='ocrx_word' id='word_1_124' title='bbox 461 2368 497 2415; x_wconf 89' lang='lat' dir='ltr'>ut</span> <span class='ocrx_word' id='word_1_125' title='bbox 520 2353 644 2432; x_wconf 83' lang='lat' dir='ltr'>objecta</span> <span class='ocrx_word' id='word_1_126' title='bbox 664 2350 794 2438; x_wconf 88' lang='lat' dir='ltr'>quidem</span> <span class='ocrx_word' id='word_1_127' title='bbox 818 2351 986 2438; x_wconf 86' lang='lat' dir='ltr'>perspicue</span> <span class='ocrx_word' id='word_1_128' title='bbox 1009 2348 1165 2413; x_wconf 87' lang='lat' dir='ltr'>dilueret:</span> 
     </span>
     <span class='ocr_line' id='line_1_18' title="bbox 110 2449 1166 2542; baseline -0.006 -24"><span class='ocrx_word' id='word_1_129' title='bbox 110 2471 259 2519; x_wconf 84' lang='lat' dir='ltr'>caeterum</span> <span class='ocrx_word' id='word_1_130' title='bbox 285 2476 392 2540; x_wconf 87' lang='lat' dir='ltr'>neque</span> <span class='ocrx_word' id='word_1_131' title='bbox 419 2454 612 2542; x_wconf 68' lang='lat' dir='ltr'>supplimret</span> <span class='ocrx_word' id='word_1_132' title='bbox 637 2451 822 2530; x_wconf 85' lang='lat' dir='ltr'>judicibus,</span> <span class='ocrx_word' id='word_1_133' title='bbox 847 2473 954 2537; x_wconf 89' lang='lat' dir='ltr'>neque</span> <span class='ocrx_word' id='word_1_134' title='bbox 979 2449 1114 2513; x_wconf 89' lang='lat' dir='ltr'>verbum</span> <span class='ocrx_word' id='word_1_135' title='bbox 1136 2451 1166 2513; x_wconf 91' lang='lat' dir='ltr'>ei</span> 
     </span>
     <span class='ocr_line' id='line_1_19' title="bbox 110 2547 1166 2639; baseline -0.008 -19"><span class='ocrx_word' id='word_1_136' title='bbox 110 2559 211 2620; x_wconf 90' lang='lat' dir='ltr'>ullum</span> <span class='ocrx_word' id='word_1_137' title='bbox 229 2556 377 2633; x_wconf 89' lang='lat' dir='ltr'>mollius,</span> <span class='ocrx_word' id='word_1_138' title='bbox 398 2570 454 2618; x_wconf 82' lang='lat' dir='ltr'>aut</span> <span class='ocrx_word' id='word_1_139' title='bbox 473 2555 543 2618; x_wconf 89' lang='lat' dir='ltr'>viro</span> <span class='ocrx_word' id='word_1_140' title='bbox 558 2554 648 2622; x_wconf 91' lang='lat' dir='ltr'>bono</span> <span class='ocrx_word' id='word_1_141' title='bbox 666 2551 856 2639; x_wconf 82' lang='lat' dir='ltr'>indignum,</span> <span class='ocrx_word' id='word_1_142' title='bbox 872 2547 1036 2629; x_wconf 77' lang='lat' dir='ltr'>efflueret5</span> <span class='ocrx_word' id='word_1_143' title='bbox 1055 2550 1166 2636; x_wconf 88' lang='lat' dir='ltr'>reique</span> 
     </span>
     <span class='ocr_line' id='line_1_20' title="bbox 109 2648 1165 2744; baseline -0.008 -24"><span class='ocrx_word' id='word_1_144' title='bbox 109 2659 209 2744; x_wconf 82' lang='lat' dir='ltr'>magis</span> <span class='ocrx_word' id='word_1_145' title='bbox 225 2657 382 2744; x_wconf 75' lang='lat' dir='ltr'>publice,</span> <span class='ocrx_word' id='word_1_146' title='bbox 408 2677 506 2741; x_wconf 84' lang='lat' dir='ltr'>quam</span> <span class='ocrx_word' id='word_1_147' title='bbox 533 2675 624 2716; x_wconf 85' lang='lat' dir='ltr'>suam</span> <span class='ocrx_word' id='word_1_148' title='bbox 648 2653 751 2714; x_wconf 81' lang='lat' dir='ltr'>vicem</span> <span class='ocrx_word' id='word_1_149' title='bbox 769 2650 982 2712; x_wconf 82' lang='lat' dir='ltr'>misereretur.</span> <span class='ocrx_word' id='word_1_150' title='bbox 1008 2648 1071 2712; x_wconf 89' lang='lat' dir='ltr'>Sed</span> <span class='ocrx_word' id='word_1_151' title='bbox 1094 2649 1165 2731; x_wconf 92' lang='lat' dir='ltr'>ille,</span> 
     </span>
     <span class='ocr_line' id='line_1_21' title="bbox 110 2747 1165 2840; baseline -0.004 -23"><span class='ocrx_word' id='word_1_152' title='bbox 110 2777 212 2840; x_wconf 91' lang='lat' dir='ltr'>quum</span> <span class='ocrx_word' id='word_1_153' title='bbox 230 2754 383 2840; x_wconf 89' lang='lat' dir='ltr'>opinione</span> <span class='ocrx_word' id='word_1_154' title='bbox 398 2752 562 2815; x_wconf 90' lang='lat' dir='ltr'>bonorum</span> <span class='ocrx_word' id='word_1_155' title='bbox 580 2750 726 2812; x_wconf 89' lang='lat' dir='ltr'>omnium</span> <span class='ocrx_word' id='word_1_156' title='bbox 743 2771 803 2835; x_wconf 92' lang='lat' dir='ltr'>pro</span> <span class='ocrx_word' id='word_1_157' title='bbox 818 2747 967 2810; x_wconf 74' lang='lat' dir='ltr'>absoluto</span> <span class='ocrx_word' id='word_1_158' title='bbox 983 2748 1165 2831; x_wconf 84' lang='lat' dir='ltr'>baberetur,</span> 
     </span>
     <span class='ocr_line' id='line_1_22' title="bbox 111 2847 1167 2936; baseline 0.001 -23"><span class='ocrx_word' id='word_1_159' title='bbox 111 2853 226 2915; x_wconf 89' lang='lat' dir='ltr'>scelere</span> <span class='ocrx_word' id='word_1_160' title='bbox 248 2849 414 2930; x_wconf 86' lang='lat' dir='ltr'>judicum,</span> <span class='ocrx_word' id='word_1_161' title='bbox 440 2872 506 2912; x_wconf 93' lang='lat' dir='ltr'>non</span> <span class='ocrx_word' id='word_1_162' title='bbox 533 2849 602 2911; x_wconf 90' lang='lat' dir='ltr'>sine</span> <span class='ocrx_word' id='word_1_163' title='bbox 625 2849 747 2936; x_wconf 86' lang='lat' dir='ltr'>gemitu</span> <span class='ocrx_word' id='word_1_164' title='bbox 774 2847 926 2926; x_wconf 81' lang='lat' dir='ltr'>civitatis,</span> <span class='ocrx_word' id='word_1_165' title='bbox 947 2864 996 2911; x_wconf 86' lang='lat' dir='ltr'>est</span> <span class='ocrx_word' id='word_1_166' title='bbox 1014 2847 1167 2914; x_wconf 90' lang='lat' dir='ltr'>condem·</span> 
     </span>
     <span class='ocr_line' id='line_1_23' title="bbox 110 2969 218 3016; baseline 0.009 -2"><span class='ocrx_word' id='word_1_167' title='bbox 110 2969 218 3016; x_wconf 86' lang='lat' dir='ltr'>natus.-</span> 
     </span>
    </p>

    <p class='ocr_par' dir='ltr' id='par_1_5' title="bbox 109 3047 1165 4042">
     <span class='ocr_line' id='line_1_24' title="bbox 153 3047 1165 3134; baseline -0.001 -19"><span class='ocrx_word' id='word_1_168' title='bbox 153 3052 233 3115; x_wconf 90' lang='lat' dir='ltr'><strong>LIV.</strong></span> <span class='ocrx_word' id='word_1_169' title='bbox 257 3051 363 3134; x_wconf 87' lang='lat' dir='ltr'>Hujus</span> <span class='ocrx_word' id='word_1_170' title='bbox 389 3065 455 3111; x_wconf 88' lang='lat' dir='ltr'>tam</span> <span class='ocrx_word' id='word_1_171' title='bbox 477 3048 604 3111; x_wconf 80' lang='lat' dir='ltr'>infamis</span> <span class='ocrx_word' id='word_1_172' title='bbox 631 3047 737 3134; x_wconf 87' lang='lat' dir='ltr'>operis</span> <span class='ocrx_word' id='word_1_173' title='bbox 766 3047 923 3134; x_wconf 83' lang='lat' dir='ltr'>particeps</span> <span class='ocrx_word' id='word_1_174' title='bbox 945 3048 1041 3112; x_wconf 79' lang='lat' dir='ltr'>etiam</span> <span class='ocrx_word' id='word_1_175' title='bbox 1059 3047 1165 3129; x_wconf 40' lang='lat' dir='ltr'>,fusse</span> 
     </span>
     <span class='ocr_line' id='line_1_25' title="bbox 110 3147 1164 3237; baseline 0 -22"><span class='ocrx_word' id='word_1_176' title='bbox 110 3152 144 3214; x_wconf 92' lang='lat' dir='ltr'>C.</span> <span class='ocrx_word' id='word_1_177' title='bbox 159 3151 278 3215; x_wconf 82' lang='lat' dir='ltr'>Marius</span> <span class='ocrx_word' id='word_1_178' title='bbox 291 3147 450 3228; x_wconf 89' lang='lat' dir='ltr'>creditur,</span> <span class='ocrx_word' id='word_1_179' title='bbox 463 3171 521 3237; x_wconf 89' lang='lat' dir='ltr'>per</span> <span class='ocrx_word' id='word_1_180' title='bbox 535 3147 734 3212; x_wconf 79' lang='lat' dir='ltr'>inimicitiam</span> <span class='ocrx_word' id='word_1_181' title='bbox 748 3147 870 3211; x_wconf 83' lang='lat' dir='ltr'>Metelli</span> <span class='ocrx_word' id='word_1_182' title='bbox 879 3147 1015 3212; x_wconf 74' lang='lat' dir='ltr'>infestus</span> <span class='ocrx_word' id='word_1_183' title='bbox 1026 3149 1164 3231; x_wconf 87' lang='lat' dir='ltr'>Rutilio,</span> 
     </span>
     <span class='ocr_line' id='line_1_26' title="bbox 109 3247 1165 3335; baseline -0.001 -19"><span class='ocrx_word' id='word_1_184' title='bbox 109 3268 141 3316; x_wconf 88' lang='lat' dir='ltr'>et</span> <span class='ocrx_word' id='word_1_185' title='bbox 164 3252 330 3317; x_wconf 91' lang='lat' dir='ltr'>communi</span> <span class='ocrx_word' id='word_1_186' title='bbox 348 3250 499 3315; x_wconf 81' lang='lat' dir='ltr'>adversus</span> <span class='ocrx_word' id='word_1_187' title='bbox 516 3248 621 3314; x_wconf 86' lang='lat' dir='ltr'>bonos</span> <span class='ocrx_word' id='word_1_188' title='bbox 643 3247 739 3329; x_wconf 89' lang='lat' dir='ltr'>odio,</span> <span class='ocrx_word' id='word_1_189' title='bbox 757 3270 898 3335; x_wconf 89' lang='lat' dir='ltr'>quorum</span> <span class='ocrx_word' id='word_1_190' title='bbox 920 3250 1002 3312; x_wconf 84' lang='lat' dir='ltr'>veris</span> <span class='ocrx_word' id='word_1_191' title='bbox 1027 3250 1165 3315; x_wconf 83' lang='lat' dir='ltr'>meritis·</span> 
     </span>
     <span class='ocr_line' id='line_1_27' title="bbox 109 3347 1164 3438; baseline 0.001 -24"><span class='ocrx_word' id='word_1_192' title='bbox 109 3375 171 3438; x_wconf 89' lang='lat' dir='ltr'>que</span> <span class='ocrx_word' id='word_1_193' title='bbox 188 3352 339 3417; x_wconf 85' lang='lat' dir='ltr'>laudibus</span> <span class='ocrx_word' id='word_1_194' title='bbox 361 3350 535 3415; x_wconf 81' lang='lat' dir='ltr'>barbarum</span> <span class='ocrx_word' id='word_1_195' title='bbox 552 3349 719 3438; x_wconf 85' lang='lat' dir='ltr'>ingenium</span> <span class='ocrx_word' id='word_1_196' title='bbox 738 3349 938 3438; x_wconf 79' lang='lat' dir='ltr'>gravabatur.</span> <span class='ocrx_word' id='word_1_197' title='bbox 955 3347 1080 3431; x_wconf 82' lang='lat' dir='ltr'>Idcirco</span> <span class='ocrx_word' id='word_1_198' title='bbox 1096 3353 1164 3415; x_wconf 83' lang='lat' dir='ltr'>ltu-</span> 
     </span>
     <span class='ocr_line' id='line_1_28' title="bbox 110 3449 1163 3538; baseline 0.003 -26"><span class='ocrx_word' id='word_1_199' title='bbox 110 3451 212 3531; x_wconf 89' lang='lat' dir='ltr'>tilius,</span> <span class='ocrx_word' id='word_1_200' title='bbox 227 3453 317 3517; x_wconf 89' lang='lat' dir='ltr'>nullo</span> <span class='ocrx_word' id='word_1_201' title='bbox 338 3453 423 3515; x_wconf 85' lang='lat' dir='ltr'>inter</span> <span class='ocrx_word' id='word_1_202' title='bbox 442 3452 518 3515; x_wconf 77' lang='lat' dir='ltr'>tales</span> <span class='ocrx_word' id='word_1_203' title='bbox 537 3449 758 3514; x_wconf 83' lang='lat' dir='ltr'>commorandi</span> <span class='ocrx_word' id='word_1_204' title='bbox 774 3449 951 3530; x_wconf 89' lang='lat' dir='ltr'>desiderio,</span> <span class='ocrx_word' id='word_1_205' title='bbox 968 3449 1163 3538; x_wconf 87' lang='lat' dir='ltr'>Mitylenen,</span> 
     </span>
     <span class='ocr_line' id='line_1_29' title="bbox 109 3549 1163 3642; baseline 0.002 -29"><span class='ocrx_word' id='word_1_206' title='bbox 109 3553 215 3615; x_wconf 75' lang='lat' dir='ltr'>relicta</span> <span class='ocrx_word' id='word_1_207' title='bbox 235 3553 339 3627; x_wconf 80' lang='lat' dir='ltr'>Urbe,</span> <span class='ocrx_word' id='word_1_208' title='bbox 357 3553 521 3642; x_wconf 79' lang='lat' dir='ltr'>migravit,</span> <span class='ocrx_word' id='word_1_209' title='bbox 535 3572 721 3638; x_wconf 73' lang='lat' dir='ltr'>quanquam</span> <span class='ocrx_word' id='word_1_210' title='bbox 743 3550 888 3614; x_wconf 84' lang='lat' dir='ltr'>exsilium</span> <span class='ocrx_word' id='word_1_211' title='bbox 906 3549 935 3612; x_wconf 89' lang='lat' dir='ltr'>ei</span> <span class='ocrx_word' id='word_1_212' title='bbox 954 3549 1080 3629; x_wconf 85' lang='lat' dir='ltr'>jussmn</span> <span class='ocrx_word' id='word_1_213' title='bbox 1097 3573 1163 3615; x_wconf 92' lang='lat' dir='ltr'>non</span> 
     </span>
     <span class='ocr_line' id='line_1_30' title="bbox 110 3648 1164 3742; baseline 0 -28"><span class='ocrx_word' id='word_1_214' title='bbox 110 3669 186 3716; x_wconf 85' lang='lat' dir='ltr'>erat.</span> <span class='ocrx_word' id='word_1_215' title='bbox 200 3655 288 3717; x_wconf 83' lang='lat' dir='ltr'>Bona</span> <span class='ocrx_word' id='word_1_216' title='bbox 306 3671 412 3719; x_wconf 84' lang='lat' dir='ltr'>tamen</span> <span class='ocrx_word' id='word_1_217' title='bbox 426 3654 604 3742; x_wconf 61' lang='lat' dir='ltr'>publicam</span> <span class='ocrx_word' id='word_1_218' title='bbox 624 3651 736 3731; x_wconf 75' lang='lat' dir='ltr'>majori</span> <span class='ocrx_word' id='word_1_219' title='bbox 751 3650 869 3715; x_wconf 88' lang='lat' dir='ltr'>rubore</span> <span class='ocrx_word' id='word_1_220' title='bbox 881 3648 1048 3731; x_wconf 85' lang='lat' dir='ltr'>judicum,</span> <span class='ocrx_word' id='word_1_221' title='bbox 1066 3673 1164 3738; x_wconf 78' lang='lat' dir='ltr'>quern</span> 
     </span>
     <span class='ocr_line' id='line_1_31' title="bbox 110 3750 1163 3839; baseline 0.001 -25"><span class='ocrx_word' id='word_1_222' title='bbox 110 3752 233 3816; x_wconf 90' lang='lat' dir='ltr'>domini</span> <span class='ocrx_word' id='word_1_223' title='bbox 253 3752 392 3817; x_wconf 84' lang='lat' dir='ltr'>damno:</span> <span class='ocrx_word' id='word_1_224' title='bbox 409 3755 566 3818; x_wconf 89' lang='lat' dir='ltr'>minorem</span> <span class='ocrx_word' id='word_1_225' title='bbox 587 3753 673 3815; x_wconf 91' lang='lat' dir='ltr'>enim</span> <span class='ocrx_word' id='word_1_226' title='bbox 695 3752 866 3839; x_wconf 85' lang='lat' dir='ltr'>pecuniam</span> <span class='ocrx_word' id='word_1_227' title='bbox 886 3750 916 3813; x_wconf 92' lang='lat' dir='ltr'>ei</span> <span class='ocrx_word' id='word_1_228' title='bbox 937 3751 1052 3831; x_wconf 87' lang='lat' dir='ltr'>fuisse,</span> <span class='ocrx_word' id='word_1_229' title='bbox 1066 3772 1163 3837; x_wconf 82' lang='lat' dir='ltr'>quam</span> 
     </span>
     <span class='ocr_line' id='line_1_32' title="bbox 109 3850 1163 3940; baseline -0.001 -25"><span class='ocrx_word' id='word_1_230' title='bbox 109 3854 260 3918; x_wconf 79' lang='lat' dir='ltr'>aestimata</span> <span class='ocrx_word' id='word_1_231' title='bbox 273 3853 311 3918; x_wconf 86' lang='lat' dir='ltr'>lis</span> <span class='ocrx_word' id='word_1_232' title='bbox 327 3869 426 3934; x_wconf 88' lang='lat' dir='ltr'>esset,</span> <span class='ocrx_word' id='word_1_233' title='bbox 443 3876 578 3940; x_wconf 84' lang='lat' dir='ltr'>eamque</span> <span class='ocrx_word' id='word_1_234' title='bbox 595 3874 728 3917; x_wconf 89' lang='lat' dir='ltr'>omnem</span> <span class='ocrx_word' id='word_1_235' title='bbox 741 3853 836 3932; x_wconf 84' lang='lat' dir='ltr'>justis</span> <span class='ocrx_word' id='word_1_236' title='bbox 855 3850 1070 3938; x_wconf 82' lang='lat' dir='ltr'>legitimisque</span> <span class='ocrx_word' id='word_1_237' title='bbox 1085 3851 1163 3914; x_wconf 91' lang='lat' dir='ltr'>titu-</span> 
     </span>
     <span class='ocr_line' id='line_1_33' title="bbox 109 3953 793 4042; baseline -0.003 -25"><span class='ocrx_word' id='word_1_238' title='bbox 109 3955 146 4018; x_wconf 90' lang='lat' dir='ltr'>lis</span> <span class='ocrx_word' id='word_1_239' title='bbox 162 3953 202 4017; x_wconf 83' lang='lat' dir='ltr'>ad</span> <span class='ocrx_word' id='word_1_240' title='bbox 219 3976 294 4017; x_wconf 88' lang='lat' dir='ltr'>curn</span> <span class='ocrx_word' id='word_1_241' title='bbox 311 3955 511 4041; x_wconf 84' lang='lat' dir='ltr'>pervenisse,</span> <span class='ocrx_word' id='word_1_242' title='bbox 528 3954 722 4042; x_wconf 81' lang='lat' dir='ltr'>patefactum</span> <span class='ocrx_word' id='word_1_243' title='bbox 736 3966 793 4016; x_wconf 88' lang='lat' dir='ltr'>est.</span> 
     </span>
    </p>
   </div>
   <div class='ocr_carea' id='block_1_3' title="bbox 110 4160 1254 4511">
    <p class='ocr_par' dir='ltr' id='par_1_6' title="bbox 110 4160 1254 4511">
     <span class='ocr_line' id='line_1_34' title="bbox 144 4160 1254 4263; baseline -0.003 -18"><span class='ocrx_word' id='word_1_244' title='bbox 144 4198 160 4263; x_wconf 75' lang='lat' dir='ltr'>s</span> <span class='ocrx_word' id='word_1_245' title='bbox 180 4201 231 4245; x_wconf 86' lang='lat' dir='ltr'>m.</span> <span class='ocrx_word' id='word_1_246' title='bbox 249 4197 366 4247; x_wconf 70' lang='lat' dir='ltr'>ructon.</span> <span class='ocrx_word' id='word_1_247' title='bbox 381 4196 448 4262; x_wconf 63' lang='lat' dir='ltr'>spus</span> <span class='ocrx_word' id='word_1_248' title='bbox 461 4197 549 4245; x_wconf 62' lang='lat' dir='ltr'>suen.</span> <span class='ocrx_word' id='word_1_249' title='bbox 561 4199 605 4246; x_wconf 82' lang='lat' dir='ltr'>rr.</span> <span class='ocrx_word' id='word_1_250' title='bbox 617 4223 651 4235; x_wconf 86' lang='lat'><em>-</em></span> <span class='ocrx_word' id='word_1_251' title='bbox 664 4196 716 4244; x_wconf 77' lang='lat' dir='ltr'>cn.</span> <span class='ocrx_word' id='word_1_252' title='bbox 728 4198 754 4244; x_wconf 71' lang='lat' dir='ltr'>n·</span> <span class='ocrx_word' id='word_1_253' title='bbox 767 4198 857 4255; x_wconf 73' lang='lat' dir='ltr'>nmo,</span> <span class='ocrx_word' id='word_1_254' title='bbox 876 4209 929 4259; x_wconf 70' lang='lat' dir='ltr'>cap.</span> <span class='ocrx_word' id='word_1_255' title='bbox 945 4194 991 4250; x_wconf 83' lang='lat' dir='ltr'>so,</span> <span class='ocrx_word' id='word_1_256' title='bbox 1005 4203 1030 4241; x_wconf 69' lang='lat' dir='ltr'>ot</span> <span class='ocrx_word' id='word_1_257' title='bbox 1046 4190 1077 4242; x_wconf 80' lang='lat' dir='ltr'>s·</span> <span class='ocrx_word' id='word_1_258' title='bbox 1093 4194 1162 4243; x_wconf 76' lang='lat' dir='ltr'>om.</span> <span class='ocrx_word' id='word_1_259' title='bbox 1250 4160 1254 4167; x_wconf 44' lang='lat'><strong>¹</strong></span> 
     </span>
     <span class='ocr_line' id='line_1_35' title="bbox 110 4276 1181 4346; baseline -0.003 -17"><span class='ocrx_word' id='word_1_260' title='bbox 110 4286 133 4340; x_wconf 88' lang='lat'>1,</span> <span class='ocrx_word' id='word_1_261' title='bbox 147 4282 189 4329; x_wconf 79' lang='lat'>53.</span> <span class='ocrx_word' id='word_1_262' title='bbox 204 4308 239 4317; x_wconf 94' lang='lat'>-</span> <span class='ocrx_word' id='word_1_263' title='bbox 254 4280 709 4346; x_wconf 71' lang='lat' dir='ltr'>§t1u.ctc.proront.up.13,et</span> <span class='ocrx_word' id='word_1_264' title='bbox 723 4276 942 4329; x_wconf 71' lang='lat' dir='ltr'>deone-vo.</span> <span class='ocrx_word' id='word_1_265' title='bbox 957 4276 1024 4325; x_wconf 75' lang='lat' dir='ltr'>bin.</span> <span class='ocrx_word' id='word_1_266' title='bbox 1041 4302 1076 4315; x_wconf 90' lang='lat'>-</span> <span class='ocrx_word' id='word_1_267' title='bbox 1091 4278 1162 4327; x_wconf 63' lang='lat' dir='ltr'>Ome</span> <span class='ocrx_word' id='word_1_268' title='bbox 1177 4286 1181 4295; x_wconf 87' lang='grc'><strong>’</strong></span> 
     </span>
     <span class='ocr_line' id='line_1_36' title="bbox 110 4361 1162 4430; baseline -0.004 -20"><span class='ocrx_word' id='word_1_269' title='bbox 110 4364 142 4421; x_wconf 75' lang='lat' dir='ltr'>V,</span> <span class='ocrx_word' id='word_1_270' title='bbox 157 4379 197 4424; x_wconf 81' lang='lat'>¹7·</span> <span class='ocrx_word' id='word_1_271' title='bbox 212 4391 246 4401; x_wconf 95' lang='lat'><em>-</em></span> <span class='ocrx_word' id='word_1_272' title='bbox 260 4363 275 4430; x_wconf 72' lang='lat' dir='ltr'>S</span> <span class='ocrx_word' id='word_1_273' title='bbox 288 4365 351 4414; x_wconf 77' lang='lat' dir='ltr'>m.</span> <span class='ocrx_word' id='word_1_274' title='bbox 364 4362 426 4413; x_wconf 82' lang='lat' dir='ltr'>Vell.</span> <span class='ocrx_word' id='word_1_275' title='bbox 441 4365 483 4421; x_wconf 87' lang='grc' dir='ltr'>Π,</span> <span class='ocrx_word' id='word_1_276' title='bbox 504 4365 542 4412; x_wconf 76' lang='grc' dir='ltr'>ι3.</span> <span class='ocrx_word' id='word_1_277' title='bbox 560 4390 593 4401; x_wconf 91' lang='grc'>-</span> <span class='ocrx_word' id='word_1_278' title='bbox 610 4363 715 4412; x_wconf 77' lang='lat' dir='ltr'>Diodor.</span> <span class='ocrx_word' id='word_1_279' title='bbox 733 4363 799 4429; x_wconf 69' lang='lat' dir='ltr'>opud</span> <span class='ocrx_word' id='word_1_280' title='bbox 815 4362 894 4411; x_wconf 76' lang='lat' dir='ltr'>Vsler.</span> <span class='ocrx_word' id='word_1_281' title='bbox 908 4385 944 4398; x_wconf 90' lang='lat'>·-</span> <span class='ocrx_word' id='word_1_282' title='bbox 958 4361 1010 4409; x_wconf 76' lang='lat' dir='ltr'>cle.</span> <span class='ocrx_word' id='word_1_283' title='bbox 1021 4374 1067 4425; x_wconf 82' lang='lat' dir='ltr'>pro</span> <span class='ocrx_word' id='word_1_284' title='bbox 1079 4361 1162 4410; x_wconf 69' lang='lat' dir='ltr'>usur.</span> 
     </span>
     <span class='ocr_line' id='line_1_37' title="bbox 111 4447 303 4511; baseline 0.01 -20"><span class='ocrx_word' id='word_1_285' title='bbox 111 4447 177 4493; x_wconf 83' lang='lat' dir='ltr'>Post.</span> <span class='ocrx_word' id='word_1_286' title='bbox 194 4462 246 4511; x_wconf 77' lang='lat' dir='ltr'>esp.</span> <span class='ocrx_word' id='word_1_287' title='bbox 264 4463 303 4494; x_wconf 88' lang='lat' dir='ltr'>rc.</span> 
     </span>
    </p>
   </div>
   <div class='ocr_carea' id='block_1_4' title="bbox 0 0 1302 4980">
    <p class='ocr_par' dir='ltr' id='par_1_7' title="bbox 0 0 1302 4980">
     <span class='ocr_line' id='line_1_38' title="bbox 0 0 1302 4980; baseline 0 0"><span class='ocrx_word' id='word_1_288' title='bbox 0 0 1302 4980; x_wconf 95' lang='lat' dir='ltr'> </span> 
     </span>
    </p>
   </div>
  </div>
 </body>
</html>
