2594 4980
143 682 213 754 386
318 687 385 752 JO.
416 682 755 752 FREINSHEMII
786 685 1031 753 SUPPLEM.

103 886 111 897 Ι
186 806 324 869 XXVII.
349 805 468 884 Aiunt,
484 804 533 864 bis
548 804 738 868 renuntiatis
751 820 899 891 paratum
915 805 1014 869 luisse
1026 805 1215 872 Gracchum

143 905 358 980 descendere,
377 922 408 967 et
425 904 555 989 reliquis
571 905 724 968 omnibus
743 906 1019 970 reclamitantibus
1036 922 1215 972 retentum.

144 1010 191 1072 lta
208 1008 383 1070 remittitur
399 1029 473 1068 cum
492 1005 657 1091 prioribus
673 1005 833 1070 mandatis
851 1005 1058 1087 adolescens,
1075 1023 1107 1071 et
1122 1030 1142 1070 a
1155 1030 1216 1071 cu·

142 1107 220 1196 pido
235 1105 402 1194 pugnandi
420 1107 554 1168 consule
574 1106 606 1168 in
624 1106 751 1170 vinctda
769 1107 962 1186 conjicitur:
980 1108 1139 1172 contiuuo
1157 1131 1215 1193 va·

144 1209 206 1273 lida
227 1232 342 1271 manus
367 1231 442 1270 cum
461 1208 555 1286 justis
571 1209 690 1288 armis,
708 1226 741 1272 et
756 1210 925 1272 Cretenses
944 1210 1098 1296 sagittarii
1119 1210 1216 1274 multi

145 1313 177 1374 in
194 1312 391 1374 Aventinum
410 1309 595 1372 mittuntur.
613 1309 682 1373 Hos
698 1310 738 1374 D.
751 1312 871 1374 brutus
885 1309 934 1371 vir
947 1311 1141 1391 consularis,
1157 1313 1214 1398 qui

143 1436 235 1476 socer
253 1412 318 1474 Caii
335 1413 456 1490 fuerat,
477 1433 534 1496 per
551 1410 671 1473 clivum
688 1411 857 1497 publicum
874 1408 1009 1486 ductos,
1025 1411 1147 1475 adoriri
1160 1413 1215 1492 ju·

145 1513 267 1576 dicatos
292 1514 402 1575 hostes
423 1511 525 1589 jubet.
546 1512 598 1574 Fit
620 1511 700 1575 acris
722 1535 849 1600 pugna,
870 1512 1019 1574 ferociter
1038 1510 1215 1576 dimicante

144 1616 269 1677 Flacco.
289 1614 325 1677 P.
344 1614 502 1677 Lentulus
518 1613 668 1700 princeps
687 1628 817 1678 senatus
832 1634 927 1700 grave
945 1613 1065 1676 vulnus
1080 1614 1214 1700 accipit,

144 1713 249 1777 donec
267 1715 390 1777 amissis
405 1713 594 1776 horninibus
608 1713 710 1776 ferme
724 1713 872 1777 ducentis
888 1713 1139 1802 quinquaginta,
1157 1716 1214 1802 qui

141 1817 282 1881 maxime
306 1817 427 1904 sagittis
454 1817 581 1884 eminus
607 1814 725 1879 confixi
749 1815 896 1894 fucrant,
912 1830 945 1877 et
966 1814 1215 1903 diffugientibus

144 1917 291 2003 reliquis,
306 1919 350 1982 M.
365 1918 498 1980 Fulvius
515 1939 669 1981 unacum
682 1917 803 1996 majore
815 1915 899 1997 filio,
911 1939 970 2003 per
984 1915 1087 1980 aedem
1097 1918 1214 1997 Lunae,

145 2019 178 2080 in
196 2018 364 2098 eujusdam
382 2020 451 2081 noti
470 2017 607 2081 domum
623 2019 774 2107 perfugit.

189 2119 342 2182 XXVIII.
362 2119 410 2181 Ibi
426 2142 528 2204 quum
543 2120 576 2180 in
589 2119 741 2182 balneum
757 2116 922 2205 quoddam
938 2119 1121 2206 neglectum
1135 2119 1214 2184 ellus

145 2243 178 2284 se
195 2221 387 2294 abdidisset,
401 2236 433 2282 et
449 2220 588 2301 inimici,
604 2220 741 2284 latebras
760 2221 828 2299 ejus
845 2220 1048 2307 ignorantes,
1066 2219 1126 2283 toti
1141 2221 1214 2284 vico

146 2322 332 2385 incendium
352 2322 600 2400 minitarentur,
618 2321 749 2384 territus
764 2321 822 2407 qui
839 2336 1020 2407 receperat,
1037 2344 1140 2408 quum
1160 2321 1213 2384 in·

145 2424 266 2488 dicium
284 2426 387 2487 lacere
406 2422 700 2502 verecundaretur,
715 2422 905 2486 subornavit
921 2421 1145 2510 proditorem:
1169 2423 1214 2486 ita

145 2528 278 2613 roperti,
299 2542 406 2589 tamen
428 2525 562 2603 objectis
586 2525 711 2588 foribus
734 2546 768 2587 se
789 2522 1024 2603 defendebant,
1041 2522 1146 2587 donec
1162 2547 1213 2589 re·

146 2628 243 2690 scisso
267 2629 392 2690 cratitio
416 2629 537 2715 pariete
555 2627 694 2716 jugulati
711 2641 798 2691 sunt.
816 2625 949 2705 Caium,
966 2647 1080 2689 manus
1098 2647 1213 2690 conse·

146 2751 215 2791 rere
233 2752 307 2790 curn
327 2730 450 2792 civibus
466 2731 649 2810 nolentem,
666 2729 700 2791 in
715 2727 824 2791 Dianae
838 2727 949 2790 sanum
963 2725 1095 2789 abstulit
1109 2727 1213 2813 prima

147 2831 232 2916 luga.
252 2830 315 2891 Ubi
332 2853 396 2915 prae
414 2829 525 2892 dolore
543 2852 657 2892 manus
674 2829 734 2892 sibi
752 2830 871 2890 inferre
884 2844 1051 2913 parantem
1068 2826 1214 2892 fidissimi

147 2931 325 2992 amicorum
353 2931 553 3015 Pomponius
577 2946 609 2993 et
628 2930 664 2992 P.
688 2929 843 2992 Laetorius
863 2928 1089 2992 attinuerunt:
1107 2952 1213 3016 quan·

146 3054 244 3118 quam
262 3032 313 3092 alii
330 3054 389 3118 pro
408 3032 543 3094 Laetorio
560 3031 719 3095 Licinium
737 3052 858 3093 nomen
876 3048 1015 3117 ponunt.

190 3134 312 3195 XXIX.
343 3133 395 3194 Sic
425 3149 568 3194 extortus
596 3131 705 3208 juveni
734 3132 856 3218 pugio,
883 3154 919 3194 ac
946 3132 1012 3218 ipse
1040 3131 1073 3192 in
1102 3131 1212 3219 fugam

147 3234 297 3317 abreptus
313 3248 379 3293 est:
396 3232 440 3293 ibi
455 3255 541 3317 genu
555 3232 662 3317 posito
676 3232 850 3296 tetendisse
864 3231 906 3296 ad
918 3232 1125 3296 simulacrum
1138 3233 1213 3298 Deae

148 3356 262 3395 manus
280 3328 414 3405 dicit'ur,
431 3355 505 3393 cum
521 3332 752 3418 imprecatione
767 3334 800 3395 in
818 3356 984 3397 romanam
998 3335 1125 3420 plebem
1135 3333 1214 3421 ,fa-

145 3447 225 3495 reret
235 3435 302 3496 Dea
308 3480 317 3510 ,
335 3447 371 3494 ut
383 3436 523 3517 ingratus
537 3445 567 3494 et
580 3432 718 3496 desertor
731 3457 856 3497 suorum
863 3435 1002 3523 populus
1009 3483 1018 3514 ,
1027 3451 1213 3523 perpetuam

147 3534 304 3596 nobilitati
326 3536 450 3596 serviret
472 3534 654 3597 servitutem.
680 3534 795 3598 Subito
814 3537 919 3616 enim,
938 3558 1040 3622 quum
1055 3536 1212 3622 promissa

145 3657 223 3697 voce
249 3635 404 3720 praeconis
425 3635 599 3721 impunitas
624 3659 712 3699 arma
736 3638 933 3725 ponentibus
956 3652 1055 3717 esset,
1073 3638 1114 3701 ab
1138 3638 1212 3702 uni-

147 3735 245 3797 versis
263 3758 296 3796 se
314 3737 461 3799 relictum
476 3736 753 3801 animadverterat.
770 3739 952 3802 Familiares
967 3755 1073 3802 tamen
1088 3740 1213 3826 aliquot

145 3836 303 3921 amicique
322 3860 380 3921 pro
398 3862 437 3901 eo
454 3838 560 3901 adhue
576 3840 840 3928 propugnabant,
859 3863 1002 3926 quorum
1021 3863 1084 3927 ope
1101 3840 1154 3902 vix
1169 3840 1211 3903 ad

145 3955 270 4025 [tortam
284 3938 502 4024 Trigeminam
518 3958 550 4003 et
564 3940 738 4005 sublicium
755 3957 889 4028 pontem
905 3942 1071 4029 pervenire
1086 3941 1210 4026 potuit:

144 4039 188 4101 ibi
207 4040 408 4127 Pomponius
426 4064 524 4125 ceques
541 4064 696 4105 romanus
711 4058 743 4105 et
757 4042 899 4104 Licinius
917 4042 1002 4127 (sive
1016 4042 1042 4104 is
1056 4041 1213 4104 Laetorius

179 4268 316 4331 §XXVII
335 4270 441 4332 Appian.
458 4295 492 4302 -
511 4268 632 4316 Plutarch.
648 4296 684 4305 -
702 4271 773 4316 Oros.
786 4272 818 4329 V,
832 4285 871 4318 m.
888 4297 922 4305 -
943 4271 970 4318 L.
989 4269 1086 4332 Ampel.
1104 4295 1140 4305 -··
1158 4269 1212 4319 Cic.

143 4350 232 4415 Philip.
240 4353 314 4408 VIII,
328 4360 356 4406 4,
371 4354 431 4398 etin
444 4351 542 4399 Catilio.
558 4354 604 4412 IV,
614 4355 638 4400 6.
651 4380 684 4390 -
694 4353 749 4399 Val.
762 4354 867 4410 Mart,
883 4354 906 4402 3.
921 4379 956 4389 -
970 4352 985 4417 5
998 4354 1120 4401 XXVIII.
1135 4353 1210 4402 Diod.

142 4434 206 4494 >apud
218 4436 297 4483 Voles.
314 4462 342 4472 γ-
355 4439 425 4481 Oros.
438 4464 471 4471 --
484 4436 606 4484 Plutarch.
624 4463 658 4472 -
668 4438 741 4484 Auct.
756 4436 786 4483 de
795 4437 847 4484 Vir.
859 4436 893 4483 ill.
907 4452 961 4500 cap.
971 4436 1013 4483 65.
