2594 4980
129 686 197 780 390
307 689 744 758 taruannensem
775 690 1018 758 surram.

126 807 294 869 tribunum
310 810 408 870 alium
426 826 633 895 repererunt,
649 810 704 898 qui
723 810 818 873 etiam
834 811 969 900 vectigal
984 811 1132 877 tolleret:
1151 813 1196 877 ita

126 910 270 971 servilem
286 910 318 971 in
336 908 469 972 modum
489 934 638 997 oppressa
656 911 763 999 plebe,
781 928 847 975 rata
862 912 930 975 Caii
946 914 1115 978 morientis
1130 915 1196 978 im·

125 1011 266 1098 precatio
278 1013 348 1074 fuit.
367 1014 454 1092 Quin
470 1031 500 1074 et
514 1014 651 1100 publicae
663 1036 739 1077 mox
755 1015 949 1079 calamitates
964 1016 1005 1079 ab
1020 1016 1084 1080 hoc
1100 1017 1198 1083 initio

125 1110 338 1198 prodierunt:
355 1114 472 1175 civium
489 1137 525 1175 ae
545 1116 682 1178 militum
700 1115 916 1204 infrequentia
936 1133 1025 1198 orta,
1042 1120 1194 1183 aerauum

126 1213 235 1300 populi
262 1216 385 1276 romani
409 1215 657 1297 del'raudatum5
684 1218 792 1305 legum
818 1218 913 1281 etiam
939 1219 1194 1307 gracchanarum

125 1314 211 1376 velut
229 1316 348 1378 oblitio
369 1334 400 1378 et
417 1317 565 1379 interitus
583 1334 759 1405 sequutus,
772 1341 875 1405 quum
894 1341 953 1405 per
968 1341 1073 1383 annos
1092 1321 1195 1384 ferme

124 1417 311 1502 quindecim
329 1442 366 1481 ex
384 1420 421 1480 iis
437 1419 558 1498 judicia
575 1421 678 1488 nulla.
697 1438 754 1484 aut
768 1443 839 1483 rara
852 1438 1035 1510 agerentur.

167 1520 321 1582 XXXIX.
344 1520 417 1582 Non
437 1521 615 1584 omittenda
630 1522 710 1584 milti
729 1521 857 1585 videtur
870 1523 934 1585 hoc
947 1523 1021 1587 loco
1035 1523 1196 1587 Corneliae

123 1623 321 1700 constantia,
339 1646 409 1708 quae
430 1623 527 1685 vitam
549 1624 632 1687 ultra
653 1625 720 1687 baec
738 1640 884 1711 tempora
901 1624 1056 1712 produxit
1073 1626 1107 1688 in
1128 1626 1194 1689 Mi·

123 1745 220 1802 sen0,
240 1746 306 1808 quo
329 1742 402 1809 post
418 1725 538 1786 Tiberii
561 1747 690 1805 necem,
710 1726 833 1788 Urbem
855 1748 984 1814 perosa,
1006 1742 1192 1791 secesserat.

122 1823 289 1910 ‚Magnifica
310 1826 425 1886 mulier
442 1843 472 1887 et
496 1826 639 1907 erudita,
656 1826 829 1890 doctorum
850 1827 1042 1908 bominum,
1058 1829 1156 1892 etiam
1176 1851 1195 1892 e

121 1926 262 2005 Graecia,
287 1929 529 1990 conversatione
551 1927 697 1992 dolorem
716 1928 815 1991 animi
840 1929 1002 1992 leniebat:
1025 1930 1194 1993 sociorum

121 2051 233 2115 regum
250 2032 396 2091 omnium
412 2032 565 2092 tarnicitias
584 2030 743 2109 retinens,
758 2030 1015 2117 muneribusque
1033 2031 1141 2096 colere
1156 2054 1194 2095 ac

122 2130 183 2193 coli
202 2131 304 2192 solita.
322 2131 519 2215 Frequentes
534 2131 632 2218 igitur
647 2130 737 2193 domi
751 2131 836 2193 illius
852 2130 1017 2217 hospitum
1031 2131 1194 2197 adventus

124 2248 232 2310 erant,
259 2233 384 2319 quoties
411 2248 478 2294 aeta
502 2232 670 2318 dictaque.
699 2248 731 2294 et
754 2231 940 2294 interiorem
965 2232 1064 2294 vitam
1093 2234 1193 2320 patris

124 2333 262 2395 Africani
279 2335 428 2413 referret,
444 2357 517 2395 eum
535 2333 699 2420 voluptate
712 2334 984 2396 auscultantium:
1003 2331 1103 2396 iidem
1121 2349 1193 2396 stu-

126 2433 262 2519 pebant,
282 2457 383 2520 quum
404 2435 554 2497 audirent
567 2436 631 2497 lata
649 2432 790 2497 filiorum
805 2456 845 2496 eo
861 2435 952 2496 vultu
969 2456 1006 2496 ac
1023 2456 1102 2498 voce
1118 2456 1193 2498 trar-

123 2552 265 2615 rantem,
281 2554 435 2623 tanquam
452 2537 553 2599 aliena
571 2560 607 2599 ac
623 2553 730 2598 vetera
747 2535 829 2597 mala
846 2551 1032 2621 exponeret.

167 2639 233 2701 XL.
259 2640 339 2701 Nam
363 2657 393 2700 et
418 2639 456 2700 ad
482 2655 593 2701 catera
616 2640 725 2701 omnia
745 2640 870 2701 nullum
892 2639 1038 2700 moeroris
1060 2639 1192 2727 signum

123 2739 247 2821 edebat,
257 2758 288 2801 et
303 2764 404 2826 qtuun
416 2745 447 2801 ia
463 2743 642 2802 sacrissacris
655 2741 771 2802 occisos
784 2738 913 2817 diceret,
925 2738 1051 2800 amabat
1060 2737 1191 2818 addere,

121 2840 231 2926 (lignos
252 2864 312 2902 esse
332 2839 401 2901 illos
426 2841 579 2930 ejusmodi
596 2840 750 2928 defunctis
771 2839 916 2902 tremulos.
937 2837 1032 2901 Unde
1055 2837 1191 2926 quidam

120 2943 209 3004 senio
220 2959 250 3004 et
260 2944 437 3004 calamitate
450 2959 590 3004 errantum
606 2942 664 3028 ipsi
676 2958 818 3004 mentem
829 2939 1031 3019 judicarunt:
1045 2956 1192 3002 amentes

122 3042 196 3127 ipsi.
218 3066 300 3128 quos
322 3045 461 3120 falleret,
476 3058 634 3127 quantum
654 3044 750 3105 etiam
773 3043 803 3103 in
825 3039 1035 3103 muliebribus
1055 3041 1190 3118 animis,

120 3141 160 3204 ad
186 3144 325 3205 bumana
349 3145 432 3205 bene
460 3141 589 3204 serenda
610 3142 712 3204 valeat
735 3160 821 3204 recta
843 3141 987 3221 indoles,
1006 3164 1081 3205 cum
1101 3141 1191 3204 bona

120 3243 326 3321 educatione,
346 3260 377 3304 et
397 3244 432 3303 iis
451 3242 583 3318 studiis,
603 3265 674 3327 quoe
691 3242 799 3303 otnnia
816 3242 1001 3305 mortalium
1021 3241 1141 3305 caduca
1156 3257 1191 3304 et

121 3343 204 3406 lluxa
226 3368 293 3406 esse
315 3345 452 3422 docent,
474 3367 580 3429 neque
603 3340 755 3405 secundis
781 3344 878 3405 rebus
902 3343 991 3405 abuti
1009 3342 1050 3405 ad
1072 3365 1189 3428 super-

120 3444 223 3521 biam,
237 3467 343 3529 neque
362 3444 402 3505 ad
421 3445 573 3505 vilitatem
591 3442 732 3506 adversis
750 3445 900 3530 compelli
919 3444 1096 3531 patiuntur.

164 3545 248 3606 XLI.
272 3546 339 3605 Sub
368 3544 450 3606 idem
470 3561 626 3630 tempus,
655 3543 744 3629 quod
771 3545 947 3606 interfectis
972 3544 1110 3607 inimicis
1136 3565 1189 3607 res

120 3661 243 3708 matura
261 3646 446 3726 titlcbatur,
463 3647 502 3708 de
517 3646 552 3708 P.
568 3645 694 3733 Popillii
709 3644 835 3725 reditu,
852 3668 949 3730 quem
963 3644 1190 3732 priorearibu-

122 3765 199 3811 natu
216 3770 276 3809 suo
295 3751 330 3811 C.
350 3749 515 3811 Gracchus
534 3747 715 3834 expulerat,
734 3746 769 3808 L.
792 3746 987 3832 Calpurnius
1004 3746 1109 3809 Bestia
1131 3745 1190 3808 tri-

119 3849 228 3911 bunus
248 3848 347 3938 plebis
367 3850 406 3910 ad
424 3850 581 3936 populum
601 3849 690 3911 tulit:
709 3848 900 3932 multisque,
921 3862 956 3909 ut
973 3870 1033 3933 pro
1050 3846 1188 3909 nobilis·

119 3950 201 4012 simo
229 3952 383 4030 homino,
409 3954 553 4039 cognatis
585 3949 828 4036 affinibusque,
858 3947 914 4011 sed
945 3949 1083 4010 maxime
1114 3948 1188 4011 liliis

119 4050 377 4117 adolescentibus
390 4053 654 4139 deprecantibus,
670 4052 810 4138 pupulus
823 4049 961 4112 reditum
973 4048 1076 4126 jussit.
1093 4048 1187 4112 Idem

118 4174 223 4214 annas
247 4158 339 4219 sicuti
360 4156 494 4215 Romam
520 4154 634 4216 urbem
658 4151 838 4229 discordia,
866 4150 908 4212 ita
932 4148 1044 4211 Siciliae
1061 4165 1188 4236 partem

119 4251 275 4317 incendiis
291 4273 322 4317 ct
337 4254 437 4317 ruinis
453 4254 617 4316 laceravit:
636 4252 809 4339 auditaque
820 4250 1049 4313 Catanensium
1069 4250 1188 4337 legatio

153 4433 302 4496 §XXXIX
317 4440 413 4485 Sallust.
425 4437 538 4499 Jugurtb.
551 4453 605 4502 cap.
620 4438 662 4485 31.
671 4434 778 4483 -Velt
788 4461 823 4471 ·-
836 4435 909 4480 Oros.
918 4433 950 4489 V,
966 4447 1006 4481 ta.
1019 4458 1052 4468 -
1067 4430 1133 4482 Plu.
