2594 4980
269 692 329 760 IN
357 691 473 761 LOC.
500 693 591 760 LIB.
619 695 765 762 XLVII
793 696 1009 767 LIVIANI.
1130 700 1178 785 43

115 812 211 900 sisque
221 812 449 889 cicatricibus,
459 812 534 877 dolo
544 814 649 877 fratris
661 837 695 878 se
711 814 852 902 petitum
861 817 981 904 arguit,
995 818 1096 882 multa
1110 838 1178 888 arto

113 912 212 979 Panes
229 912 274 978 ad
296 913 612 978 commiserationem
633 938 699 979 suae
723 916 834 996 sortis,
848 931 880 978 et
897 905 1009 979 odium
1028 918 1178 986 fratemoe

112 1016 307 1081 crudelitatis
319 1016 464 1082 illiciens.
476 1018 591 1104 Neque
600 1017 688 1106 apud
698 1033 872 1105 occupatos
880 1019 1005 1082 animos
1014 1018 1177 1087 Neolaidae
1247 1032 1252 1036 ’

112 1133 139 1183 ct
151 1117 376 1183 Andromachi
393 1119 449 1207 (hi
463 1120 503 1184 ab
520 1120 640 1202 majore
655 1120 830 1185 Ptolemaeo
844 1119 940 1209 legati
956 1120 1100 1208 aderant)
1119 1123 1177 1189 de·

113 1221 209 1284 lensio
226 1221 373 1302 valebat,
390 1245 531 1310 quorum
548 1239 678 1288 senatus
695 1246 737 1287 ne
753 1224 850 1287 verba
866 1222 998 1311 quidem
1020 1223 1061 1288 ad
1085 1247 1177 1290 aures

113 1323 289 1388 sustinebat
302 1323 482 1389 admittere.
497 1325 556 1388 His
571 1317 672 1415 igitur
685 1325 843 1388 continuo
860 1346 900 1387 ex
915 1323 1003 1386 Urbe
1016 1323 1097 1404 jussi
1111 1325 1178 1389 dis·

114 1425 241 1508 cedere,
266 1428 363 1518 legati
391 1427 537 1519 quinque
571 1427 691 1492 decreti
726 1443 823 1509 sunt5
846 1449 988 1514 quorum
1019 1425 1179 1514 principes

115 1531 170 1596 Cn.
186 1530 334 1610 Merula,
352 1532 387 1594 L.
405 1529 567 1594 Thermus
583 1531 696 1594 fuere:
718 1527 854 1594 totidem
874 1528 912 1590 iis
929 1526 1063 1590 decretae
1082 1527 1180 1614 quin·

114 1653 297 1719 querentes,
317 1631 456 1719 dataque
474 1632 640 1714 mandata,
664 1632 712 1695 uti
728 1631 939 1696 Ptolemaeum
959 1631 992 1692 in
1011 1629 1110 1717 Cypri
1127 1651 1179 1692 re·

114 1754 209 1821 gnum
224 1732 437 1800 deducerent.
449 1735 611 1822 Scriptum
629 1735 724 1799 etiam
737 1734 846 1822 graecis
864 1749 896 1796 et
912 1732 1049 1796 asiaticis
1063 1732 1178 1814 sociis,

114 1834 189 1898 otii
202 1846 321 1898 contra
345 1837 540 1900 voluntatem
557 1850 682 1901 senatus
701 1834 877 1922 facturos,
897 1837 925 1896 si
944 1857 979 1897 eo
998 1836 1029 1897 in
1052 1836 1179 1922 negotio

114 1938 259 2001 minorem
275 1935 479 2009 Ptolemoerrm
493 1937 687 2027 adjuvissent.
702 1939 863 2002 Caeterum
878 1952 1012 2000 eventus
1028 1936 1103 2000 belli
1118 1958 1178 2024 pro

115 2037 231 2116 majore
243 2037 419 2102 Ptolemaeo
431 2038 495 2104 fuit
508 2061 515 2102 :
530 2039 636 2125 quiin
651 2041 796 2127 Cyprum
813 2061 931 2128 magno
946 2060 1021 2101 cum
1036 2039 1179 2103 exercitu

114 2138 262 2220 veniens,
279 2141 386 2228 primo
404 2139 576 2221 Archiam,
594 2142 781 2228 prael'ectum
805 2163 917 2216 suum,
936 2140 992 2227 qui
1011 2139 1178 2202 Demetrio

115 2238 249 2304 insulam
265 2239 405 2328 prodere
417 2240 584 2321 voluerat,
601 2241 744 2305 bonores
758 2240 845 2330 apud
865 2242 973 2329 ipsum
993 2241 1128 2304 eximios
1147 2255 1179 2304 et

115 2340 290 2431 quingenta
302 2341 438 2430 insuper
450 2343 569 2406 talenta
586 2359 718 2430 pactus,
733 2344 873 2407 amovit:
888 2342 1007 2407 deinde
1023 2365 1097 2406 cum
1116 2344 1179 2406 sra-

114 2457 173 2524 tre,
184 2444 243 2532 qui
253 2445 435 2508 multorum
444 2443 622 2510 instructus
633 2445 757 2508 auxiliis
770 2459 971 2524 occurrerat,
983 2443 1093 2530 praelio
1105 2465 1180 2506 con·

115 2566 255 2634 pasus,
275 2546 399 2610 victum
416 2544 452 2607 in
469 2545 585 2608 urbem
602 2547 770 2634 Lapitham
791 2546 974 2634 compulit:
992 2545 1180 2608 necessitate

116 2642 228 2711 deinde
244 2645 287 2710 ad
302 2645 505 2711 deditionem
520 2663 687 2728 coactum,
706 2670 773 2712 non
794 2648 894 2713 modo
915 2647 1036 2711 dimisit
1051 2647 1179 2710 incolu·
1227 2690 1230 2695 -

115 2770 194 2812 ruem
204 2797 213 2829 ,
225 2747 285 2813 sed
296 2748 393 2813 etlam
404 2746 527 2836 Libyen
537 2751 744 2836 Cyrenesque
753 2772 891 2837 regnum
904 2747 1045 2812 reddidit
1057 2748 1086 2812 ei
1098 2770 1105 2810 :
1118 2768 1178 2835 pro

65 2859 68 2868 “
115 2849 218 2937 Cypro
231 2849 331 2914 urbes
343 2847 516 2937 quasdam,
528 2865 562 2913 et
578 2849 732 2913 frumenti
748 2851 850 2912 annui
865 2866 990 2913 certum
1007 2847 1180 2935 assignavit

114 2951 266 3034 nodum,
279 2951 375 3015 etiam
391 2949 462 3016 liliae
477 2973 543 3014 suae
557 2951 801 3013 matrimonium
818 2951 991 3038 pollicitus.
1008 2951 1089 3028 Quae
1104 2970 1178 3034 par·

114 3051 165 3117 tirn
183 3053 309 3141 ingenii
327 3052 578 3117 mansuetudine
597 3053 710 3117 fecisse
733 3051 891 3132 creditus,
908 3050 1036 3114 laudem
1056 3049 1180 3112 invenit

115 3152 195 3240 apud
211 3154 387 3243 scriptores
399 3178 408 3235 3
420 3155 558 3242 partim,
575 3170 613 3217 ut
628 3170 763 3241 putant,
777 3154 853 3242 quia
870 3156 1033 3217 Romanos
1051 3167 1178 3215 metue·

116 3251 181 3336 bat,
192 3255 220 3319 si
231 3253 313 3343 quid
327 3256 362 3318 in
373 3256 520 3338 fratrem,
535 3278 634 3344 quem
650 3255 864 3346 protegebant
876 3255 938 3335 illi,
953 3253 1094 3317 severius
1112 3269 1177 3316 sta·

116 3370 224 3422 meret.
246 3359 297 3422 Ita
314 3357 502 3445 compositis
518 3359 767 3447 [egyptiacorum
792 3379 905 3446 regum
928 3353 1176 3434 controversiis,

116 3459 216 3524 Asiam
229 3458 340 3524 adhuc
352 3458 464 3523 ardere
475 3459 560 3524 bello
571 3507 580 3539 ,
591 3461 776 3546 Prusiaeque
790 3459 915 3538 injuriis
926 3457 1023 3521 Attali
1038 3477 1176 3545 regnum

115 3558 281 3641 devastari,
290 3561 411 3625 reversi
422 3562 578 3650 Pergamo
589 3562 684 3651 legati
695 3560 934 3625 renuntiabant.
950 3560 1081 3648 Quippe
1093 3558 1176 3620 Pru·

117 3661 185 3745 tias,
203 3682 324 3751 parum
341 3685 382 3727 eo
400 3662 545 3743 territus,
562 3663 652 3751 quod
669 3686 719 3727 res
736 3664 831 3726 Attali
846 3661 971 3726 senatui
985 3659 1174 3755 populoque

117 3783 243 3830 romano
256 3763 349 3829 oordi
365 3787 434 3828 esse
448 3764 617 3846 audiebat,
632 3765 713 3828 nihil
728 3764 770 3829 ad
786 3763 996 3829 evertendum
1013 3784 1088 3825 eum
1106 3760 1174 3823 rio·

116 3861 210 3930 lentie
222 3864 430 3952 fraudisque,
446 3866 528 3930 nihil
543 3866 584 3931 ad
601 3865 840 3954 despiciendam
857 3881 987 3931 senatus
1000 3863 1175 3928 auctorita·

117 3975 173 4030 tem
188 3967 463 4032 contumeliarum
480 3968 596 4055 reliqui
614 3968 743 4032 fecerat.

152 4068 309 4135 XXXIII.
327 4068 439 4151 Quum
459 4071 546 4134 enim
566 4094 585 4133 a
604 4073 639 4135 L.
663 4068 838 4133 Hortensio
854 4068 1041 4153 caeterisque
1063 4061 1173 4151 legatis

146 4279 161 4345 5
171 4283 284 4332 mn.
300 4282 392 4331 Atbcu.
404 4282 449 4333 lib.
461 4285 519 4334 xit
528 4311 562 4322 -
572 4283 659 4350 Polyb.
670 4286 784 4348 Excerpt.
795 4286 852 4346 Leg-
866 4283 913 4329 132
927 4290 952 4327 et
964 4279 1021 4326 ¹33.
1036 4304 1071 4315 --
1083 4276 1171 4342 Polyb.

121 4363 266 4425 maroa
276 4393 312 4404 -
321 4366 408 4415 susan
420 4368 448 4414 n
459 4364 932 4431 n01.-nmt.cn0n.gr.pag.⁵t·
946 4387 982 4398 -
995 4361 1099 4411 niodo.
1108 4354 1174 4431 apud

122 4442 189 4499 tta
204 4477 241 4489 -
251 4449 309 4501 riv.
322 4450 387 4517 epu.
401 4477 437 4489 —
453 4452 539 4502 ιοιιι.
553 4478 588 4492 -
602 4454 667 4502 tun
682 4478 717 4489 -
730 4449 803 4500 rme.
814 4449 903 4502 xxx,
914 4462 935 4493 c.
948 4444 989 4492 ss.
