2594 4980
10 35 1296 335 m

934 100 937 113 ¹
957 106 963 121 ι

1271 530 1278 567 l

360 652 417 723 ru
444 652 556 723 noc.
581 621 676 723 mn.
701 654 787 725 rvr
814 656 1030 731 ervum.
1154 628 1262 761 ψ’

163 773 333 861 quorcirca
352 772 499 838 Taurum
513 788 580 856 est,
596 773 846 863 oriundos,qui
864 799 883 842 s
898 776 1132 867 pueritislstso
1146 780 1220 847 lue·

162 890 229 953 rat,
243 896 347 963 quum
360 890 492 964 eaptus,
505 875 586 941 etin
600 875 707 941 Sieil'u
718 876 887 965 pssoendis
898 879 1225 971 srmeutiseqoomm

162 975 372 1064 prepositus,
389 974 518 1041 easdem
536 991 621 1042 ortes
641 975 699 1043 diu
717 978 930 1061 exercuisset,
945 978 1053 1070 sudio
1068 980 1227 1049 Eonide·

162 1077 303 1142 sectione
330 1099 563 1167 successuque,
587 1079 725 1143 similem
753 1076 796 1145 sd
822 1078 990 1145 sudseisrn
1011 1080 1131 1164 ,adiecit
1154 1083 1226 1149 ω’·

163 1200 254 1243 mum
269 1200 278 1243 ε
295 1180 522 1269 persuasitque
532 1179 700 1245 nonnullis
715 1201 848 1262 eorum,
859 1182 917 1270 qui
928 1182 1020 1263 justa
1027 1183 1227 1269 serriebsnt,

163 1278 400 1367 agrigentinum
412 1302 527 1370 agrum
541 1295 575 1345 et
586 1278 723 1347 finitimo
734 1280 806 1347 loos
820 1281 974 1349 infestare
984 1282 1227 1353 incursionibus

163 1380 268 1467 ooepit.
289 1380 335 1445 Es
350 1404 419 1464 res,
435 1404 623 1470 quanusm
636 1382 837 1473 geminatum
850 1384 1032 1473 periculum
1045 1384 1226 1473 ridebstus,

164 1500 231 1543 non
243 1495 351 1544 tamen
364 1481 489 1572 ingmts
500 1481 616 1547 Siculis
628 1481 763 1566 soeidit,
777 1481 971 1551 discordium
983 1485 1070 1551 inter
1082 1485 1226 1555 diversos

163 1579 373 1668 fugitivorum
393 1583 573 1665 esermtus,
594 1599 628 1649 et
649 1599 797 1649 mutuom
819 1584 938 1651 exinde
957 1587 1135 1675 perniciem
1152 1598 1226 1681 spe-

163 1681 322 1748 rsntibus.
1236 1734 1242 1745 .

208 1782 275 1847 XL
299 1783 364 1849 Sed
384 1807 477 1874 spem
496 1806 568 1875 equs
585 1784 708 1852 irritsm
723 1786 826 1851 Cleon
842 1784 937 1868 iecit,
958 1787 1017 1874 qui
1032 1786 1124 1853 oudo
1138 1787 1226 1855 Euni
1271 1814 1277 1827 ·

154 1898 322 1972 praeoepto
337 1883 378 1948 ad
393 1906 428 1975 se
443 1885 606 1968 rodentis,
617 1885 726 1951 ststirn
740 1884 961 1974 obsequntus,
973 1886 1083 1975 oopiss
1095 1906 1172 1953 eum
1184 1908 1226 1953 eo

164 1982 351 2066 conjunxit,
381 1986 443 2050 sub
467 1986 553 2068 ejus,
577 2001 731 2074 tanquam
754 1986 858 2077 regis,
878 1986 1049 2075 suspicio,
1074 1979 1226 2079 deinoips

164 2085 340 2149 exercitum
359 2083 527 2151 ducturus.
546 2086 695 2152 Habebat
716 2102 825 2153 sutem
839 2088 962 2177 proprii
976 2086 1086 2152 militis
1104 2084 1147 2153 sd
1163 2086 1225 2153 bo·

163 2185 289 2250 minum
312 2186 410 2251 millia
425 2187 592 2277 quinque3
615 2202 808 2276 tantumque
829 2184 1005 2252 numerum
1026 2188 1112 2253 intra
1134 2202 1235 2253 sessi

164 2286 322 2373 gesimum
339 2308 358 2349 a
374 2284 557 2351 deiectione
579 2288 665 2353 diem
689 2304 849 2378 coegerat„
868 2291 905 2354 ln
928 2288 993 2355 hoe
1009 2311 1119 2355 rernm
1139 2304 1227 2355 stetu

163 2385 199 2450 L.
226 2385 386 2474 llupsaeus
412 2400 532 2475 pretor
556 2389 661 2454 lloma
683 2390 794 2471 venit,
819 2391 1058 2480 contractisque
1083 2391 1224 2457 militurn

164 2503 239 2552 octo
257 2486 417 2569 millibus,
440 2488 614 2578 fugitivos,
635 2512 778 2579 quorum
796 2491 864 2571 jem
884 2514 1041 2558 numerus
1063 2491 1105 2556 sd
1127 2492 1227 2559 millis

163 2588 276 2677 viginti
291 2604 489 2671 excreverat,
503 2589 654 2673 adortus,
669 2590 840 2671 eumdem,
853 2614 951 2680 quem
965 2592 1089 2681 priores
1102 2593 1226 2683 aliquot

164 2704 332 2777 pretores,
352 2690 475 2754 exitum
495 2689 627 2772 hebuit,
647 2691 740 2756 linus
763 2692 888 2778 prelio,
913 2708 947 2756 et
966 2693 1078 2757 eastris
1096 2708 1223 2759 esonrs.

164 2791 248 2854 Tum
269 2812 345 2856 vero
371 2790 489 2879 possim
511 2789 553 2855 sd
575 2791 650 2854 ielis
673 2790 797 2854 lacinus
819 2806 1034 2857 concurrente
1056 2804 1223 2857 servorum

164 2889 276 2973 turba,
291 2889 449 2954 exercitus
468 2887 511 2954 sd
532 2889 735 2978 septuaginta
756 2888 855 2953 millia
877 2890 1048 2955 bominum
1069 2888 1226 2957 adsumus

165 3006 213 3056 est
226 3015 234 3056 ε
248 2989 448 3079 diversisque
464 3012 524 3080 per
543 3006 647 3055 totam
667 2990 805 3055 insulem
825 2989 920 3071 locis,
937 2988 979 3055 sd
998 2989 1139 3057 ducents
1156 3012 1226 3057 ser·

165 3115 281 3157 vorum
300 3093 397 3157 millis
413 3093 448 3156 in
464 3091 562 3157 nrmis
576 3090 681 3156 luisse
693 3088 865 3157 creditum.

208 3196 292 3263 XLI.
315 3191 390 3261 Non
412 3179 512 3284 igitur
532 3193 651 3274 injuris
667 3192 803 3283 dignum
819 3191 980 3257 consulari
998 3189 1083 3257 dure
1104 3191 1226 3259 aoei-

166 3314 269 3384 tuque
294 3294 476 3386 periculum
499 3294 627 3377 risum,
653 3293 866 3382 mundatoque
892 3293 931 3357 C.
956 3292 1072 3357 Fulvio
1096 3292 1227 3389 oollegu

166 3397 322 3486 Scipionis
337 3396 498 3479 Africani,
515 3396 609 3462 sicuti
629 3394 787 3477 diximus,
807 3393 974 3485 provincis
992 3409 1050 3460 est.
1070 3396 1226 3465 Commo·

165 3496 322 3561 rebantur
339 3497 435 3561 etism
453 3497 553 3561 enimi
571 3496 692 3561 crebris
708 3494 931 3586 prodigiorum
949 3494 1065 3577 minis,
1083 3496 1174 3585 quod
1188 3498 1224 3565 in
1265 3536 1271 3549 =

166 3597 335 3663 Amiterno
352 3599 401 3662 sol
417 3613 520 3663 noctu
533 3598 621 3663 visus
636 3597 762 3679 suerst3
777 3597 929 3687 Anagnia
941 3616 1035 3660 semo
1047 3596 1158 3663 tunios
1171 3620 1225 3665 sr-

165 3714 265 3780 semt,
279 3698 378 3763 nullo
403 3714 477 3788 post
501 3697 696 3763 exstinctum
718 3698 827 3787 ignem
849 3694 985 3761 dommo
1008 3696 1164 3787 vestigi03
1190 3700 1226 3765 in

165 3799 325 3888 Capitolio
356 3815 475 3863 noctus
501 3799 641 3888 gemitus
669 3796 821 3862 humenis
848 3797 967 3862 similes
1000 3795 1162 3881 ediderst3
1188 3798 1225 3865 in

165 3899 232 3965 sede
248 3900 385 3967 Iunonis
400 3900 530 3990 Regino
545 3916 675 3965 scutum
690 3898 874 3989 ligusticum
888 3897 1024 3963 fulmine
1036 3913 1158 3965 tactum
1172 3898 1225 3965 di·

165 4001 297 4066 rebatur
314 4024 322 4065 z
339 3999 381 4065 sd
401 3999 470 4065 hnc
491 4000 672 4090 sanguineo
693 3998 828 4089 pluvio,
850 4014 884 4067 et
901 3998 962 4066 bos
984 4000 1126 4066 humans
1146 4022 1227 4069 vooe

165 4103 323 4191 loquutus
340 4116 464 4167 suetum
481 4099 698 4166 intenderent.

200 4303 353 4371 §mm
365 4296 778 4365 menapiorum-311..
793 4298 846 4349 ιιι.
861 4298 927 4363 spu.
942 4324 977 4335 -
993 4297 1098 4349 moror.
1110 4326 1148 4339 ..
1161 4296 1226 4353 ηρ,
1267 4326 1278 4339 ,

168 4414 202 4425 --
214 4390 286 4437 οη..
299 4412 333 4426 -
345 4383 362 4452 ς
373 4386 439 4434 su.
450 4382 554 4433 masor.
564 4410 599 4420 -
611 4381 662 4431 ru.
670 4380 762 4445 ors-q.
