2594 4980
133 748 202 794 2¹0
304 727 371 793 ro.
397 692 741 795 ranmsuann
773 727 1020 797 surrsau.

127 847 353 934 pertinaciores
366 848 400 909 in
417 844 567 911 faciunda
577 847 696 927 injuria
713 846 859 927 hiscant,
875 849 1041 939 plerumqt

127 972 201 1012 rum
210 947 632 1036 admonitionibus,partim
641 948 738 1013 etiam
746 972 914 1016 armorum
923 952 1041 1016 metui:

128 1050 228 1131 Quod
248 1072 324 1113 vero
340 1051 385 1114 ob
406 1048 629 1114 difficultatem
649 1051 872 1140 negotiorum,
892 1067 952 1116 aut
968 1051 1041 1117 alias

126 1153 266 1240 relinqui
280 1152 475 1232 voluerunt,
489 1149 530 1215 ad
546 1167 694 1215 senatum
705 1150 897 1231 rejecerunt.
912 1155 963 1217 Ita
978 1174 1041 1242 psa

124 1277 214 1343 reges
227 1270 326 1340 atque
338 1253 498 1332 civitates,
508 1253 688 1328 renovatis,
700 1274 774 1340 quae
785 1253 966 1343 unicuique
983 1276 1041 1319 cur

124 1378 259 1419 romano
281 1367 390 1434 erant,
408 1351 599 1435 foederibus,
621 1353 733 1441 reique
754 1354 894 1442 publice
912 1355 1041 1436 majesta

123 1472 377 1537 meritamente,
398 1455 575 1544 plurimum
592 1450 716 1542 ubique
729 1455 949 1521 venerationis
972 1474 1041 1521 rom

123 1560 204 1622 mini
219 1557 443 1621 conciliarunt.

164 1658 289 1723 XXIII.
298 1658 603 1746 Sequutaequesunt
612 1657 823 1747 undiquaque
839 1660 1041 1750 legationesq

122 1763 204 1825 tium
223 1761 404 1850 gratiasque
417 1760 583 1849 agentium
594 1761 719 1824 senatui
736 1761 927 1849 populoque
943 1782 1041 1825 roma

120 1878 225 1927 tantos
239 1862 288 1925 od
299 1885 330 1926 se
347 1865 446 1941 orbos,
462 1863 713 1951 Sciosbnemque,
728 1885 792 1925 non
807 1865 899 1927 unias
913 1861 1010 1927 modo
1025 1884 1041 1926 a

120 1968 261 2029 omnium
284 1967 425 2051 gentium
448 1964 615 2028 vitantibus
634 1963 803 2052 gloriaque
820 1965 1041 2051 prbwipern,2

121 2070 182 2131 Res
210 2086 387 2158 regnorum
411 2065 446 2129 in
471 2065 573 2153 priori
602 2066 670 2130 iere
694 2081 780 2129 statu
801 2065 927 2129 relictae.
948 2064 1041 2128 Certe

121 2183 206 2244 erat,
221 2166 451 2256 imperantium
468 2165 563 2253 culpa
586 2166 739 2254 pleraque
756 2166 898 2255 peccari,
916 2188 1027 2254 neque

121 2267 273 2331 movendi
288 2286 384 2330 causa
396 2266 460 2329 ulla
471 2265 557 2345 justa
571 2282 639 2330 erat
654 2290 662 2331 :
680 2267 813 2357 AEgypti
827 2267 959 2357 regibus
970 2289 1041 2332 sein

120 2370 165 2432 cis
175 2417 183 2449 ,
192 2368 279 2455 Syris
291 2389 330 2430 eo
343 2389 477 2454 quoque
489 2367 623 2432 nomine
636 2369 730 2450 tutis,
743 2368 833 2456 quod
849 2384 963 2433 contra
973 2367 1041 2435 fud,

121 2467 386 2558 progenitoribus
405 2489 520 2530 eorum
538 2468 610 2532 initi
628 2470 729 2557 leges,
745 2468 889 2558 pudebat
904 2470 937 2532 in
953 2490 1035 2558 pace

120 2572 230 2634 amicis
246 2569 382 2651 auferri,
396 2568 486 2656 quod
497 2591 515 2632 a
525 2570 703 2649 majoribus
714 2571 864 2634 relictum
876 2570 962 2635 bello
971 2570 1041 2636 vicu

164 2673 284 2736 XXIV.
300 2669 423 2735 Eodem
444 2692 532 2734 anno
551 2672 751 2760 rogationem
769 2671 812 2738 de
830 2672 1017 2761 sumptibus
1040 2699 1041 2704 ¹

119 2775 220 2863 plebis
247 2772 362 2837 Didius
384 2773 459 2837 tulit
477 2770 589 2860 sque,
614 2796 708 2861 poena
730 2774 808 2863 legis
834 2774 965 2838 Fannia
984 2775 1021 2838 iu

119 2898 252 2963 quoque
278 2874 420 2955 Italiam,
447 2870 541 2937 etad
565 2897 620 2938 eos
648 2874 765 2957 etiam,
790 2875 849 2963 qui
874 2891 1041 2963 sumptuos

119 2999 216 3064 quam
231 2978 282 3040 lex
298 2977 440 3057 sinebat,
456 2974 560 3064 epulis
572 2975 811 3057 interfuissent,
824 2975 1041 3040 extendebam

118 3079 288 3143 videbatur
299 3093 336 3141 et
353 3078 559 3157 obseoenum,
573 3077 660 3141 inter
675 3077 795 3142 famem
811 3093 845 3142 et
863 3077 994 3158 funera,
1012 3099 1041 3164 pt

119 3182 188 3243 irati
207 3179 369 3260 numinis,
384 3177 603 3266 quorumdam
619 3179 780 3243 luxuriam
794 3179 1021 3272 conviviorum
1035 3177 1041 3240 i

118 3284 188 3346 aine
211 3280 311 3343 modo
329 3295 362 3342 et
376 3277 503 3366 pudore
525 3280 670 3368 grassari.
687 3281 805 3368 Magna
822 3279 910 3343 enim
932 3278 995 3342 sub
1011 3276 1041 3341 id

118 3404 256 3446 annonae
276 3381 409 3461 caritas,
433 3397 482 3460 et,
506 3402 577 3468 quae
595 3382 679 3445 hanc
698 3381 800 3444 fenne
823 3380 991 3466 sequitur,
1009 3399 1041 3466 pt

118 3485 181 3547 fuit
198 3506 206 3546 ε
225 3483 317 3562 cujus
332 3503 443 3560 causa,
458 3503 561 3568 quum
576 3482 652 3544 novi
669 3481 820 3545 consules
836 3482 872 3544 L.
885 3479 1034 3544 Metellus

119 3589 161 3668 Q.
180 3583 299 3647 Fabius
317 3581 477 3646 Maximus
493 3582 688 3646 Servilianos
706 3583 889 3663 misissent,
907 3579 1041 3673 perdet

117 3685 366 3773 supplicationes
382 3682 500 3747 habitas
523 3707 530 3747 :
551 3705 658 3770 neque
672 3699 780 3746 tamen
795 3698 853 3746 aut
866 3680 937 3745 haec
953 3700 1041 3745 resne

117 3788 231 3852 saevius
249 3784 354 3866 aliud,
374 3785 585 3874 androgynus
604 3784 813 3872 haruspicum
831 3784 924 3863 jussu
945 3783 1026 3846 mari

117 3891 156 3953 ad
182 3887 422 3952 averruncanda
442 3887 524 3951 mala
543 3886 712 3977 praesentia
734 3885 940 3975 profuerunt.
966 3884 1041 3948 Usit

117 3993 216 4081 magis
232 3990 410 4077 antiquitus
426 3990 554 4070 Romae,
573 4011 670 4076 quam
686 3988 846 4076 probabili
861 3987 988 4052 ratione
1008 3987 1041 4051 ni

114 4096 147 4156 in
169 4092 322 4181 prodigiis
344 4090 487 4178 ambigui
510 4112 613 4154 mares
631 4090 822 4169 habeantur,
844 4105 978 4177 putant,
997 4109 1041 4176 qu

115 4219 222 4259 rerum
236 4192 389 4257 attemius
399 4188 663 4256 consideravere:
686 4213 792 4277 neque
806 4189 996 4279 ambiguum
1012 4210 1041 4253 et

114 4297 224 4383 plura,
241 4312 395 4382 tanquam
410 4313 428 4353 a
445 4289 561 4354 mundi
576 4291 701 4382 legibus
716 4292 942 4373 abhorrentia,
955 4313 1031 4356 cum

150 4502 276 4567 samu.
289 4497 368 4547 sno.
381 4495 424 4544 us.
435 4497 505 4554 mv,
518 4513 542 4561 ρ.
554 4497 613 4559 ⁶⁶9.
