2594 4980
309 665 363 732 nr
393 663 504 732 noc.
530 665 625 732 nra.
653 665 779 731 axvi
809 664 1024 735 amiani.
1131 668 1201 767 497

133 786 302 876 refugit,a
325 784 576 873 superveniente
599 784 731 850 Metello
755 806 901 874 pugnare
921 785 1072 875 cogitur:
1095 810 1204 878 neque

133 888 285 977 ambigue
302 902 478 967 certatum,
491 885 643 950 Numidis
657 902 732 974 post
747 886 818 950 leve
833 886 982 975 praelium
999 887 1203 979 diffugienti-

133 991 195 1053 bus
212 1013 221 1053 :
236 990 305 1078 ipse
322 1010 398 1052 cum
416 988 581 1077 perfugis,
604 1003 637 1051 et
659 1002 749 1074 parte
771 987 952 1074 equitatus,
971 1010 1030 1075 per
1052 989 1122 1054 loca
1141 991 1205 1057 bu·

134 1093 221 1154 mani
238 1091 345 1155 cultus
360 1089 503 1177 expertia
519 1089 655 1152 Thalam
672 1089 836 1176 pervenit,
855 1111 1011 1178 magnum
1026 1090 1203 1179 oppidum,

133 1194 167 1256 in
185 1217 252 1280 quo
269 1192 412 1256 thesauri
430 1192 535 1280 regis,
552 1205 585 1255 et
600 1189 742 1254 liliorum
756 1190 826 1271 ejus
843 1191 990 1279 pueritiae
1004 1193 1112 1257 cultus
1124 1212 1203 1263 erat.

178 1296 220 1357 ΙΙ.
236 1296 282 1357 Ea
293 1317 329 1358 re
342 1294 486 1382 cognita,
502 1292 666 1375 Metellus,
683 1291 806 1356 bellum
817 1314 879 1380 pro
896 1290 1047 1356 confecto
1063 1293 1203 1379 habens,

134 1398 160 1460 si
177 1397 369 1485 iugurtham
388 1397 420 1458 in
437 1396 491 1459 illa
506 1395 588 1458 urbe
605 1394 789 1482 opprimere
804 1394 980 1482 potuisset,
998 1391 1203 1471 difficultates

134 1501 281 1562 locorum
301 1498 411 1583 (erant
424 1497 511 1561 enim
528 1495 618 1560 haud
634 1495 831 1582 mediocres)
850 1517 1002 1583 superare
1018 1497 1156 1562 consilio
1170 1515 1204 1565 et

135 1600 244 1663 labore
262 1600 383 1662 statuit.
399 1598 519 1686 Igitur,
538 1599 614 1686 quia
632 1598 719 1662 inter
735 1598 867 1661 'l'halam
885 1611 919 1661 et
935 1597 1123 1684 proximum
1139 1599 1203 1665 flu-

135 1725 228 1780 men,
245 1701 337 1789 quasi
355 1722 509 1788 passuum
524 1700 623 1763 millia
645 1699 903 1789 quinquaginta,
917 1722 1038 1787 asperae
1061 1717 1094 1766 et
1113 1705 1205 1770 sieoae

134 1802 324 1866 solitudines
342 1818 450 1884 erant,
468 1803 634 1883 jumenta,
651 1802 784 1866 sarcinis
800 1802 917 1866 amotis
941 1803 1113 1885 omnibus,
1134 1805 1205 1871 fm-

135 1922 246 1968 mento
258 1905 385 1969 dierum
400 1904 519 1987 decem
530 1919 563 1969 et
577 1903 705 1967 utribus
719 1904 862 1984 onerari3
879 1924 979 1990 pecus
996 1904 1108 1987 etiam,
1122 1907 1205 1972 vasis

135 2008 282 2089 rusticis,
298 2009 493 2096 plerumque
507 2006 637 2094 ligneis,
649 2021 687 2069 ut
698 2027 737 2068 ex
752 2004 890 2093 tuguriis
902 2003 1121 2070 Numidarum
1137 2009 1206 2073 col-

134 2111 189 2197 ligi
203 2127 393 2197 potuerant,
410 2109 581 2197 impositis,
592 2109 658 2197 agi3
670 2123 823 2195 praeterea
833 2105 975 2195 regionis
988 2105 1057 2186 ejus
1068 2109 1205 2193 accolas,

136 2211 192 2295 qui
213 2227 296 2298 post.
307 2211 417 2299 fugam
437 2209 521 2299 regis
537 2210 573 2273 in
589 2208 686 2273 fidem
703 2223 879 2288 venerant,
896 2205 949 2277 die
964 2208 1104 2296 locoque
1120 2234 1204 2300 prae·

134 2311 247 2392 dictis,
262 2313 540 2401 quamplurimum
556 2325 690 2400 possent
707 2333 800 2398 aquae
818 2324 967 2398 portare,
984 2309 1089 2390 jubet.
1110 2313 1205 2381 Post·

135 2436 232 2500 quam
246 2429 438 2500 perventum
451 2413 492 2477 ad
502 2411 624 2477 flumen
636 2428 703 2494 est,
720 2413 860 2499 impletis
874 2412 1005 2475 utribus
1021 2411 1063 2477 ad
1078 2414 1204 2496 locum,

134 2538 232 2602 quem
247 2512 399 2577 Numidis
417 2513 574 2595 edixerat,
594 2515 709 2602 pergit.

179 2616 238 2678 lll.
259 2613 308 2676 lbi
327 2637 431 2701 quum
446 2630 548 2677 castra
564 2630 786 2701 ponerentur,
800 2629 918 2701 praeter
935 2617 1005 2696 ejus
1020 2615 1089 2680 caeli
1107 2633 1205 2682 natu·

136 2738 203 2778 ram
222 2729 310 2777 tanta
325 2716 373 2776 vis
389 2715 506 2800 pluviae
523 2713 626 2777 effirsa
649 2714 749 2777 luisse
768 2712 905 2794 dicitur,
921 2731 958 2777 ut
977 2717 1099 2779 casola
1120 2740 1205 2808 aqua

135 2814 284 2877 sulficere
305 2814 460 2876 exercitui
478 2829 596 2901 posset.
619 2814 724 2901 Igitur
741 2813 876 2889 milites,
893 2812 1031 2877 deorum
1049 2815 1114 2880 hoc
1129 2840 1206 2883 mu·

136 2938 198 2978 nus
218 2914 438 3001 interpretati,
462 2934 649 3001 quanquam
676 2910 802 2975 adesset
823 2913 952 2999 provisa
975 2937 1068 3001 aquae
1092 2919 1204 3006 oopia,

135 3017 244 3104 pluvia
255 3016 355 3105 magis
367 3015 417 3079 usi
428 3029 506 3078 sunt
519 3037 526 3078 :
540 3013 636 3077 etiam
646 3026 847 3075 commeatus
858 3011 989 3077 abunde
1000 3031 1119 3104 praesto
1128 3017 1204 3102 fuit,

135 3118 305 3200 Numidis,
317 3134 354 3181 ut
365 3118 398 3180 in
414 3139 498 3180 nova
508 3114 689 3194 deditione,
699 3110 807 3177 studia
820 3135 879 3177 sua
891 3115 1073 3203 approbare
1087 3138 1205 3183 conan-

135 3221 232 3285 tibus.
250 3221 302 3284 Sic
318 3218 441 3282 refecto
457 3216 579 3297 milite,
592 3214 634 3280 ad
645 3213 780 3279 Thalam
791 3230 924 3303 postero
939 3213 992 3280 die
1008 3236 1202 3305 perventum

135 3338 203 3402 est;
227 3337 340 3384 contra
364 3319 555 3408 opinionem
573 3317 759 3407 Iugurthae,
777 3315 836 3405 qui
855 3339 1026 3405 nunquam
1046 3343 1086 3384 eo
1101 3345 1205 3410 pene.

135 3439 296 3487 traturum
314 3444 486 3485 romanum
506 3419 683 3484 exercitum
699 3441 769 3483 esse
783 3435 976 3506 speraverat.
990 3419 1054 3484 Sed
1067 3423 1205 3512 oppida·

136 3522 185 3583 nis
202 3538 333 3586 strenue
346 3545 435 3586 arma
448 3521 712 3610 opponentibus,
726 3542 830 3608 quum
848 3521 944 3584 etiam
961 3521 1071 3587 locum
1089 3542 1205 3592 natura

135 3638 168 3687 et
185 3623 338 3710 operibus
351 3623 496 3712 apprime
509 3623 734 3711 permunitum
749 3620 926 3699 haberent,
943 3620 1083 3688 difficilis
1096 3648 1204 3716 oppu-

135 3726 245 3814 gnatio
257 3724 321 3786 fuit
334 3747 341 3786 :
355 3724 525 3810 multoque
540 3724 651 3788 labore
668 3737 701 3787 et
713 3721 859 3809 periculo
874 3720 1016 3785 militum
1030 3716 1105 3812 posi
1120 3749 1203 3814 qua.

135 3825 356 3915 dragesimum
369 3822 471 3905 diem,
486 3846 583 3911 quarn
599 3821 741 3887 obsideri
752 3821 854 3885 Thala
869 3837 1024 3909 coeperat,
1039 3840 1131 3913 capta
1145 3841 1205 3891 est.

180 3927 236 3992 IV.
256 3926 419 4015 Perfugae,
434 3925 583 4013 pretiosis
600 3925 699 3988 rebus
717 3922 845 3986 cunctis
860 3922 894 3984 in
914 3922 1035 4011 regiam
1052 3947 1207 4014 compor-

136 4032 226 4111 tatis,
240 4031 326 4093 inter
339 4028 453 4091 vinum
471 4043 504 4091 et
522 4026 634 4114 epulas
651 4046 751 4110 seque
763 4039 796 4085 et
814 4022 882 4086 illas
898 4021 1019 4103 injecto
1036 4025 1111 4112 igne
1124 4048 1206 4091 con.
1289 4050 1291 4054 >

136 4146 357 4222 sumpserunt.
372 4117 549 4218 iugurtha,
565 4127 673 4216 primo
689 4123 831 4189 adventu
847 4123 986 4201 Metelli,
1004 4146 1079 4188 cum
1095 4126 1204 4196 liberis

171 4338 188 4402 s
206 4340 225 4385 1.
247 4338 278 4384 U.
288 4337 317 4385 C.
327 4335 396 4396 6453
412 4336 442 4383 A.
455 4336 483 4384 C.
503 4349 606 4392 1⁰7····
622 4330 720 4380 Sallust.
731 4331 853 4395 Jugeap.
866 4331 907 4389 73.
922 4356 957 4366 —
968 4327 985 4394 S
998 4330 1032 4377 11.
1042 4330 1107 4381 Flos.
1117 4334 1172 4395 111,
1183 4352 1203 4384 r.

140 4445 174 4454 -
188 4420 286 4468 Sallust.
990 4420 995 4435 ¹

263 4519 323 4583 IX.
1006 4507 1048 4578 32
