2594 4980
254 718 307 786 ru
337 716 452 785 noc.
478 717 573 784 mn.
600 714 766 783 vaur
798 715 1015 785 Liviani.
1092 712 1162 809 559

107 840 176 919 dia,
190 860 287 926 quam
308 835 412 900 clades
435 836 574 915 Servilii,
594 852 627 899 et
643 835 689 910 is,
713 832 803 921 quod
819 832 900 896 nihil
918 833 950 896 iu
969 856 1008 897 eo
1024 834 1162 922 imperio

106 938 261 1002 memoria
282 937 419 1025 dignum
437 935 582 1016 fecisset,
600 950 767 999 accusatus
788 950 898 1022 postea
924 935 1034 999 Rornae
1056 937 1162 1002 solum
1189 1001 1193 1008 ,

104 1039 235 1103 vertisse
250 1036 398 1101 traditur.

149 1139 250 1202 XLII.
272 1136 355 1201 Nam
372 1136 551 1200 Athenioni.
568 1135 720 1223 proclivia
742 1135 852 1200 omnia
871 1136 1016 1222 praetoris
1037 1136 1164 1223 ignavia

105 1241 204 1302 fuisse
226 1237 385 1301 creditum
405 1253 474 1316 cst3
493 1235 535 1300 ad
555 1258 672 1323 quem,
693 1237 849 1300 exstincto
868 1236 952 1300 forte
968 1237 1164 1325 Tryphone,

106 1362 231 1403 summa
247 1339 368 1401 servilis
390 1338 515 1425 imperii
538 1354 736 1425 pervenerat.
756 1341 970 1425 Quanquam,
992 1355 1029 1401 nt
1050 1361 1164 1403 verum

106 1444 222 1519 l'atear,
237 1463 302 1502 non
316 1438 426 1518 video,
445 1437 524 1525 quid
540 1438 663 1511 obstet,
678 1461 736 1501 cur
749 1462 815 1503 nou
828 1455 861 1501 ct
872 1440 993 1501 rictum
1007 1438 1049 1501 ab
1063 1439 1164 1502 Athe·

106 1543 204 1607 nione
220 1540 407 1619 Servilium,
425 1556 457 1603 et
473 1562 511 1601 ex
526 1561 565 1603 eo
581 1562 657 1602 casu
678 1538 795 1604 deinde
812 1539 1007 1603 timidiorem
1023 1540 1164 1621 facturn,

105 1642 289 1707 occasiones
311 1639 477 1729 pugnandi
500 1640 648 1703 vitavisse
669 1639 848 1705 credamus.
868 1642 899 1704 Is
918 1656 1020 1721 certe,
1036 1656 1166 1728 sumptu

104 1760 190 1808 veste
208 1764 390 1831 purpurea,
408 1757 626 1830 argenteoque
645 1741 777 1821 baculo,
796 1756 828 1805 et
848 1739 1044 1820 diademate,
1061 1762 1165 1828 quum

105 1845 209 1925 vicos,
226 1843 368 1923 castella,
389 1840 510 1929 oppida
530 1842 665 1929 impune
686 1841 891 1930 diripuisset,
916 1840 957 1905 ad
975 1864 1164 1931 magnarum

105 1946 236 2009 urbium
255 1942 458 2007 obsidionem
472 1942 617 2005 animum
631 1941 768 2022 adjicere
783 1943 888 2030 coepit.

148 2047 263 2110 XLIII.
284 2045 463 2110 Messanam
486 2042 618 2130 quidem
634 2066 748 2132 parum
766 2042 870 2107 abfuit
891 2042 970 2130 quin
989 2042 1165 2130 improviso

106 2149 229 2234 impetu
245 2162 382 2232 caperet.
400 2147 473 2208 Iluc
489 2145 615 2224 omnia,
633 2167 704 2231 quae
719 2144 853 2224 alicujus
870 2144 964 2233 pretii
985 2160 1109 2224 essent,
1128 2161 1166 2208 ut

105 2245 146 2308 ad
163 2262 265 2308 tutam
288 2244 486 2324 custodiam,
510 2260 709 2332 comportata
728 2267 767 2307 ex
785 2266 863 2332 agro
879 2245 1073 2308 mamertino
1093 2245 1165 2308 fue·

106 2363 187 2410 rant.
207 2348 255 2409 Eo
271 2346 371 2433 magis
386 2343 562 2432 cupiditate
578 2345 780 2431 amplissimae
796 2342 911 2433 praedae
928 2344 1069 2424 illectus,
1085 2343 1165 2408 iusi·

107 2447 174 2510 dias
188 2447 321 2510 solenne
333 2468 459 2509 sacrum
475 2447 509 2508 in
522 2446 681 2509 suburbi0
697 2445 934 2509 celebrantibus
948 2445 1074 2509 struxit.
1085 2446 1166 2509 ·Cae·

106 2563 210 2609 terum
225 2545 276 2627 id,
288 2562 325 2609 ut
338 2547 462 2633 impetu
476 2545 695 2624 formidabile,
707 2546 750 2608 ita
758 2568 878 2608 vanum
891 2546 979 2608 exitu
993 2545 1165 2609 consilium

106 2648 176 2711 luit.
192 2648 332 2710 Athenio
346 2646 527 2724 Macellam,
538 2646 664 2733 punicis
680 2667 813 2730 quoque
829 2645 919 2707 bellis
932 2644 1020 2707 haud
1036 2645 1166 2731 ignobi·

105 2748 167 2809 lem
185 2749 310 2823 locum,
329 2745 542 2808 communivit
557 2767 564 2806 :
579 2744 655 2806 inde
670 2745 792 2806 emissis
807 2743 997 2831 praedonum
1016 2745 1173 2827 catervis,-

107 2847 215 2909 omnia
226 2846 345 2907 circum
359 2845 454 2931 longe
465 2844 591 2928 lateque
600 2842 789 2931 populatus,
801 2865 870 2906 earn
883 2842 924 2906 de
937 2864 970 2905 se
984 2843 1100 2907 famam
1110 2864 1165 2909 ex-

106 2946 198 3024 civit,
210 2962 321 3008 utnon
337 2944 397 3008 nisi
409 2944 570 3007 consulari
580 2942 717 3029 imperio
727 2941 961 3029 opprimendus
970 2942 1164 3009 crederetur.

149 3046 263 3109 XLIV.
288 3044 365 3107 Eam
389 3043 586 3131 provinciam
613 3040 668 3106 Μ’.
689 3042 848 3129 Aquillius
872 3043 955 3107 inito
979 3045 1167 3134 magistratu

105 3147 218 3209 consul
234 3145 355 3232 accepit
369 3167 376 3209 :
389 3144 464 3232 quia
474 3144 594 3208 bellum
607 3144 797 3208 cimbricum
815 3142 981 3209 decretum
998 3147 1033 3209 C.
1045 3147 1165 3228 Mari03

108 3247 148 3327 Q.
165 3247 281 3310 Catulo
297 3262 507 3335 prorogatum
525 3246 559 3309 in
578 3268 636 3309 sua
656 3245 821 3334 provincia
839 3247 1047 3335 exercituque
1063 3248 1166 3336 impe-

106 3350 190 3410 rium
208 3348 322 3412 fuerat.
342 3349 433 3412 Nova
451 3346 615 3436 prodigia,
633 3369 798 3434 novasque
818 3345 1052 3435 expiandorum
1076 3348 1164 3413 curi·

107 3450 230 3512 monins
249 3472 354 3513 annus
375 3450 433 3513 iste
452 3449 575 3514 habuit.
591 3450 629 3514 ln
649 3449 811 3512 Aventino
832 3449 913 3514 lacte
930 3450 1036 3537 pluit:
1052 3450 1166 3515 ancilia

106 3573 182 3613 cum
196 3550 331 3637 strepitu
344 3567 432 3614 mota
449 3567 525 3614 sunt
539 3572 546 3612 :
561 3549 680 3613 minori
694 3549 762 3612 hasc
777 3566 897 3614 terrore
909 3551 1063 3633 civitatis,
1079 3568 1116 3616 ut
1131 3553 1165 3617 in

106 3672 140 3712 re
159 3649 272 3737 saepius
286 3649 396 3714 audita
413 3675 420 3715 :
439 3651 511 3738 plus
525 3650 683 3713 inusitatae
699 3648 917 3713 obscoenitatis
934 3652 1081 3738 exemplo
1096 3675 1166 3716 mo·

105 3749 151 3812 vit
165 3749 306 3828 animos,
325 3748 414 3835 quod
431 3772 541 3815 servus
560 3752 601 3832 Q.
613 3749 736 3813 Servilii
747 3750 904 3836 Caepionis
918 3750 1013 3815 Matri
1028 3751 1118 3817 ldaeae
1132 3774 1166 3817 se

106 3849 310 3937 prteciderat3
334 3850 410 3913 tales
430 3851 494 3930 jam
518 3852 643 3915 fructus
663 3850 837 3938 incipiente
858 3849 954 3915 edere
973 3852 1165 3940 pessinuntii

106 3949 278 4015 sacerdotis
295 3950 328 4012 in
342 3949 464 4013 Urbem
479 3949 631 4016 adventu.

150 4052 246 4114 XLV.
266 4052 383 4114 Servus
399 4072 437 4113 ex
451 4072 606 4138 responso
620 4050 827 4138 haruspicum
845 4067 932 4117 trans
950 4074 1037 4116 mare
1053 4073 1166 4138 expor-

59 4212 62 4217 .
107 4169 191 4216 tatus
208 4168 272 4231 est,
288 4175 330 4213 ne
348 4172 493 4237 unquam
508 4151 644 4213 Romam
660 4166 896 4215 reverteretur:
919 4152 997 4214 urbs
1013 4152 1163 4214 lustrata:

141 4357 156 4421 S
175 4361 238 4407 nu.
253 4357 327 4405 Diod.
342 4355 387 4405 nh.
399 4357 521 4404 mvl.
536 4382 571 4392 -
587 4354 694 4421 suu.
704 4355 780 4405 Diod.
792 4357 920 4422 apvales.
935 4383 970 4393 -
986 4356 1049 4406 nor.
1062 4358 1111 4416 111,
1125 4374 1165 4419 ro.

115 4467 141 4476 -
159 4441 273 4502 §mu
289 4443 319 4489 U.
332 4442 358 4489 C.
368 4440 432 4495 6513
445 4440 512 4488 ΜΣ.
522 4454 578 4487 ror.
590 4438 737 4488 -Diodon
750 4466 785 4477 -
797 4439 990 4501 aetolusq-
1001 4440 1129 4503 uetur.
