2594 4980
273 709 330 776 IN
362 708 477 775 LOC.
506 710 605 776 ΗΒ.
634 711 790 779 LXVII
820 715 1047 786 LIVIANI.
1125 714 1192 791 535

128 824 281 888 omnibus
307 825 453 889 deductis
477 829 598 914 copiis,
623 851 718 893 naves
742 854 843 918 prope
867 834 1042 922 Lilybaeum
1063 841 1193 926 appule-

129 941 206 987 runt
224 949 297 988 cum
316 925 447 991 delectis
464 929 653 991 Maurorum
671 930 879 1014 cohortibus,
897 957 994 1020 quas,
1014 937 1131 1003 auditis
1145 941 1194 1005 Si-

129 1030 207 1092 ciliae
222 1032 347 1113 turbis,
365 1056 468 1095 novus
482 1034 705 1097 Romanorum
723 1037 829 1100 socius
844 1039 1032 1127 amicusque
1049 1044 1194 1109 Bocchus

130 1131 275 1195 subsidio
294 1134 441 1214 miserat,
460 1134 600 1223 impigro
615 1136 684 1198 viro
699 1137 848 1200 Gomone
864 1139 1024 1227 praefecto.

174 1232 272 1295 XLII.
289 1233 338 1313 ls,
355 1234 492 1320 cognitis
509 1258 581 1321 quae
596 1253 785 1324 agerentur,
806 1255 907 1302 noctu
928 1240 1140 1328 impressione
1160 1244 1194 1308 in

130 1330 332 1395 discedentes
357 1335 456 1415 lacta,
482 1358 584 1421 quum
608 1353 682 1423 post
708 1339 809 1402 multa
834 1341 1044 1428 fugitivorum
1062 1345 1196 1410 vulnera

129 1432 297 1521 caedesque
315 1435 348 1496 in
366 1435 524 1523 oppidum
544 1461 578 1501 se
596 1439 784 1527 recepisset,
802 1440 994 1505 Athenionis
1013 1443 1195 1532 praedictio·

130 1535 225 1598 nibus
250 1558 398 1623 magnam
428 1537 516 1624 apud
544 1555 675 1602 caeteros
700 1539 947 1604 admirationem
972 1559 1069 1629 atque
1097 1544 1195 1610 lidem

130 1636 321 1700 conciliavit.
345 1639 504 1701 Caeterum
529 1662 569 1702 ne
593 1640 762 1703 servilibus
787 1656 913 1704 tantum
938 1643 1133 1707 tumultibus
1151 1645 1198 1708 Si·

129 1738 200 1801 cilia
217 1756 400 1820 vexaretur,
420 1741 514 1803 etiam
533 1764 590 1828 per
601 1741 781 1805 liberorum
797 1742 970 1804 hominum
986 1744 1127 1831 inopiam
1141 1761 1198 1810 aut

129 1840 340 1926 petulantiam
358 1839 510 1904 maleficia
530 1843 631 1905 multa
652 1832 783 1905 fiebant.
800 1842 1001 1924 Accedebat,
1018 1844 1126 1931 quod,
1145 1846 1197 1909 in·

131 1939 217 2004 dieto
238 1958 370 2029 propter
394 1943 453 2005 hos
476 1959 586 2006 motus
606 1944 752 2025 justitio,
772 1966 878 2031 neque
892 1943 944 2022 jus
961 1942 1089 2009 dicebat
1104 1938 1194 2034 quis·

130 2065 245 2128 quam,
272 2066 379 2131 neque
400 2044 606 2108 formidabat.
634 2045 775 2131 Eratque
797 2043 866 2108 haec
890 2044 1055 2131 aliquanto
1079 2045 1196 2110 crude-

129 2143 190 2204 lior
204 2144 309 2206 servili
324 2145 441 2231 pestis,
466 2145 557 2232 quod
573 2146 618 2208 illi
635 2146 740 2232 palam
759 2146 848 2210 velut
861 2146 933 2226 jure
948 2146 1022 2209 belli
1039 2147 1195 2236 agebant3

130 2242 183 2318 hi,
202 2245 298 2307 latere
322 2246 507 2333 cupientes,
524 2247 581 2309 ubi
600 2269 651 2309 res
668 2263 858 2334 rapuerant,
878 2262 933 2308 aut
956 2247 1104 2310 animalia
1125 2246 1196 2311 abi·

130 2344 267 2431 gebant,
294 2346 425 2409 obvium
450 2371 613 2435 quemque
640 2349 709 2411 sinc
733 2347 919 2411 discrimine
938 2347 1058 2412 liberos
1070 2370 1197 2413 servos·

129 2469 210 2531 que,
231 2471 271 2511 ne
288 2449 360 2533 quis
377 2447 475 2511 index
491 2451 677 2529 exsisteret,
695 2448 898 2512 occidebant.

172 2547 289 2609 XLlll.
309 2548 357 2609 lta
379 2546 432 2609 vix
456 2547 488 2608 in
508 2548 645 2611 urbibus
665 2549 740 2610 satis
757 2549 875 2634 cuique
895 2562 984 2628 tuta,
1003 2571 1074 2634 quae
1093 2551 1196 2635 possi·

130 2644 238 2726 deret,
258 2646 484 2708 habebantur:
505 2647 538 2708 in
554 2649 638 2734 agris
655 2669 714 2733 pro
735 2646 893 2710 derelictis
913 2663 1005 2710 erant
1025 2648 1151 2731 omnia,
1166 2665 1199 2713 et

130 2762 253 2830 quanto
272 2746 344 2830 quis
360 2745 477 2831 opibus
495 2746 668 2809 excellebat
679 2793 687 2825 ,
698 2761 789 2809 tanto
806 2747 954 2833 pluribus
974 2747 1077 2824 curis,
1096 2771 1198 2835 quum

131 2867 170 2906 cx
191 2844 331 2905 maximo
355 2866 491 2907 numero
514 2867 701 2926 servorum,
719 2862 751 2908 et
771 2847 826 2932 qui
850 2847 1000 2934 fugerant
1016 2848 1152 2931 infensi,
1168 2867 1200 2915 et

131 2946 187 3030 qui
214 2961 434 3008 remanserant
458 2946 598 3033 suspecti
622 2961 747 3026 essent,
771 2948 863 3010 anxia
880 2948 908 3010 ei
924 2971 962 3010 ac
982 2948 1117 3012 sollicita
1134 2952 1199 3016 vita

130 3046 316 3135 (legebatur.
341 3046 419 3134 Spes
444 3069 578 3134 quoque
599 3048 718 3111 frustra
739 3048 820 3131 suit,
843 3049 913 3112 fore
938 3065 975 3113 ut
1001 3048 1068 3112 duo
1090 3072 1199 3117 servo·

132 3173 203 3211 rum
221 3172 332 3236 reges,
355 3147 434 3211 dum
455 3147 496 3212 ad
518 3171 552 3212 se
574 3148 712 3236 quisque
732 3172 783 3213 res
804 3150 929 3213 trahere
946 3150 1053 3238 cupit,
1068 3152 1199 3217 aemula·

131 3252 218 3313 tione
241 3251 358 3313 virium
383 3251 416 3312 in
441 3266 588 3314 mutuam
609 3249 784 3337 perniciem
809 3248 1050 3314 colliderentur.
1069 3251 1200 3340 Quippe

131 3352 271 3430 Salvius,
291 3375 308 3414 a
325 3350 532 3441 Morgantina
549 3373 653 3438 usque
672 3352 705 3415 in
723 3352 900 3416 Leontinos
915 3352 1024 3423 omnia
1039 3374 1202 3441 perpopu-

132 3452 237 3532 latus,
255 3474 390 3516 recensu
417 3452 584 3540 copiarum
613 3453 719 3534 lacto,
744 3475 847 3540 quum
872 3451 1002 3517 delectae
1020 3451 1201 3531 juventutis

131 3550 172 3614 ad
200 3552 331 3640 triginta
355 3553 452 3616 milha
478 3552 670 3640 reperisset,
701 3551 856 3617 heroibus
881 3552 962 3617 italis
988 3551 1199 3635 sacrificarit3

132 3651 301 3739 dicataque
326 3653 414 3717 velut
438 3655 472 3716 in
495 3652 678 3718 mercedem
701 3676 861 3718 concessae
875 3653 1017 3717 victoriae
1037 3675 1200 3742 purpurea

132 3754 231 3831 stola,
260 3752 433 3840 Tryphonis
451 3755 666 3842 appellatione
687 3753 728 3817 ab
750 3754 817 3818 suis
835 3753 1020 3835 decoratus,
1041 3754 1082 3818 ad
1098 3755 1201 3841 impe·

133 3853 216 3915 rium
235 3851 453 3916 ordinandum
467 3854 553 3917 serio
566 3853 704 3934 adjicere
721 3854 868 3919 animum
885 3855 990 3942 coepit.

176 3954 288 4017 XLIV.
308 3954 469 4017 Caeterum
484 3953 594 4019 sedem
612 3954 704 4043 regni
718 3953 888 4017 habiturus
905 3954 1067 4034 Triocala,
1086 3953 1200 4042 aicap-

133 4055 266 4142 pellata,
285 4051 376 4141 quod
399 4053 448 4116 his
472 4054 594 4137 tribus,
618 4076 777 4141 aquarum
802 4054 999 4141 optimarum
1016 4053 1125 4139 copie,
1141 4052 1201 4119 bo·

133 4156 231 4218 nitate
254 4153 511 4232 circumjacentis
536 4154 622 4242 agri,
649 4169 815 4242 postremo
850 4155 929 4217 situs
963 4152 1199 4241 propemodum

132 4254 372 4344 inexpugnabili
400 4254 607 4319 munimento
629 4254 843 4343 praestabant,
865 4253 1086 4320 Athenionem
1103 4256 1201 4325 aedri

168 4446 183 4512 S
197 4450 275 4497 ult.
284 4446 391 4499 Diodor.
401 4446 470 4514 apud
477 4449 559 4500 tato.
569 4460 594 4498 et
603 4447 691 4513 Belou.
701 4447 745 4499 lib·
756 4447 882 4500 mvl..
