2594 4980
284 688 344 756 IN
372 687 483 755 LOC.
509 687 603 756 LIB.
631 687 752 756 XLVI
781 688 995 758 LIVIANI.
1149 710 1173 781 9

115 805 225 887 lentiae,
237 804 353 869 luerat
361 805 562 870 reconditum
571 855 581 888 ,
590 807 626 871 id
634 829 732 871 omne
741 806 872 895 publice
881 808 1091 895 spectandum
1101 830 1174 896 pro·

115 907 222 994 posuit.
234 908 302 970 Vix
310 924 440 994 peracta
450 907 509 972 hae
518 908 721 973 solemnitate
731 909 919 996 supervenit
927 909 976 973 Ti.
991 908 1171 989 Gracchus,

115 1031 201 1095 quem
219 1010 316 1072 omni
334 1010 486 1074 comitate
504 1033 540 1074 ae
554 1011 743 1074 liberalitate
760 1010 806 1073 sic
825 1009 954 1090 obruit,
972 1024 1010 1073 ut
1026 1011 1172 1074 animum

114 1112 185 1199 regis
205 1111 252 1174 ob
277 1128 422 1200 creptam
443 1112 621 1201 AEgyptum
644 1135 662 1175 a
684 1112 807 1200 populo
830 1133 966 1177 romano
988 1112 1172 1176 alienissimi

114 1211 194 1274 nullo
211 1210 339 1275 indicio
355 1228 466 1300 posset
480 1212 733 1301 deprehendere.
745 1214 858 1295 Quum
877 1213 963 1276 enim
980 1229 1094 1276 natura
1110 1215 1172 1278 lar·

113 1313 190 1400 gitor
211 1314 344 1378 animus
367 1331 469 1398 essct3
490 1330 569 1378 tune
592 1315 687 1379 etiam
711 1314 820 1379 studio
844 1314 979 1378 honoris
1003 1315 1174 1402 cultusque

112 1415 212 1476 omnia
232 1431 429 1504 argumenta
446 1416 491 1480 sic
509 1416 664 1497 intendit,
686 1431 723 1479 ut
741 1432 811 1480 toto
833 1439 872 1480 eo
889 1432 1035 1504 tempore
1051 1416 1119 1480 aliis
1138 1417 1172 1479 in

113 1512 229 1578 edibus
241 1514 468 1597 diversaretur,
479 1539 547 1605 quo
561 1540 693 1582 vacuam
706 1518 817 1608 legatis
830 1518 972 1581 romanis
986 1517 1104 1606 regiam
1121 1540 1172 1582 re·

112 1614 278 1703 linqueret.
288 1618 335 1681 Ea
345 1640 414 1699 res,
425 1635 457 1683 et
466 1619 621 1707 quoniam
632 1620 728 1708 paulo
741 1637 815 1684 ante
824 1621 910 1684 inter
918 1619 1014 1684 ludos
1028 1621 1173 1684 animum

113 1737 209 1804 usque
222 1717 266 1781 ad
278 1719 447 1807 pudendas
463 1720 597 1810 ineptias
613 1721 806 1785 effusissima
820 1722 980 1786 hilaritate
997 1723 1174 1804 laxaverat,

113 1817 262 1884 Romanis
271 1821 364 1899 facile
377 1824 551 1910 persuasit,
560 1824 643 1888 nihil
653 1824 687 1887 in
700 1825 754 1889 tali
764 1842 873 1890 mente
884 1849 1007 1915 magnac
1020 1826 1173 1914 serieque

114 1921 312 2008 cogitationis
328 1922 451 2013 agitari.

149 2025 220 2088 XV.
240 2025 418 2108 Caeterum,
436 2043 474 2091 ut
493 2027 534 2091 ad
555 2027 740 2092 institutum
761 2027 949 2109 redeamus,
968 2049 1035 2091 non
1060 2025 1171 2090 eadem

113 2122 325 2210 humanitate,
349 2152 414 2216 qua
432 2129 573 2217 priores,
590 2129 712 2194 achaici
729 2145 871 2193 oratores
895 2128 1019 2216 excepti
1036 2143 1114 2192 sunt
1131 2128 1172 2192 ab

113 2244 229 2291 senatu.
244 2231 276 2293 N
279 2231 416 2319 egabant
430 2230 490 2310 illi,
499 2231 654 2319 principes
667 2230 856 2293 Aelurorum
872 2244 1023 2316 tanquam
1036 2225 1174 2288 damna·

112 2339 166 2406 tos,
183 2329 242 2392 scd
248 2376 258 2408 ,
279 2333 328 2393 uti
340 2353 469 2394 caenam
483 2330 635 2411 dicerent,
653 2333 759 2394 messos
774 2332 908 2394 Romam
919 2327 1025 2417 scisse
1037 2350 1048 2390 :
1063 2350 1175 2415 rogare

112 2427 201 2513 ίςιὶιιν
225 2453 310 2494 nurtc
332 2455 453 2521 quoquc
458 2480 470 2513 ‚
490 2435 583 2496 uteie
592 2430 681 2519 fiat,
699 2436 728 2496 si
736 2433 884 2495 Patribus
904 2431 1071 2509 νιὶίεαειινς
1087 2427 1176 2517 quod

112 2530 236 2593 sit'stltoc
244 2532 363 2614 nolant,
373 2547 409 2596 at
417 2532 526 2597 saltem
537 2533 771 2598 rcmtlwntillos
780 2534 908 2598 domurn
918 2556 930 2597 .·
941 2531 1089 2620 mandere
1102 2552 1173 2593 eon·

111 2627 210 2694 ct'lt'um
227 2633 396 2697 achaicum
415 2637 495 2698 entia
518 2636 666 2699 daturum
685 2659 827 2724 operam,
847 2659 886 2699 ne
899 2635 1061 2724 judicium
1081 2654 1173 2695 suum

111 2730 221 2811 lenta,
237 2757 335 2821 quam
350 2759 412 2822 pro
431 2738 576 2826 etq'usqzoe
590 2740 715 2816 merito,
733 2736 839 2825 fuisse
854 2736 988 2799 dicante.
1006 2735 1096 2799 Nihil
1111 2734 1173 2796 im·

111 2847 269 2916 patratum
283 2859 291 2898 :
305 2836 404 2898 literae
421 2838 501 2923 quin
518 2838 615 2899 etiam
632 2836 673 2925 ad
689 2839 848 2926 principes
867 2859 1043 2924 graecarum
1062 2835 1173 2898 eivita-

111 2946 193 3013 tnm,
212 2934 270 3019 qui
285 2957 425 2997 romanae
444 2937 594 2998 factionis
610 2952 720 3017 erant,
736 2952 770 2999 et
785 2937 818 2998 in
837 2937 992 3000 Achaiam
1015 2935 1056 2997 ad
1077 2934 1189 2998 Calli·-

112 3049 229 3098 cratem
248 3035 372 3100 missae:
388 3059 485 3125 neque
495 3037 667 3100 civitatibus
676 3035 801 3125 publice
808 3085 818 3115 ,
835 3058 931 3124 neque
944 3037 1015 3122 pasis
1024 3036 1173 3122 privatim

108 3132 304 3221 profuturum
325 3137 443 3216 videm,
462 3139 491 3200 si
505 3137 641 3200 domines
662 3139 714 3200 isti
727 3160 817 3200 suam
836 3139 963 3226 quisquc
980 3139 1013 3199 t'n
1027 3138 1173 3223 paenam

113 3250 305 3300 revertamur.
316 3237 388 3300 Hoc
398 3260 457 3325 per
471 3237 626 3302 Graeciam
638 3239 768 3328 vulgato
780 3261 936 3327 responso
946 3286 955 3319 ,
965 3238 1083 3326 passim
1101 3260 1171 3300 me·

114 3347 158 3397 tus
172 3351 242 3399 erat
257 3353 290 3399 et
304 3336 490 3425 trepidatio,
510 3361 578 3403 non
599 3363 713 3405 eorum
731 3340 850 3421 modo,
870 3340 928 3427 qui
950 3338 1170 3404 Macedonum

113 3434 201 3499 rebus
216 3437 428 3520 studuerant,
449 3440 506 3504 sed
523 3441 689 3523 omnium,
704 3442 824 3529 quibus
846 3456 913 3504 erat
932 3441 1042 3529 patriae
1058 3439 1173 3503 caritas

114 3550 235 3601 externa
251 3537 477 3604 dominatione
493 3542 610 3628 potior.
632 3545 674 3606 At
692 3542 861 3631 Charopus
880 3560 913 3605 et
931 3541 1124 3622 Callicrates,
1141 3557 1175 3603 et

114 3639 207 3700 ‹aeteri
224 3638 371 3717 ejusdem
394 3641 537 3722 consilii,
557 3658 679 3730 quanto
703 3643 891 3707 humiliores
917 3641 1070 3706 videbant
1092 3642 1172 3704 alios

114 3736 223 3827 redigi,
239 3755 333 3805 tanto
349 3742 410 3830 ipsi
427 3742 562 3821 majores
581 3743 714 3831 spiritus
732 3745 916 3809 sumebant.

151 3839 236 3904 XVI.
254 3842 342 3904 Dum
356 3842 416 3906 ista
431 3842 564 3907 diversis
576 3844 656 3908 locis
668 3846 714 3907 sic
728 3861 882 3933 aguntur,
895 3844 1014 3907 Perseo
1025 3889 1034 3924 ,
1047 3843 1104 3929 qui
1120 3865 1171 3906 re·

115 3959 177 4003 rum
193 3941 330 4006 istarum
343 3945 491 4007 omnium
508 3968 604 4008 causa
620 3944 742 4025 fuerat,
757 3944 895 4008 dubium
911 3966 952 4005 au
966 3943 1170 4006 voluntarius

115 4042 227 4124 exitus,
252 4044 440 4108 calamitatis
461 4046 598 4133 vitaeque
623 4044 721 4119 finem
748 4047 864 4109 attulit.
892 4045 969 4108 Post
991 4045 1026 4106 L.
1047 4044 1171 4108 AEmilii

115 4143 327 4233 triumphum,
341 4146 375 4209 in
392 4169 551 4211 carcerem
570 4146 722 4210 albanum
736 4146 903 4228 conditus,
918 4163 949 4209 et
963 4144 1040 4208 inde
1055 4144 1170 4208 eodem

144 4355 237 4419 §XIV
248 4359 337 4422 Polyb.
349 4359 414 4424 apud
425 4359 631 4432 Voles-Diod.
644 4360 709 4424 apud
720 4361 801 4407 Valcs.
815 4386 849 4395 -
864 4357 951 4420 Polyb.
964 4359 1078 4422 Excerpt.
1088 4359 1171 4419 Legat.

120 4451 165 4486 ¹01.
179 4470 205 4477 -
218 4442 321 4506 Joseph.
330 4444 383 4500 xl,
395 4459 434 4490 ar.
446 4441 505 4507 -§
516 4445 572 4491 XV.
583 4443 674 4508 Polyb.
686 4446 801 4507 Excerpt.
812 4445 892 4504 Legat.
906 4440 961 4487 105.
