2594 4980
248 708 306 777 tu
336 704 448 775 too.
474 706 566 773 tm.
593 706 719 775 xmx
748 709 962 779 arvitus.
1077 736 1144 810 109

71 808 81 899 l.
107 830 176 921 gnati.
191 827 326 893 Clarum
350 827 414 891 hoc
429 843 574 914 tempore
590 826 749 907 judicium
767 830 802 892 in
824 831 904 894 urbe
920 833 988 898 Ser.
1010 833 1145 924 Sulpicii

108 930 185 999 Gaba
201 930 282 1010 luit,
302 929 359 1017 qui
380 952 485 1017 nuper
508 929 542 991 in
563 930 716 1018 Hispania
737 954 797 1020 pro
821 949 958 1020 praetorc
974 936 1144 1004 Lusitanos

109 1032 269 1122 diripuerat:
286 1031 315 1096 ei
331 1033 367 1095 L.
376 1030 565 1095 Scribonius
577 1032 658 1096 Libo
669 1034 820 1097 tribunus
829 1035 931 1122 plebis
946 1035 1030 1101 diem
1043 1038 1145 1122 dixit3

111 1133 225 1223 denque
233 1133 436 1223 rogationem
450 1133 616 1223 privilegio
632 1136 769 1202 similem
782 1139 1018 1228 promulgavit,
1035 1154 1071 1206 ut
1082 1143 1144 1206 Lu·

83 1274 86 1279 ·
110 1237 189 1317 dani,
208 1239 261 1325 qui
277 1239 312 1300 in
320 1231 428 1321 fidem
440 1234 553 1324 populi
570 1241 697 1301 romani
711 1238 828 1317 dediti,
845 1262 868 1301 a
889 1239 954 1304 Ser.
984 1238 1087 1306 Galba
1108 1247 1143 1306 ia

115 1326 195 1401 Gallu
205 1340 375 1417 venissent,
392 1337 425 1399 iu
438 1334 612 1402 libertatem
630 1341 870 1403 restituerentur.
885 1341 965 1403 Eam
981 1339 1026 1404 M.
1043 1343 1144 1425 Cato,

113 1438 328 1526 quictempore
347 1438 553 1520 consulatus,
569 1438 604 1502 in
621 1439 775 1527 Hispania
789 1440 909 1521 exacti,
924 1442 1142 1528 patrocinium

113 1538 332 1628 tjtsprorinciae
347 1556 550 1628 susceperat,
565 1542 720 1605 acerrime
741 1542 855 1622 suasit,
880 1542 1057 1629 nonaginta
1079 1545 1141 1608 cir·

113 1638 169 1703 ‹itcr
179 1664 273 1705 annos
291 1658 405 1721 natus,
419 1640 476 1705 sed
494 1664 630 1730 corpore
646 1642 754 1707 adhuc
767 1641 949 1723 sufficiens,
966 1643 1075 1708 animo
1090 1668 1143 1710 ac-

114 1758 208 1826 ttttsus,
229 1743 318 1833 quod
333 1754 458 1806 tantam
475 1743 696 1832 rempublicam
719 1747 809 1831 agier
828 1744 1043 1815 arbitraretur.
1068 1748 1144 1810 Haec

113 1840 174 1905 mita
184 1844 273 1909 rerba
285 1860 364 1908 sunt
378 1845 550 1926 orationis,
562 1867 659 1932 quam
670 1846 780 1934 paucis
789 1861 865 1908 ante
874 1861 1013 1909 mortem
1027 1845 1143 1912 diebus

113 1947 297 2010 truensibus
315 1945 477 2027 habitam,
496 1948 634 2034 septimo
652 1948 824 2036 Originum
842 1970 974 2011 suarum
989 1948 1074 2013 libro
1091 1951 1142 2013 in·

114 2040 187 2111 doit
203 2048 304 2113 Reum
323 2042 518 2111 defendebat
539 2049 581 2130 Q.
604 2049 743 2112 Fulvius
756 2049 916 2129 Nobilior,
937 2051 1043 2136 quiet
1072 2052 1142 2139 ipse

114 2140 208 2229 olm,
222 2149 256 2212 in
276 2147 387 2212 eadem
405 2148 572 2233 provincia
590 2171 757 2234 perperam
781 2147 1034 2231 administratas,
1058 2174 1142 2240 saepe

115 2238 230 2312 humus
242 2248 277 2311 in
296 2261 410 2312 senatu
426 2269 445 2310 a
460 2248 584 2310 Catone
602 2249 716 2312 fuerat.

143 2344 218 2415 llll.
231 2346 294 2413 Sed
310 2349 380 2436 ipse
394 2347 532 2411 maxime
548 2346 668 2428 Galba,
683 2370 785 2436 quum
798 2371 832 2412 se
846 2348 992 2414 damnari
1003 2353 1139 2437 videret,

114 2438 175 2509 lexis
185 2448 336 2538 populum
353 2464 385 2511 et
398 2422 567 2528 iacundia,
585 2471 650 2536 qua
666 2466 703 2513 ut
716 2450 800 2513 inter
815 2450 901 2516 illius
917 2454 1017 2517 aetatis
1032 2471 1141 2519 orato·

114 2560 151 2607 lu
163 2550 316 2631 excelluit;
335 2565 369 2612 ct
391 2550 491 2639 magis
509 2548 643 2615 artificio
667 2551 867 2616 concitandas
887 2554 1139 2638 misericordias,

116 2664 188 2731 quum
205 2650 284 2716 duos
311 2650 394 2715 lilios
412 2667 635 2739 praetextatos,
661 2669 693 2716 et
715 2650 816 2716 filiurn
838 2656 873 2718 C.
890 2654 1023 2742 Sulpicii
1041 2657 1141 2739 Galli,

116 2746 179 2825 llius
192 2766 277 2817 tutor
292 2768 371 2834 erat,
388 2753 594 2840 complexus,
618 2753 698 2816 nihil
708 2776 769 2841 pro
786 2775 818 2816 se
839 2776 981 2818 recusare
999 2753 1139 2839 diceret,

116 2846 216 2917 ’ἄεισε
229 2856 354 2935 liberos,
371 2855 427 2941 secl
442 2840 653 2944 propinquum
676 2877 785 2934 suum,
808 2859 957 2918 memoria
980 2854 1144 2922 clarissimi

113 2954 414 3042 Flitsavorabilem,
429 2955 548 3045 popula
567 2978 698 3019 romano
719 2955 955 3035 commendare,
983 2978 1043 3035 ac,
1066 2971 1146 3021 tau·-

117 3066 184 3131 Μ
194 3060 223 3122 in
231 3061 397 3147 procinctu
414 3069 628 3122 testamentum
634 3055 764 3144 faceret
770 3104 781 3136 ,
800 3058 865 3118 sine
884 3053 965 3119 libra
983 3072 1078 3146 atquc
1094 3056 1141 3123 la·

118 3144 172 3217 llll
184 3160 327 3249 populum
354 3182 519 3223 romanum
538 3175 672 3224 tutorem
693 3161 852 3222 instituere
874 3179 979 3223 eorum
1003 3161 1140 3226 orbitati.

119 3242 286 3349 &mitigata
305 3261 482 3342 concione,
503 3261 690 3348 potentibus
711 3260 868 3341 inimicis,
885 3276 916 3324 et
936 3261 1140 3328 incumbenti

119 3346 309 3441 dpemiciem
327 3360 396 3441 ejus
412 3361 527 3424 Catoni
542 3362 691 3450 apopulo
707 3376 836 3450 ereptus
852 3377 917 3442 est,
928 3384 1030 3449 quum
1047 3388 1139 3452 paene

121 3450 209 3523 lulum
216 3463 303 3526 triste
313 3462 504 3550 suffragium
518 3462 700 3543 habuisset,
711 3464 768 3549 qui
781 3463 877 3551 paulo
892 3479 967 3528 ante
978 3487 1140 3531 consensu

121 3557 228 3626 tunium
250 3565 416 3653 periturus
441 3563 624 3628 videbatur.
650 3566 787 3640 Ferunt,
810 3564 937 3629 divitias
963 3566 992 3628 ei
1018 3568 1137 3631 auxilio

122 3647 205 3743 biae,
217 3687 254 3729 ne
270 3665 501 3730 damnaretur:
518 3664 575 3729 sed
591 3665 659 3755 ipse
676 3668 755 3730 Cato
774 3666 902 3748 scribit,
917 3669 981 3730 nisi
986 3672 1094 3755 pueris
1110 3683 1142 3732 et

122 3744 228 3841 lffltynis
242 3788 313 3830 tuus
330 3782 421 3845 esset,
429 3790 544 3856 poertas
557 3790 627 3832 eum
642 3767 792 3831 daturum
795 3765 911 3854 fuisse.

152 3856 238 3933 llltl.
255 3871 364 3935 Galbae
387 3871 428 3935 de
454 3872 515 3935 hac
539 3895 634 3937 causa
651 3872 812 3936 orationes
837 3889 900 3936 tres
923 3890 1000 3937 sunt
1022 3874 1138 3939 editae:

123 3950 320 4037 lluadrcrsus
340 3973 518 4055 Libonem,
543 3974 713 4037 tribunum
732 3974 854 4062 plebis,
875 3979 1140 4064 rogationemque

71 4112 73 4125 Ι
146 4110 216 4174 llll·
223 4128 324 4197 Appian.
336 4132 440 4198 Hispan.
451 4159 486 4170 -
494 4132 569 4182 Corn.
583 4134 648 4199 Nep.
662 4134 688 4181 in
698 4134 798 4185 Catone.
809 4136 899 4183 -vat
914 4137 1055 4192 blanVllL
1073 4153 1095 4186 r.
1104 4165 1140 4176 -

119 4186 160 4239 αἱ
168 4196 192 4245 ‘lt
201 4204 272 4260 Diria.
285 4230 340 4279 cap.
351 4230 385 4262 ao
395 4231 403 4277 ;
418 4215 482 4263 idem
494 4216 521 4264 in
531 4218 623 4275 Bruto,
634 4234 688 4283 cap.
702 4219 745 4266 ai.
759 4246 793 4255 -
806 4220 863 4266 Tac.
876 4220 965 4266 Annal.
979 4222 1030 4277 111,
1047 4222 1089 4270 66.
1103 4249 1138 4260 -

117 4269 295 4370 ‘Rq-xilla&
305 4324 340 4333 -
348 4298 403 4346 Lis.
414 4300 480 4364 Epit.
491 4298 552 4363 -s
566 4302 644 4350 LVII.
652 4302 756 4364 Quintil.
769 4302 799 4350 dc
811 4313 919 4367 corrupt.
929 4303 1053 4367 eloquent.
1064 4322 1086 4354 c.
1096 4309 1139 4358 25.

113 4354 256 4434 *h'lpit
265 4407 299 4418 -
307 4382 360 4431 Cic.
370 4383 437 4430 Brut.
449 4399 503 4448 cap.
513 4384 561 4444 ’ὃς
573 4384 639 4434 idem
649 4385 680 4433 de
691 4386 761 4434 Orat.
771 4388 797 4441 l,
810 4387 852 4435 st.
864 4385 959 4432 -ttnt,
967 4388 1035 4438 Max.
1044 4410 1078 4427 ⁴-
1088 4392 1140 4439 Cic.

108 4438 324 4530 mustmmp.
335 4466 377 4514 at.
390 4491 425 4503 -
439 4468 545 4531 Appian.
