2594 4980
251 747 304 814 IN
334 747 445 814 LOC.
473 746 566 812 LIB.
596 746 756 815 LXXIV
782 746 992 817 LlVIANI.
1057 746 1158 842 ·695

139 868 241 931 XXII.
255 870 285 931 Is
300 866 405 945 enirn,
417 881 607 952 postquam,
617 865 719 951 Papio
730 865 832 947 victo,
847 869 978 930 Acerras
988 864 1171 930 obsidione

91 969 277 1048 liberasset,
297 966 419 1030 bellum
439 967 648 1047 asculanum,
672 965 763 1054 quod
777 968 884 1031 omitti
910 990 975 1031 non
994 968 1158 1056 placebat,
1255 984 1260 991 ’

92 1068 180 1131 baud
194 1065 295 1131 dubie
307 1082 436 1131 senatus
448 1067 613 1131 voluntate
622 1066 859 1132 administrarit
873 1092 881 1132 ε
898 1092 1072 1157 quousque
1089 1072 1159 1134 Ian*

91 1168 193 1258 guido
202 1192 354 1257 corpore,
365 1192 468 1257 quum
478 1167 616 1233 delicere
629 1193 663 1233 se
675 1169 959 1251 animadverteret,
969 1172 1004 1235 C.
1016 1172 1161 1236 Baebium

91 1294 227 1358 praeesse
243 1272 345 1359 copiis
358 1272 471 1352 jussit,
489 1272 515 1334 si
533 1270 612 1358 quid
629 1272 690 1335 sibi
706 1271 890 1354 accidisset,
906 1270 1160 1337 donecsenatus

91 1373 184 1436 aliter
205 1388 370 1438 statueret.
393 1373 516 1438 Eadem
541 1373 641 1460 igitur
662 1373 787 1454 bieme,
810 1396 914 1461 quum
940 1373 981 1438 ad
1004 1376 1160 1439 Asculum

92 1474 266 1563 Pompeius
284 1476 486 1554 accessisset,
503 1475 614 1562 patriae
632 1475 750 1538 timens
765 1474 958 1555 Judacilius,
974 1476 1161 1538 Italicorum

91 1592 210 1664 praetor
233 1577 318 1663 (erat
342 1577 429 1640 enim
456 1574 532 1639 iude
556 1575 753 1662 oriundus),
772 1599 848 1640 cum
873 1592 949 1639 octo
968 1576 1161 1640 cohortibus

92 1677 212 1740 auxilio
229 1678 367 1742 obsessis
387 1678 604 1766 properabat:
625 1678 748 1741 nuntiis
771 1700 905 1765 quoque
930 1679 1061 1742 secretis
1087 1701 1159 1742 mos

92 1794 222 1859 nuerat,
232 1793 283 1859 ut,
295 1782 528 1867 quanrprimum
539 1779 692 1844 turnultus
700 1779 905 1868 adpraesidia
917 1803 1052 1844 romana
1062 1802 1162 1845 exon·

90 1881 173 1944 daus
186 1895 262 1945 esset
269 1929 279 1961 ‚
295 1883 355 1969 ipsi
365 1903 488 1969 qnoque
501 1880 649 1944 eulaliam
660 1883 851 1972 eruptionem
862 1904 905 1944 ex
917 1879 1160 1966 urbefacerent,

90 1991 127 2045 nt
141 1981 242 2044 hostes
257 1983 390 2070 ancqoiti
397 1983 541 2070 periculo
554 1993 750 2046 terrerentur.

136 2084 258 2147 XXIII.
284 2085 325 2146 At
344 2084 388 2147 illi
411 2105 470 2172 per
488 2084 648 2173 ignaviam
671 2083 867 2170 quieverunt
882 2107 890 2146 ε
907 2104 970 2147 noc
994 2106 1036 2146 eo
1053 2085 1160 2148 secius

89 2184 266 2249 ludacilius
281 2209 340 2274 per
349 2185 475 2250 medios
488 2186 599 2250 hostes
610 2185 644 2249 in
656 2185 815 2274 oppidum
827 2209 903 2250 cum
918 2202 1009 2274 parte
1021 2208 1158 2250 suorum
1181 2199 1184 2205 '

90 2288 278 2373 penetravit.
300 2286 351 2351 lbi
370 2289 483 2353 furens
499 2288 546 2352 ira
562 2304 594 2352 et
613 2287 727 2351 dolore
743 2289 859 2353 acriter
874 2288 1033 2375 corripuit
1053 2291 1158 2353 Ascu-

89 2388 198 2469 lanos,
217 2405 413 2476 vocatosque
436 2390 469 2452 in
492 2390 686 2454 concionem
704 2389 904 2456 severissima
927 2390 1075 2454 oratione
1093 2407 1159 2454 ter·

89 2491 165 2553 ruit.
181 2491 306 2554 «Paulo
320 2508 395 2556 ante
411 2514 539 2556 summa
552 2491 633 2554 mibi
646 2507 799 2556 votorum
813 2507 898 2573 erat,
915 2491 1039 2578 inquit,
1057 2507 1094 2553 ut
1105 2514 1157 2578 pe

88 2623 99 2644 ι
111 2593 243 2655 netratis
253 2592 398 2656 hostium
409 2594 520 2657 castris
529 2640 537 2673 ,
547 2593 649 2656 vitat'o
658 2592 806 2679 periculo
814 2614 925 2679 sospes
934 2615 991 2655 vos
1002 2592 1157 2672 intuerer,

89 2723 99 2743 ι
111 2715 168 2754 vos
184 2715 223 2755 ex
242 2692 306 2756 hoc
327 2694 400 2756 Ioco
418 2693 625 2779 alloquerer:
645 2714 736 2755 nunc
754 2691 865 2754 omnia
883 2707 1017 2779 repente
1036 2708 1159 2756 mutata

89 2809 214 2855 nsunt:
234 2793 363 2856 mallem
383 2794 467 2856 intra
489 2793 609 2856 vallum
632 2812 805 2855 romanum
827 2791 1040 2872 occubuisse,
1059 2815 1157 2878 quam

90 2909 150 2956 «ut
173 2894 257 2957 hanc
280 2910 401 2958 tautam
427 2893 639 2982 ignominiam
663 2891 826 2973 viderem,
851 2914 909 2956 ros
936 2892 1074 2973 intueri,
1097 2894 1158 2957 bos

88 2996 304 3083 «compellare
315 3019 463 3086 cogerer,
480 2995 601 3083 quibus
612 3016 673 3083 pro
685 3015 813 3058 summa
825 3008 930 3057 vestm
947 2993 1093 3074 infamia,
1107 2998 1156 3058 vel

88 3096 191 3183 «quid
210 3098 352 3162 nominis
368 3098 411 3161 sit
424 3096 679 3185 imponendum,
698 3095 818 3159 nescio.

133 3201 253 3263 XXIV.
270 3231 283 3255 ι
295 3200 457 3265 Militesne
469 3199 645 3287 appellem,
659 3197 716 3284 qui
727 3196 875 3285 praetoris
887 3198 1059 3283 imperium
1070 3219 1158 3284 sper-

87 3331 98 3349 «
112 3299 186 3363 nitis
197 3324 206 3380 3
219 3288 286 3364 ‘aut
302 3301 403 3381 cives,
421 3300 478 3387 qui
497 3315 680 3363 vestrorum
697 3299 842 3386 periculo
862 3297 942 3361 nibil
959 3299 1158 3362 movemini?

87 3402 264 3465 «Asculani
284 3425 362 3466 sane
384 3401 563 3482 vocemini,
583 3399 662 3463 dum
688 3400 781 3480 licet;
805 3422 881 3464 mox
902 3400 1008 3479 enirn,
1030 3399 1157 3487 siquid

87 3532 99 3552 ιι
112 3502 293 3587 prospicio,
309 3503 437 3566 nullum
449 3503 483 3565 in
497 3501 637 3583 Piceno,
651 3517 865 3590 praeterquam
880 3502 913 3563 in
926 3501 1045 3581 ruInis,
1060 3503 1157 3566 Ascu-

87 3632 99 3654 ι
111 3602 178 3663 lum
190 3602 260 3665 erit.
273 3602 342 3667 Nec
353 3627 431 3668 vero
440 3602 622 3691 expeditius
631 3603 713 3666 mibi
723 3603 764 3666 sit
774 3603 910 3666 facinori
919 3618 1043 3684 vestre,
1057 3627 1154 3691 quarn

86 3733 98 3754 ι
109 3703 218 3783 vobis,
231 3706 429 3769 conveniens
446 3727 567 3769 nomen
585 3703 731 3769 reddere.
749 3703 901 3768 Errorem
918 3727 1070 3768 excusare
1088 3729 1155 3767 siun

87 3832 99 3855 ι
111 3807 244 3889 potestis
260 3806 437 3872 admoniti:
450 3806 621 3871 dementiae
633 3807 736 3870 lenias
753 3806 869 3869 merito
881 3807 1077 3870 vocabulum
1091 3824 1157 3886 est,

87 3935 100 3958 ι
111 3926 151 3968 ne
169 3923 293 3971 ructum
312 3907 466 3995 quidem,
480 3925 537 3972 aut
553 3906 772 3996 proditionem
790 3907 978 3995 simpliciter
996 3908 1154 3994 appelles,

86 4007 142 4068 «in
161 4030 265 4072 unum
284 4008 441 4073 confluxit
461 4011 639 4074 multorum
658 4025 757 4096 atque
778 4008 979 4072 diversorum
997 4011 1154 4071 scelerum

85 4130 234 4172 «summa
251 4110 432 4198 turpitudo.

129 4210 234 4274 XXV.
248 4243 260 4265 ιι
272 4211 385 4293 Quum
403 4213 544 4293 sciretis,
557 4236 624 4299 quo
641 4229 788 4301 tempore
803 4234 936 4275 romana
952 4210 1154 4273 munimenta

85 4329 325 4402 «perrupturus
335 4313 539 4394 accederem
556 4338 658 4402 quum
673 4315 834 4378 sentirctIs
850 4313 1046 4394 tumultum,
1064 4311 1155 4375 audi·

120 4489 136 4553 3
149 4493 230 4541 XXII.
245 4498 316 4542 Oros.
328 4523 360 4532 --
376 4498 481 4561 Appian.
