2640 5046
200 703 267 769 JO.
289 698 481 767 FREINS.
505 699 639 766 SUPP.
661 697 715 765 IN
731 697 852 764 boe.
872 697 965 764 LIB.
988 699 1088 767 LIV.
1123 719 1192 793 ²¹9

128 835 257 884 senatus
272 841 342 882 esse
357 818 469 882 voluit.
488 819 529 901 Q.
542 817 717 906 Pompeius
734 816 867 897 consul,
880 839 983 904 quum
997 819 1103 908 primo
1118 842 1193 885 rere

128 924 160 984 in
177 921 376 1010 provinciam
392 920 548 1000 venisset,
565 919 742 983 exercitum
761 917 884 1006 accepit
900 941 1019 1007 genece
1037 943 1192 986 numero·

127 1046 192 1110 que
214 1023 347 1086 cuilibet
367 1021 453 1084 bello
476 1041 598 1108 parem.
619 1020 766 1110 Triginta
788 1019 888 1084 millia
909 1019 1058 1108 peditum
1082 1040 1193 1105 erant,

127 1124 276 1211 equitum
294 1121 378 1198 duo,
395 1121 458 1185 sub
474 1121 597 1209 aliquot
612 1121 879 1211 imperatoribus,
896 1135 929 1185 et
945 1121 1119 1186 novissime
1132 1123 1194 1186 sub

128 1223 170 1304 Q.
185 1221 396 1286 Macedonico
408 1223 690 1308 praestantissimo,
704 1219 745 1286 ad
767 1223 877 1286 omnia
899 1243 1065 1287 armorum
1084 1225 1194 1288 munia

127 1321 372 1413 diligentissime
390 1323 560 1386 exercitata
573 1323 738 1402 juventus.
857 1403 860 1410 1

172 1425 214 1487 ll.
237 1424 352 1510 Neque
372 1439 480 1486 umen
501 1421 636 1512 perinde
657 1422 790 1488 fortuna
814 1422 889 1487 belli
911 1445 947 1487 se
963 1419 1064 1487 dedit.
1079 1421 1194 1504 Quum

127 1525 215 1588 enim
237 1523 398 1612 principio
415 1545 531 1612 magna
552 1544 624 1613 spes
642 1525 730 1615 pacis
745 1536 779 1587 et
792 1523 935 1587 victoriae
948 1523 1080 1605 fuisset,
1094 1544 1195 1612 parvo

128 1643 296 1691 momento
311 1648 380 1691 sors
397 1626 506 1690 omnia
524 1626 688 1716 retroagit.
702 1625 822 1690 'leniti
837 1640 929 1690 tanto
945 1625 1021 1690 belli
1038 1639 1194 1713 apparatu

127 1730 274 1810 Arvacci,
289 1728 398 1818 legatis
408 1727 448 1792 ad
459 1729 628 1793 consulem
638 1728 758 1810 missis,
769 1749 822 1792 eas
831 1728 866 1792 in
876 1726 1081 1794 conditiones
1090 1725 1195 1792 tudae

126 1832 388 1917 impetraverant,
406 1845 442 1894 at
458 1845 546 1895 certa
563 1831 614 1895 die
631 1845 796 1920 atramque
811 1831 934 1910 urbem,
951 1829 1174 1894 Temrestinam
1182 1877 1192 1908 ,

125 1932 434 2020 Numantiamque,
457 1934 491 1994 in
497 1929 607 2018 fidem
619 1930 735 2021 populi
749 1934 875 1996 romani
890 1931 1061 1994 dederent:
1076 1929 1195 1993 obsedes

124 2047 293 2112 trecentos,
312 2055 391 2121 sega
409 2054 516 2097 novem
532 2032 632 2098 militia
639 2082 648 2112 ,
666 2037 754 2098 conia
769 2035 832 2097 trz'a
848 2032 950 2099 mallia
957 2082 968 2114 ,
985 2053 1078 2122 eques
1094 2031 1194 2094 bella·

124 2150 205 2199 tores
219 2139 411 2224 octingentos
419 2183 429 2214 ,
447 2156 540 2199 arma
555 2135 662 2198 omneis
678 2136 863 2200 traderent:
878 2135 947 2198 baec
964 2133 1020 2198 tabi
1020 2131 1192 2222 fecissent,

122 2239 201 2300 socii
216 2259 256 2300 ac
271 2240 371 2301 amici
386 2237 582 2301 haberentur.
601 2237 715 2320 Quum
734 2236 802 2301 dies
817 2237 975 2312 venisset,
990 2249 1103 2299 caetera
1119 2233 1193 2321 qui·

123 2337 199 2402 dem
217 2356 367 2428 prompte
385 2339 594 2427 alacriterque
613 2354 691 2404 sunt
706 2338 871 2404 factitata:
888 2338 947 2402 ubi
964 2335 1005 2402 ad
1023 2358 1111 2400 arma
1129 2349 1194 2398 tra·

122 2439 230 2505 denda
255 2458 408 2523 ventum,
434 2442 519 2506 inter
543 2441 694 2505 homines
722 2441 892 2505 bellicosos
918 2439 1017 2504 virilis
1044 2438 1193 2502 fremitus

122 2545 217 2620 oriri,
234 2544 399 2632 animique
413 2565 431 2606 a
445 2543 649 2630 turpitudine
662 2544 814 2631 praesenti
828 2542 869 2606 ad
883 2541 1026 2631 pristina
1038 2539 1193 2616 libertatis
1293 2549 1298 2561 '

122 2644 239 2727 deciis,
257 2644 384 2733 pudore
398 2643 541 2708 accendi.
557 2645 663 2733 lgitur
671 2665 743 2708 sese
752 2660 868 2707 mutuo
884 2642 1090 2732 respicientes
1099 2641 1195 2705 inter·

121 2745 297 2832 rogabant,
311 2736 548 2830 adsuefaeiaorti
558 2745 660 2806 subire
673 2745 738 2806 viri
740 2757 869 2831 possent
872 2791 882 2822 ,
897 2758 1033 2807 retemta
1046 2745 1125 2806 vivis
1138 2742 1192 2805 de·

122 2843 210 2905 mulsi
219 2844 418 2930 patientur?
436 2832 552 2928 neque'
566 2842 710 2905 virorum
735 2843 835 2906 modo
858 2843 893 2906 hi
918 2858 1052 2932 questus
1073 2860 1191 2907 erant:

123 2938 216 3027 pueri
239 2960 373 3026 quoque
390 2961 429 3003 ac
448 2940 600 3004 mulieres
623 2941 800 3030 negabant,
820 2943 881 3007 sebi
891 2967 955 3031 pro
968 2943 1115 3033 patribus
1136 2955 1194 3009 atet

121 3042 243 3104 mantis
250 3038 403 3129 saturos,
422 3042 480 3129 qui
496 3054 621 3105 tantam
641 3042 762 3105 decoras
780 3044 955 3110 adivissem.
978 3044 1093 3133 ltaque
1112 3067 1193 3110 con·

121 3160 220 3206 sensu
244 3142 378 3206 retentis
403 3142 518 3223 armis,
543 3145 644 3206 attam
661 3146 785 3231 potius,
807 3168 903 3234 quam
923 3146 1009 3229 doec,
1029 3146 1192 3211 omissuros

120 3264 199 3323 esse,
215 3242 461 3308 confirmarunt.

165 3345 223 3408 111.
241 3345 379 3427 Consul,
394 3345 445 3409 his
462 3345 616 3436 cognitis,
633 3361 735 3411 castra
749 3347 840 3427 juxta
857 3348 1067 3413 Numantiam
1085 3350 1190 3438 ponit.

121 3447 168 3510 Ea
186 3446 219 3509 in
238 3446 426 3529 obsidione,
441 3469 544 3537 quum
554 3460 619 3536 per
631 3450 810 3515 absentiam
824 3451 984 3534 consulis,
998 3452 1124 3540 equites
1138 3452 1192 3517 in-

121 3561 216 3611 caute
230 3562 485 3615 transcurrentes
501 3552 627 3641 excepti
645 3553 685 3617 ab
701 3553 851 3618 hostibus
867 3570 991 3636 essent,
1008 3555 1040 3617 in
1058 3555 1191 3642 planitie
1286 3538 1287 3544 ἵ

122 3643 262 3732 quadam
291 3645 421 3713 instmit
448 3651 571 3732 aciem,
602 3650 644 3716 de
672 3674 799 3717 summa
826 3677 937 3718 rerum
966 3654 1189 3722 dimicaturus.

124 3745 371 3811 Descenderunt
383 3749 498 3814 eodem
513 3767 546 3815 et
560 3752 774 3817 Numantini:
790 3770 840 3835 at,
855 3776 958 3842 quum
973 3753 1116 3846 iniquior
1129 3781 1192 3846 pu-

123 3867 194 3935 gnae
217 3847 326 3910 futura
347 3848 494 3916 conditio
512 3851 676 3917 videretur
698 3853 794 3940 (nam
819 3853 862 3918 de
883 3855 1024 3922 millibus
1044 3859 1189 3923 virorum

76 3947 82 3959 “
123 3947 254 4030 decem,
275 3966 363 4038 quot
389 3951 483 4017 initio
512 3953 586 4018 belli
613 3954 792 4019 Numantia
820 3974 1015 4042 armaverat,
1039 3982 1190 4050 magnam

124 4065 249 4136 partem
274 4063 324 4113 tot
345 4053 519 4117 certamina
537 4055 817 4145 absumpserant),
840 4060 994 4146 paulatim
1016 4082 1051 4124 se
1068 4058 1193 4124 subdu·

124 4167 251 4233 centes,
267 4152 337 4216 sine
351 4152 547 4219 detrimento
564 4157 648 4220 intra
664 4157 867 4224 munimenta
880 4160 1079 4250 refugerunt.
1093 4162 1192 4226 Pom·

125 4252 234 4338 peius,
251 4253 440 4319 difficultate
456 4256 604 4321 locorum
620 4275 652 4323 et
670 4259 866 4348 quotidianis
883 4264 1124 4329 velitationibus
1146 4264 1192 4330 fa-

159 4438 175 4500 s
189 4443 209 4488 1.
220 4441 327 4504 Appias.
342 4442 413 4508 Hisp.
425 4469 458 4480 -
469 4441 485 4507 3
497 4444 529 4494 11.
544 4442 648 4495 Diodor.
659 4445 724 4513 apud
736 4446 804 4499 l'ulv.
816 4449 872 4498 Urs.
885 4477 919 4487 -
933 4449 996 4498 ator.
1008 4450 1047 4508 11,
1060 4453 1099 4500 18.
