2594 4980
298 720 356 788 IN
383 718 495 787 LOC.
520 717 612 786 LIB.
640 718 781 787 XLVII
809 720 1023 792 LIVIANI.
1131 721 1177 810 45

103 838 237 906 named
248 840 374 905 Hieran
387 842 510 904 Comen
523 840 633 903 Dianae
645 841 792 928 spoliarit
805 843 915 904 lanum
929 866 936 906 :
952 845 1107 931 Apollinis
1120 870 1179 910 au·

112 957 172 1007 tem
184 944 294 1032 Cynei
311 941 432 1022 aedem,
449 965 520 1028 quae
536 942 570 1003 in
584 943 709 1005 Temno
723 942 801 1023 luit,
817 965 883 1005 non
901 945 1047 1029 spoliarit
1062 948 1177 1032 modo,

111 1068 221 1110 terum
242 1045 342 1109 etiam
359 1042 510 1107 incendio
528 1044 740 1129 consumpsit.
761 1044 867 1129 Atque
884 1044 949 1106 buc
965 1043 1081 1110 deinde
1097 1050 1179 1112 rela-

112 1162 177 1210 tum
194 1162 261 1226 est,
277 1143 370 1232 quod
387 1160 420 1208 et
435 1142 598 1230 pedestres
616 1144 717 1230 copiae
733 1142 895 1230 profluvio
913 1145 973 1206 alvi
991 1147 1179 1238 pleramque

110 1262 231 1336 partem
257 1247 470 1325 interierunt,
489 1260 521 1308 et
544 1245 650 1307 classis
674 1259 797 1331 partem
822 1245 929 1308 subita
953 1262 1122 1334 tempestas
1144 1251 1179 1314 in

111 1345 313 1435 Propontide
328 1369 403 1409 cum
421 1346 497 1435 ipsis
515 1344 703 1408 hominibus
718 1346 845 1425 mersit,
860 1345 954 1408 aliam
964 1391 973 1426 ,
985 1348 1018 1408 in
1035 1346 1104 1411 loca
1117 1351 1177 1414 im·

109 1463 265 1536 portuosa
275 1447 476 1536 compulsam
485 1446 617 1527 ,tabulis
627 1447 898 1532 armamentisque
911 1449 1100 1530 confractis,
1110 1450 1179 1515 red·

111 1546 190 1612 didit
201 1547 364 1612 inutilem.
377 1548 453 1610 Haec
470 1547 527 1610 ubi
544 1548 652 1610 Patres
667 1563 878 1638 acceperunt,
895 1548 938 1610 ob
951 1549 1128 1615 absurdum
1145 1568 1178 1616 et

110 1649 264 1714 infestum
275 1650 397 1714 Prusiae
411 1649 534 1712 lacinus
546 1649 592 1711 ira
603 1649 745 1729 accensi,
759 1651 916 1711 continuo
930 1651 1051 1740 legatos
1064 1651 1176 1718 decem

111 1747 299 1830 decrevere,
320 1749 377 1837 qui
397 1748 490 1812 finire
511 1749 647 1830 bellum,
672 1765 704 1812 et
722 1747 830 1813 Attalo
853 1772 913 1837 pro
934 1751 1028 1816 illatis
1051 1754 1200 1834 injuriis·

112 1853 290 1917 satisfacere
309 1874 384 1915 eum
403 1869 567 1943 cogerent.

153 1953 290 2020 XXXV.
310 1954 349 2017 ln
367 1954 417 2017 his
437 1957 475 2018 L.
493 1956 641 2035 Anicius,
661 1969 694 2016 et
712 1955 749 2018 C.
767 1954 927 2034 Fannius,
948 1955 1036 2036 etQ.
1056 1957 1175 2022 Fabius

112 2055 270 2121 Maximus
287 2041 432 2119 fuerunt.
450 2057 609 2120 Censores
626 2055 690 2120 hoc
706 2078 793 2118 anno
811 2056 908 2119 creati
925 2072 1003 2120 sunt
1021 2057 1065 2120 Μ.
1079 2059 1174 2122 Vale·

113 2158 175 2221 rius
190 2155 237 2222 M.
255 2158 293 2221 F.
311 2157 356 2221 M.
374 2157 414 2221 N.
432 2157 583 2239 Messala,
601 2160 637 2221 C.
649 2159 777 2222 Cassius
791 2159 828 2221 C.
841 2159 875 2221 F.
889 2159 975 2222 CN.
993 2160 1174 2247 Longinus,

113 2280 251 2345 quorum
271 2256 417 2321 Valerius
439 2259 506 2347 ipse
526 2258 700 2346 aliquando
724 2259 868 2322 censoria
886 2274 963 2323 nota
986 2262 1176 2346 perstrictus

112 2360 222 2424 fuerat.
241 2360 348 2447 Atque
363 2375 400 2422 ut
416 2358 469 2423 hic
486 2361 626 2448 priorem
649 2361 860 2448 ignominiam
880 2361 972 2423 novis
993 2360 1174 2425 honoribus

114 2459 245 2526 delevit:
260 2462 304 2548 ita
318 2462 353 2525 L.
370 2464 465 2524 Cotta
477 2462 628 2525 tribunus
639 2462 742 2549 plebis
761 2463 966 2550 magistratus
980 2465 1174 2527 sacrosancti

114 2560 298 2652 dignitatem
314 2563 370 2625 vili
383 2563 492 2625 animo
504 2561 654 2649 factoque
668 2562 804 2650 polluit3
819 2586 860 2627 ne
878 2564 1092 2627 creditoribus
1105 2566 1172 2630 suis

114 2665 319 2745 satisfaceret,
340 2665 523 2728 tribunatus
543 2665 785 2752 praescriptione
803 2666 941 2753 turpiter
958 2666 1089 2730 abusus.
1109 2666 1172 2731 Sed

114 2785 174 2828 non
188 2788 282 2829 mens
295 2763 407 2828 eadem
421 2766 546 2852 reliquo
560 2765 695 2853 collegio
709 2766 790 2827 fuit:
804 2765 1081 2854 decreveruntque
1096 2790 1174 2832 con·

114 2886 223 2946 seusu,
243 2867 278 2929 ni
294 2867 329 2930 L.
347 2866 438 2931 Cotta
454 2890 496 2929 ees
509 2867 648 2929 alienum
667 2867 852 2944 dissolveret,
867 2882 923 2929 aut
939 2891 1097 2954 sponsores
1110 2870 1172 2932 cla·

113 2981 162 3046 ret,
174 2967 406 3056 appellantibus
416 2991 447 3031 se
459 2968 661 3031 creditoribus
677 2967 952 3053 auxt'lr'osuturos.
973 2970 1048 3031 llaec
1061 2972 1172 3033 Romae

114 3085 204 3156 gesto.
228 3071 388 3133 Caeterum
413 3070 445 3132 in
466 3069 619 3155 Hispania
640 3090 690 3129 res
713 3089 827 3153 parum
849 3090 1010 3155 prosperae
1029 3069 1171 3134 luerunt.

114 3168 301 3257 Calpurnius
314 3169 388 3232 Piso
400 3184 527 3256 praetor,
543 3192 560 3231 a
572 3169 733 3231 Lusitanis
751 3166 833 3231 duce
845 3168 966 3256 punico
982 3170 1099 3246 victus,
1114 3172 1172 3235 ali-

116 3282 189 3354 quot
197 3271 297 3333 millia
309 3270 449 3332 militum
467 3293 541 3331 cum
555 3269 708 3332 Terentio
720 3268 864 3332 Varrone
879 3285 1037 3355 quaestore
1053 3272 1169 3337 amisit.

115 3366 218 3436 Victor
233 3373 375 3459 punicus
389 3370 430 3433 ad
449 3371 621 3434 Oceanum·
632 3392 735 3456 usque
752 3371 915 3457 promovit
934 3373 1043 3458 sigua,
1061 3376 1171 3436 conci·

117 3471 244 3557 latisque
262 3471 296 3533 in
319 3493 407 3534 arma
426 3471 640 3546 Vettonibus,
661 3493 774 3558 agrum
798 3473 1090 3560 blastoplroenicum
1109 3475 1172 3560 (sic

118 3570 269 3655 appellant
284 3571 472 3658 progeniem
489 3594 528 3634 ex
544 3571 648 3633 Africa
661 3594 719 3657 per
736 3572 948 3635 Hannibalem
965 3571 1171 3636 transducto-

117 3671 191 3758 mm)
208 3672 302 3735 omni
321 3671 411 3735 clade
426 3672 499 3735 belli
516 3673 666 3752 vastavit,
683 3669 772 3758 quod
790 3673 812 3735 ii
829 3672 925 3735 fidem
942 3673 1096 3736 Rouranis
1114 3673 1172 3737 da-

118 3783 172 3835 lem
189 3789 379 3838 constanter
398 3774 581 3838 tuebantur.

151 3874 303 3939 xxxvl.
323 3875 496 3939 Successus
519 3877 578 3938 iste
596 3875 707 3938 multis
724 3890 756 3937 et
778 3875 845 3936 aliis
867 3874 1026 3961 Hispaniae
1042 3876 1172 3961 populis

116 3974 228 4040 mimos
238 3975 281 4041 ad
291 3975 515 4040 rebellandum
527 3975 740 4063 lecitUndc,
755 3976 829 4062 quia
840 3976 975 4054 majores
987 3978 1053 4055 jam
1063 3991 1172 4040 motus

145 4218 291 4283 mxu.
303 4219 393 4284 ruys.
404 4220 470 4286 apuu
482 4220 567 4285 steph.
578 4221 604 4267 rn
618 4203 704 4270 bate.
714 4245 750 4256 -
761 4218 839 4266 suu.
848 4218 865 4264 t.
875 4218 948 4265 xur.
961 4243 996 4252 -
1009 4216 1097 4280 rorye.
1106 4218 1172 4281 apuu

118 4293 185 4352 thes.
202 4332 237 4340 -
254 4304 333 4353 Diod.
349 4331 384 4341 -
399 4305 487 4370 Polyb.
497 4307 611 4369 Excerpt.
623 4307 704 4368 Legat.
716 4303 772 4350 133.
787 4300 849 4364 —S
866 4301 973 4348 xm.
988 4300 1052 4351 Fasti
1065 4293 1171 4363 Capitol.

118 4387 229 4437 *tuse
239 4390 345 4438 Maxim.
359 4391 400 4449 11,
413 4405 445 4451 9,
459 4391 543 4446 etvt,
558 4390 581 4438 t.
599 4414 636 4425 -
649 4387 701 4435 Liv.
716 4385 781 4450 Epit.
795 4412 830 4421 -
844 4382 894 4430 Jul.
907 4382 998 4444 Obscq.
1013 4409 1047 4420 -
1062 4384 1170 4448 Appiae.
1217 4451 1221 4460 ι

119 4461 212 4534 Hispan.
