2594 4980
137 741 208 837 296
305 742 371 808 ao.
399 739 739 809 rnernsnunn
769 690 1016 808 surenam

136 862 346 926 calamitatem
373 883 569 947 pauperum,
590 859 795 946 dedecusque
820 860 1019 947 reipublicae,
1047 858 1198 946 ipseper

122 969 123 972 ’
136 962 297 1026 Etruriam
313 962 470 1024 transiens
482 960 616 1042 viderat,
633 984 700 1048 quo
711 976 856 1048 ternpore
867 960 908 1023 ad
925 961 1044 1023 bellum
1063 954 1200 1022 numati-

137 1062 242 1129 tinum
267 1079 333 1125 erat
354 1064 516 1148 profectus
535 1085 542 1124 :
563 1084 669 1150 neque
692 1061 856 1124 desinebat
881 1061 1019 1148 populus
1046 1049 1199 1124 omnibus

139 1185 213 1226 euru
228 1163 333 1226 modis
344 1164 523 1251 impellere,
536 1163 718 1250 passimque
727 1163 760 1224 in
770 1161 948 1250 porticibus
959 1162 1200 1249 parietibusque

107 1309 113 1320 ι
139 1284 171 1331 et
186 1270 406 1331 monumentis
422 1270 537 1356 scripta
557 1268 838 1356 proponebantur,
856 1267 975 1354 quibus
992 1267 1042 1331 Ti.
1062 1267 1199 1331 Gracchi

137 1369 342 1448 tribunatus,
358 1371 453 1432 unica
471 1393 542 1456 spes
567 1378 693 1458 ereptos
716 1370 776 1432 sibi
793 1391 885 1456 agros
904 1370 1134 1456 repetentium,
1147 1370 1199 1432 in·

138 1470 324 1533 vocabatur.
343 1471 399 1532 Hae
419 1486 482 1533 tarn
506 1471 599 1534 variae
618 1486 732 1534 ettam
751 1469 892 1534 efficaces
910 1471 1064 1534 machinae
1082 1471 1130 1533 vel
1149 1492 1199 1534 se·

139 1571 213 1636 nilis
232 1572 331 1634 animi
350 1571 564 1634 maturitatem
583 1593 767 1660 expugnare
788 1571 968 1658 potuissent
991 1593 1083 1658 :quo
1101 1565 1201 1659 magis

138 1673 258 1736 mirum
281 1674 358 1751 fuit,
379 1673 418 1734 ab
435 1673 591 1735 acerrimo
604 1672 777 1751 juvenum,
796 1672 827 1733 in
848 1694 882 1734 re
904 1686 1011 1751 tanta,
1030 1672 1111 1733 nihil
1132 1671 1201 1734 sine

140 1795 258 1862 magno
273 1774 407 1836 consilio
426 1795 616 1859 summaque
631 1773 850 1837 moderatione
869 1789 995 1861 gestum
1008 1772 1126 1854 luisse,
1142 1771 1202 1836 do·

139 1896 202 1937 nec
223 1874 476 1938 adversariorum
498 1875 668 1962 iniquitate
686 1891 718 1938 et
737 1874 940 1938 contumacia
961 1873 1116 1954 irritatus,
1132 1874 1202 1961 ipse

143 1995 275 2060 quoque
293 1975 333 2037 ad
354 1975 484 2037 duriora
505 1975 642 2039 deflexit.

185 2080 241 2141 Xl.
260 2081 345 2142 Tam
364 2103 441 2143 vero
460 2079 567 2143 adhuc
583 2103 650 2143 non
667 2102 726 2143 suo
742 2081 810 2168 ipse
820 2080 977 2144 arbitratu
993 2078 1141 2167 concepit
1154 2077 1202 2142 le·

141 2203 232 2270 gem,
256 2181 312 2244 sed
340 2180 380 2243 de
404 2182 559 2243 sententia
582 2181 766 2268 principum
789 2182 942 2262 civitatis,
969 2181 1024 2269 qui
1049 2179 1204 2267 sapientia

143 2297 175 2344 et
191 2304 301 2343 amore
316 2281 450 2367 publicae
467 2281 512 2342 rei
529 2281 682 2344 excellere
698 2280 922 2354 credebantur,
940 2303 1079 2368 quorum
1097 2280 1132 2343 P.
1150 2280 1203 2342 Li·

144 2385 248 2447 cinius
263 2386 395 2446 Crassus
412 2384 472 2445 fuit
487 2382 632 2468 pontifex
647 2383 824 2457 maximus,
841 2398 910 2445 tum
928 2382 964 2445 P.
982 2381 1110 2445 Mucius
1120 2381 1204 2444 Scae·

143 2486 229 2570 vola,
246 2508 311 2571 quo
329 2506 425 2546 nemo
438 2483 518 2563 juris
536 2481 656 2569 publici
672 2482 852 2570 privatique
866 2482 999 2570 peritior
1015 2480 1204 2562 habebatur,

143 2603 213 2650 tum
233 2586 369 2649 maxime
387 2584 522 2663 consul,
539 2599 571 2647 et
587 2585 670 2669 App.
690 2583 861 2664 Claudius,
877 2585 969 2664 cujus
993 2580 1088 2645 filiam
1107 2581 1206 2644 Tibe·

144 2689 212 2751 rius
232 2688 263 2749 in
277 2687 481 2749 matrimonio
498 2685 653 2749 habebat.¹
666 2685 794 2766 Quanta
808 2684 906 2772 igitur
924 2684 957 2745 in
974 2697 1039 2745 tam
1058 2683 1144 2771 gravi
1157 2681 1207 2745 in-

142 2786 225 2867 juria
248 2788 356 2850 locum
380 2788 497 2851 habere
523 2787 637 2849 lenitas
657 2801 797 2873 poterat,
821 2783 962 2849 adhibita
990 2800 1038 2847 est
1065 2806 1072 2847 :
1099 2805 1207 2870 neque

143 2888 243 2952 modo
262 2912 362 2977 poenae
380 2890 487 2977 legum
507 2888 667 2968 remissae,
687 2886 744 2952 sed
764 2889 850 2951 ultro
869 2886 1036 2974 praemium
1059 2885 1205 2948 oblatum

143 2989 400 3079 possessoribus,
423 3013 490 3076 qno
516 2989 657 3076 aequiore
679 2990 789 3054 animo
811 3004 933 3076 partem
956 2986 1050 3049 alieni
1075 2987 1142 3076 agri
1164 2985 1206 3050 ad
1284 3024 1287 3028 ·

143 3093 293 3173 justiores
312 3090 462 3154 dominos
479 3090 583 3154 redire
597 3100 794 3178 paterentur.

188 3196 264 3257 Xll.
282 3194 500 3277 «Quanquam
519 3193 604 3254 enirn
623 3192 710 3254 baud
724 3191 831 3254 dubiae
845 3191 1001 3278 requitatis
1014 3206 1115 3271 esset,
1134 3211 1209 3277 qum

146 3325 159 3348 a
170 3294 308 3380 quisque
327 3308 437 3354 eontra
459 3308 599 3353 mentem
617 3292 694 3380 legis
708 3291 836 3355 Liciniae
855 3292 1061 3377 possedisset,
1077 3313 1113 3355 ea
1129 3279 1206 3355 cum

147 3393 327 3455 «fructibus
344 3408 376 3454 et
390 3393 478 3454 omni
496 3414 590 3453 causa
608 3392 752 3471 restitui,
766 3408 874 3457 tamen
891 3392 966 3455 dare
979 3415 1012 3455 se
1026 3390 1211 3455 concordiae

149 3493 305 3556 «civitatis
321 3491 442 3564 aiebat,
463 3507 499 3552 ut
510 3492 594 3554 inter
605 3491 657 3569 jus
672 3493 783 3581 populi
796 3509 828 3555 et
844 3493 1113 3557 consuetudinem
1130 3514 1207 3580 pos·

148 3593 321 3656 «sessionis
346 3592 448 3654 media
471 3592 519 3655 via
545 3591 726 3677 decidatur,
746 3617 804 3681 per
823 3617 920 3681 quarn
944 3617 1005 3658 nec
1024 3593 1208 3657 adimantur

147 3695 277 3756 «omnia
305 3694 534 3781 locupletibus,
558 3717 617 3757 nec
642 3697 751 3759 omnia
777 3697 1011 3783 relinquantur.
1036 3698 1148 3782 ltaque
1172 3717 1207 3759 se

149 3794 273 3882 «legem
294 3793 452 3875 laturum,
474 3818 536 3881 qua
559 3796 699 3882 populus
723 3819 842 3886 egenus
865 3819 957 3886 agros
980 3810 1205 3884 recuperaret:

150 3919 387 3985 «possessores,
402 3900 457 3983 qui
479 3898 558 3960 filios
577 3898 610 3959 in
627 3915 783 3984 potestate
800 3898 971 3978 baberent,
989 3920 1085 3985 snpra
1103 3897 1208 3984 legiti-

149 4030 161 4053 «
173 4022 263 4061 mum
280 3998 428 4078 modurn,
446 3999 569 4071 ducena
586 4000 812 4088 quinquagena
822 4001 932 4089 jugera
945 4000 979 4061 in
994 3999 1138 4086 singulos
1153 4020 1207 4060 re·

148 4101 312 4162 «tinerent
330 4099 394 4161 :ad
412 4099 478 4161 baec
497 4100 748 4164 administranda
765 4102 948 4164 triumviros
962 4121 1088 4163 annuos
1107 4100 1208 4163 creari

148 4201 309 4287 «placere,
324 4201 381 4286 qui
395 4216 547 4288 praeterea
561 4201 867 4283 animadverterent,
880 4224 921 4265 ne
935 4201 1008 4288 quis
1022 4201 1207 4290 portionem

175 4399 192 4465 5
205 4403 238 4447 x,
250 4402 302 4448 Cic,
315 4401 341 4448 in
355 4403 445 4461 bruto,
459 4419 512 4467 cap.
526 4418 568 4465 ²7.
581 4429 616 4441 -·
629 4366 749 4452 etiamn
764 4401 824 4468 -5
837 4404 895 4451 xn.
909 4403 961 4451 Liv.
975 4404 1040 4468 apte.
1050 4430 1085 4440 -
1096 4401 1205 4473 Appiam.

144 4485 215 4534 Civil.
229 4484 272 4536 lib.
286 4486 306 4531 Ι.
