2594 4980
156 741 224 813 318
330 744 395 810 JO.
422 739 760 809 FREINSHEMII
788 741 1029 811 SUPPLEM.

154 887 221 952 quo
237 885 324 926 arma
340 877 462 924 certum
479 862 509 922 in
531 861 637 923 locum
654 877 868 949 comportare,
882 862 942 949 ipsi
957 863 1111 952 postridie
1127 886 1207 929 oon·

153 968 280 1046 venire,
297 963 352 1025 ubi
371 980 452 1025 essct
471 964 678 1049 imperatum,
691 963 789 1043 jussi,
805 966 972 1053 prorogari
994 966 1079 1029 diem
1100 969 1204 1055 petie·

152 1084 246 1147 runt,
260 1069 343 1131 intra
359 1086 470 1150 quam,
494 1064 549 1150 qui
565 1063 749 1151 superstites
765 1085 833 1126 esse
845 1064 982 1128 libertati
998 1067 1140 1149 nollent,
1154 1090 1206 1131 ar·

152 1171 250 1235 bitrio
270 1191 328 1230 suo
348 1182 559 1230 morerentur.
909 1158 919 1175 ⁶

195 1274 233 1335 V.
244 1272 357 1356 Neque
366 1270 450 1331 enim
461 1268 546 1329 idem
563 1267 675 1330 mortis
685 1288 786 1357 genus
801 1289 913 1331 omnes
928 1271 1206 1356 optaverunt:sed

142 1389 255 1452 erant,
269 1372 342 1458 qui,
355 1368 489 1456 praelixis
506 1369 622 1431 aedium
637 1392 768 1433 suarum
785 1370 925 1450 loribus,
944 1374 1042 1454 l'ame,
1058 1395 1120 1459 qua
1139 1396 1204 1437 οω-

150 1491 280 1564 perant,
299 1473 381 1535 mori
400 1473 539 1534 mallent.
564 1471 782 1560 Rhetogenes,
805 1471 846 1534 de
863 1472 955 1553 cujus
974 1473 1092 1536 virtute
1107 1497 1204 1563 supra

151 1574 421 1653 diximus,vicum
442 1595 535 1634 suum
547 1620 555 1651 ,
566 1573 621 1657 qui
634 1588 701 1635 erat
713 1588 779 1636 tota
792 1573 873 1637 urbe
889 1573 1144 1662 pulcherrimus,
1157 1577 1204 1639 in·

150 1678 272 1758 cendit,
289 1674 457 1764 gladioque
483 1674 514 1734 in
536 1672 643 1736 medio
668 1673 771 1761 posito
793 1672 946 1737 dimicare
965 1674 1060 1753 jussit
1084 1676 1201 1741 binos:

147 1781 266 1857 victus,
276 1778 374 1840 incisa
383 1776 519 1855 cervice,
536 1774 766 1853 conjiciebatur
779 1775 812 1837 in
822 1774 982 1839 flammam
995 1777 1059 1839 :sic
1070 1777 1203 1841 absum·

149 1883 212 1969 ptis
234 1880 407 1957 omnibus,
432 1878 499 1962 ipse
518 1892 698 1963 postremus
723 1877 808 1940 ultro
828 1900 862 1940 se
886 1878 1017 1941 immisit
1040 1879 1202 1945 incendio.

149 1981 288 2045 Biduum
313 1978 519 2069 percuntibus
536 1976 647 2041 datum
664 1978 781 2041 :tertio
799 1976 851 2041 die
876 1995 1098 2043 convenerunt
1120 2002 1202 2068 prte-
1262 1980 1268 1991 '

149 2080 236 2144 dicto
253 2082 341 2159 loco,
360 2080 414 2166 qui
432 2094 636 2164 supererant,
650 2077 770 2142 foedum
786 2080 1019 2167 spectaculum,
1032 2082 1201 2163 monstris,

148 2207 245 2270 quam
259 2182 460 2260 hominibus,
475 2180 641 2243 similiores
657 2180 784 2260 formae,
798 2182 889 2262 tetri,
905 2181 1047 2262 horridi,
1059 2184 1201 2265 olentes,

150 2285 269 2372 quippe
286 2283 340 2369 qui
356 2306 372 2344 a
390 2282 488 2368 longo
502 2297 646 2368 tempore
658 2281 801 2368 corporis
817 2284 907 2346 omni
919 2285 1009 2347 cultu
1021 2301 1199 2349 caruerant.

149 2385 339 2470 Saevumque
354 2399 385 2445 et
403 2382 555 2444 horribile
571 2382 790 2463 intuebantur,
810 2386 933 2449 animos
948 2387 1011 2466 ira,
1025 2388 1199 2473 malisque,

149 2504 182 2550 et
196 2487 362 2549 inhumani
378 2484 518 2547 alimenti
533 2483 729 2547 conscientia
738 2484 887 2549 efferatos
900 2487 972 2574 ipso
985 2503 1114 2574 aspectu
1125 2510 1201 2575 pro·

148 2589 254 2652 dente.

193 2692 245 2751 Vl.
262 2687 501 2773 Quinquaginta
518 2700 593 2747 suut
604 2684 734 2766 delecti,
751 2687 836 2749 utin
857 2686 1023 2773 triumpho
1039 2686 1198 2752 duceren-

147 2808 200 2855 tur
212 2815 220 2870 3
234 2791 336 2852 caeteri
354 2789 414 2850 sub
431 2808 550 2849 corona
566 2785 707 2851 venditi:
726 2788 804 2851 urbs
820 2788 1020 2874 imperatoris
1033 2788 1125 2866 jussu
1141 2787 1200 2853 de-

145 2894 216 2956 leta.
243 2893 317 2953 llaec
346 2889 565 2967 tradentibus,
593 2887 682 2974 quod
710 2888 861 2951 similiora
888 2910 965 2975 vero
991 2886 1198 2968 videbantur,

146 2992 342 3055 credendum
356 2990 529 3052 existimavi
544 2989 636 3052 :licct
647 2990 795 3053 nonnulli
809 2990 993 3076 scriptores,
1008 2989 1126 3075 quibus
1136 2988 1199 3052 his·

145 3093 305 3181 paniensis
322 3092 412 3178 origo
429 3105 490 3163 est,
509 3111 576 3150 rem
594 3111 651 3176 per
668 3111 702 3152 se
717 3105 857 3152 atrocem
874 3090 974 3178 magis
991 3091 1085 3153 etiam
1102 3113 1199 3178 exag-

144 3192 300 3283 gerando,
322 3206 455 3277 negent,
479 3212 578 3251 unrrm
604 3190 708 3251 virum
725 3191 952 3253 numantinum
974 3191 1138 3255 devenisse
1161 3192 1196 3253 in

142 3310 331 3382 potestatem
348 3291 476 3353 victoris
488 3314 495 3352 :
507 3290 582 3368 sed,
596 3290 747 3353 omnibus
756 3292 934 3354 voluntaria
943 3315 1034 3356 more
1043 3315 1197 3356 cousum-

143 3397 222 3482 ptis,
233 3393 313 3455 urbe
329 3391 368 3453 ab
383 3392 457 3476 ipsis
475 3392 619 3468 incensa,
638 3412 744 3476 neque
761 3389 835 3453 duci
850 3393 882 3453 in
898 3393 1117 3479 triumphum,
1137 3415 1195 3456 ne·

142 3519 205 3581 que
224 3495 297 3557 l'crri
322 3492 496 3579 quidquam
525 3490 676 3577 potuisse.
698 3494 854 3554 Caeternm
880 3493 936 3555 ubi
966 3496 1101 3557 Romam
1127 3494 1196 3559 haec

141 3598 273 3659 victoria
295 3594 438 3656 nuntiata
457 3610 521 3671 est,
538 3592 689 3671 decretis,
706 3616 777 3679 quae
794 3595 942 3658 secundis
958 3596 1054 3658 rebus
1070 3596 1194 3676 solent,

140 3699 235 3761 etiam
255 3696 346 3785 legati
364 3695 472 3757 decern
490 3692 580 3773 lecti,
604 3715 743 3779 quorum
758 3693 797 3756 de
811 3697 968 3759 sententia
985 3695 1020 3759 P.
1037 3694 1143 3782 Scipio
1161 3710 1195 3757 et

143 3801 181 3863 D.
200 3802 333 3877 Brutus,
352 3798 403 3859 bic
422 3796 605 3858 ulteriorem
627 3795 827 3881 Hispaniam,
847 3795 897 3858 illc
920 3796 1120 3874 citeriorem,
1137 3816 1193 3856 or-

141 3902 297 3964 dinarent.
379 3926 382 3931 ¹

183 4003 255 4064 Vll.
266 4001 313 4061 Eo
325 4015 466 4084 tempore
478 4047 486 4076 ,
499 4020 600 4083 quum
611 3997 813 4060 Celtiberiam
824 3998 937 4061 obiens
945 3997 1067 4084 Scipio,
1083 4018 1194 4083 quem·

138 4103 211 4166 dam
234 4125 272 4165 ex
294 4100 491 4187 principibus
516 4101 662 4163 'l'iresum
688 4099 818 4162 nomine
847 4100 1087 4187 interrogasset,
1120 4101 1190 4185 qui·
1256 4080 1261 4093 ⁵

172 4339 187 4401 §
200 4341 243 4384 IV.
258 4342 357 4385 Petron.
373 4363 407 4372 -
422 4336 485 4381 Flor.
504 4363 537 4370 --
555 4335 660 4400 Appian.
676 4363 710 4371 -
725 4336 784 4400 SV.
808 4340 889 4385 Front.
905 4338 976 4384 Strrt.
990 4337 1033 4389 lv,
1050 4336 1073 4382 5.
1089 4310 1189 4383 -m

140 4422 239 4468 Maxim.
251 4425 304 4477 111,
317 4438 339 4467 2.
356 4448 389 4456 --
405 4420 509 4481 Appiam
526 4446 559 4453 -
576 4417 646 4479 §Vb
668 4419 720 4465 Lir.
741 4421 803 4482 Epit.
817 4447 849 4457 -
865 4421 928 4467 Flor.
942 4448 976 4457 -
989 4422 1061 4467 Oros.
1071 4421 1102 4477 V,
1117 4422 1141 4468 8.
1154 4447 1189 4457 -

141 4504 234 4566 Appian
