2640 5046
314 692 366 759 ut
397 691 514 799 noo.
538 689 630 757 Lm.
656 688 754 756 L111
784 690 998 760 mvmur.
1125 715 1193 787 217

131 813 379 892 audacissimus,
396 825 462 873 tam
477 809 539 873 leri
555 830 649 896 poena
665 806 906 895 defungeretur.
924 810 1036 896 ltaque
1053 812 1196 878 revocari

131 917 171 979 ab
185 914 296 978 exsilio
313 911 355 976 ad
370 933 497 975 causam
514 908 684 973 dicendam
696 907 828 997 placuit.
842 907 906 972 Sed
919 909 985 989 ille,
999 911 1055 1001 qui
1069 913 1194 976 nullum

129 1019 227 1082 alium
244 1030 397 1081 eventum
410 1034 537 1102 sperare
553 1026 696 1099 poterat,
710 1031 809 1096 quam
822 1023 860 1073 ut
875 1010 909 1072 in
926 1033 1051 1076 carcere
1066 1036 1195 1078 necare·

131 1136 199 1201 tur,
213 1139 340 1181 veneno
356 1129 453 1202 epoto
469 1135 583 1178 necem
599 1111 792 1201 properarit.

174 1218 329 1283 XXXIX.
346 1216 414 1279 Sub
432 1215 501 1279 haec
518 1230 684 1303 tempora,
697 1235 739 1277 ne
754 1213 984 1279 tantummodo
1003 1216 1100 1280 armis
1113 1238 1196 1304 prae·

130 1337 214 1385 stare
225 1335 354 1383 caeteras
365 1331 476 1405 gentes
487 1315 626 1379 Romani
639 1314 866 1392 crederentur,
877 1316 1010 1405 ingenio
1023 1315 1196 1400 tardiores,

129 1444 232 1508 quum
248 1421 307 1483 alia
329 1442 363 1482 se
380 1417 488 1481 studia
507 1438 653 1498 erexere,
671 1432 742 1480 tum
759 1416 855 1480 etiam
872 1416 1007 1482 historia
1027 1416 1124 1482 scribi
1142 1441 1196 1483 ac·

129 1520 272 1584 curatius
288 1518 385 1606 coepit
400 1540 408 1582 :
426 1519 584 1581 hactenus
598 1516 685 1581 enirn
699 1517 757 1604 qui
773 1517 803 1581 ei
819 1516 1030 1582 admoverant
1045 1542 1195 1602 manum,
1213 1576 1215 1581 .

130 1621 270 1684 breviter
290 1619 475 1708 exposuisse
495 1639 546 1681 res
567 1616 730 1695 contenti,
754 1617 924 1682 annalibus
942 1617 1096 1684 similiora
1116 1621 1197 1684 scri·

128 1739 268 1812 pserant.
291 1722 407 1808 Neque
430 1735 538 1783 tamen
561 1718 668 1783 adhuc
691 1718 783 1783 latini
806 1719 965 1783 sermonis
991 1742 1028 1783 ea
1050 1721 1143 1809 copia
1163 1738 1196 1786 et

128 1839 277 1888 venustas
294 1845 362 1897 esse
379 1821 570 1910 putabatur,
590 1835 628 1884 ut
643 1819 803 1899 ejusmodi
819 1820 973 1908 operibus
992 1819 1147 1911 dignitate
1162 1840 1195 1887 et

131 1926 230 2015 gratia
243 1922 451 2013 responderet
465 1946 472 1986 :
488 1921 649 2009 multique
660 1945 711 1987 res
724 1946 873 1986 romanas
883 1923 1071 1987 Graecorum
1083 1925 1193 2014 lingua

127 2025 348 2105 tradiderunt,
364 2024 404 2087 ab
416 2023 477 2087 illis
489 2023 703 2105 majestatem,
719 2025 760 2089 ab
776 2024 838 2088 hac
853 2023 1004 2090 decorem
1019 2026 1120 2116 magis
1133 2050 1192 2115 pe·

127 2127 265 2190 tendum
288 2125 452 2189 arbitrati:
474 2147 556 2213 quos
578 2125 663 2189 inter
687 2141 758 2188 tum
779 2128 816 2191 C.
837 2127 941 2191 Julius
962 2144 1093 2192 senator
1110 2129 1193 2212 tuit,

126 2256 230 2320 quum
240 2232 335 2296 etiam
346 2232 384 2295 Α.
394 2231 581 2294 Postumius
589 2230 676 2295 idem
686 2248 841 2315 tentaret,
854 2255 936 2321 quos
948 2233 1066 2299 deinde
1078 2235 1115 2300 P.
1125 2238 1193 2300 Ru·

127 2334 235 2415 tilius,
251 2334 286 2398 L.
298 2334 470 2414 Lucullus,
486 2347 518 2396 et
531 2333 583 2397 alii
596 2333 743 2422 plerique
757 2350 835 2398 sunt
847 2334 974 2400 imitati.

158 2530 333 2595 sumn.
345 2531 377 2580 U.
386 2532 416 2580 C.
426 2530 492 2590 6113
506 2530 537 2580 Α.
548 2532 578 2579 C.
591 2539 649 2587 ιιι.
667 2558 703 2567 -
718 2531 771 2580 cic.
786 2531 818 2580 de
831 2531 888 2579 Nat.
905 2532 979 2579 Deos.
991 2533 1045 2592 111,
1061 2533 1110 2591 30;
1124 2533 1189 2582 idem

123 2615 155 2662 ds
178 2615 230 2663 rin.
255 2617 293 2672 ll,
315 2616 360 2674 163
375 2615 440 2663 idem
462 2630 509 2679 pro
530 2615 568 2661 Μ.
584 2616 684 2661 Scauro.
707 2640 742 2651 -
763 2614 856 2661 Ancon.
875 2613 982 2663 radim.
1003 2615 1030 2661 ia
1050 2615 1134 2664 Scaur.
1154 2643 1189 2652 -—

122 2699 140 2764 s
156 2701 282 2749 xxm.
296 2699 348 2747 Cic.
367 2698 399 2746 de
417 2702 485 2746 Orat.
504 2695 747 2756 11,12.-tuutn.
761 2696 832 2746 Praes.
852 2722 887 2732 -
904 2695 958 2744 niv.
970 2697 1036 2763 Epit.
1048 2724 1084 2734 -
1099 2697 1188 2753 Athen.

123 2782 168 2830 lib.
176 2783 220 2831 Vl.
231 2811 266 2822 -
279 2782 332 2833 Cic.
346 2781 378 2830 ad
391 2778 468 2830 Attio.
482 2782 508 2839 1,
521 2795 561 2843 ¹9·
574 2807 609 2816 -
621 2778 744 2827 Plutarch.
755 2778 782 2826 in
795 2779 906 2829 Lucullo.
