2594 4980
154 704 225 791 [152
331 712 401 778 JO.
429 712 770 783 FREINSHEMH
798 712 1045 784 SUPPLEM.

147 830 320 919 populr'qrae
336 832 460 892 romani
478 847 508 894 et
523 855 580 895 sua
594 828 907 921 degnrlaujirctttrot
917 835 1031 901 wideri.
1048 837 1172 922 Quum
1186 842 1244 907 le-

153 933 241 1020 gatio
265 934 404 1021 amplius
427 933 580 1021 impediri
603 956 673 999 non
694 949 827 1023 posset,
845 956 978 1023 operam
1000 952 1113 1011 umen
1135 944 1241 1009 antid

153 1035 321 1124 Iugurthae
342 1034 521 1117 dederunt,
540 1060 581 1100 ne
599 1036 721 1127 insigni
742 1036 851 1125 aliqua
874 1038 1075 1105 auctoritate¹
1093 1042 1240 1130 praediti

151 1135 348 1224 legarentur.
710 1216 713 1221 Ι
749 1216 753 1223 Ι

195 1240 236 1303 11.
254 1240 303 1303 lta
317 1254 381 1304 tres
394 1238 615 1304 adolescentes
627 1238 806 1321 nominati,
820 1237 902 1305 dum
918 1238 1025 1303 itineri
1042 1262 1078 1305 se
1090 1262 1237 1331 pannt,

148 1339 182 1403 in
200 1341 308 1405 Africa
329 1340 569 1428 propemodum
589 1338 631 1403 de
646 1363 750 1431 regno
771 1356 806 1405 et
822 1340 887 1405 vita
903 1338 1094 1409 Adherbalis
1118 1360 1250 1413 mus·-

147 1458 255 1506 actum
270 1460 328 1506 est.
345 1441 469 1505 Eodem
479 1443 567 1505 enim
582 1456 747 1532 ternpore,
760 1465 829 1531 quo
844 1441 1099 1533 legatiNumidae
1112 1447 1160 1513 ab
1170 1450 1235 1517 illo

147 1544 236 1607 missi
247 1543 476 1624 discesserant,
488 1566 592 1631 quum
602 1593 611 1627 ,
618 1542 685 1624 jam
697 1544 854 1633 praecipiti
865 1544 898 1608 in
911 1560 1042 1611 noctem
1054 1544 1127 1630 die,
1142 1573 1234 1639 prm-

145 1645 226 1709 lium
250 1646 387 1734 amplius
414 1668 481 1709 non
507 1663 708 1734 speraretur3
727 1645 919 1711 Adherbalis
940 1647 1041 1737 copiae
1064 1651 1175 1739 quieti
1192 1676 1233 1721 se

144 1746 360 1810 tradiderunt.
388 1751 428 1812 At
441 1747 629 1836 jugurthini
644 1747 779 1831 milites,
795 1764 870 1815 ante
891 1748 997 1813 lucem
1015 1748 1111 1839 signo
1127 1750 1231 1839 dato,

143 1850 332 1936 irrumpunt
349 1849 494 1912 hostium
514 1864 635 1926 castra,
647 1848 907 1938 imparatosque,
920 1864 1003 1913 etex
1019 1872 1142 1917 somam
1154 1868 1229 1921 tte-

142 1949 218 2037 pide
232 1973 320 2012 arma
338 1951 569 2038 corripientes,
583 1948 748 2033 trucidant
762 1973 771 2014 2
788 1949 899 2013 multis
916 1948 1109 2031 interfectis,
1122 1968 1228 2019 cnte-

143 2052 186 2115 ris
209 2051 286 2141 fuga
309 2052 513 2139 palantibus,
531 2050 694 2116 Adherbal
716 2074 794 2117 cum
818 2050 915 2142 parva
939 2072 1040 2114 manu
1064 2054 1225 2140 equitum

144 2154 265 2217 Cirtam
285 2154 441 2241 profugit.

186 2255 244 2318 111.
264 2254 385 2318 Cirtam
400 2254 514 2317 urbem
525 2303 534 2336 ,
544 2255 611 2319 situ
626 2254 691 2329 loci
707 2254 976 2336 munitissimam,
987 2253 1085 2319 etiam
1093 2254 1224 2325 Graecis

142 2357 310 2443 inquilinis
323 2356 444 2419 allectis
459 2357 626 2443 plurimis,
641 2356 675 2419 in
692 2370 821 2420 tantum
835 2356 970 2444 Micipsa
988 2358 1224 2445 frequentave-

139 2474 206 2539 rat,
219 2474 257 2521 ut
274 2457 385 2521 decern
400 2458 548 2544 equitum
563 2456 682 2538 millia,
692 2454 858 2545 duplicem
873 2456 1021 2547 pediturn
1034 2480 1221 2529 numerum

139 2561 300 2624 emitteret
316 2583 322 2622 :
336 2560 397 2623 sed
411 2576 500 2640 turn,
514 2558 709 2641 interfectis,
722 2574 780 2623 aut
793 2558 871 2648 fuga
883 2558 1014 2647 dilapsis
1030 2559 1221 2651 plerisque,

139 2685 221 2750 quos
234 2660 395 2725 Adherbal
412 2659 584 2741 eduxerat,
597 2660 719 2725 ceteris
734 2676 825 2724 metu
844 2659 1049 2742 exanimatis,
1066 2666 1220 2754 peregri.

136 2786 186 2829 nar
205 2764 336 2827 virtutis
353 2763 530 2851 indigebat.
544 2761 726 2827 Multitudo
739 2762 927 2827 Italicorum
948 2762 1044 2827 Cirtoe
1062 2768 1217 2855 negotia·

136 2862 231 2927 batur
246 2886 254 2926 :
272 2886 308 2927 ea
321 2864 536 2952 Jugurthmn,
552 2884 656 2952 quurn
674 2864 854 2954 fugientem
869 2863 1085 2929 Adherbalem
1098 2868 1216 2935 studio

136 2962 282 3051 capiendi
297 2964 405 3027 aemuli
424 2963 641 3029 inllammatns
653 2964 897 3055 insequeretur,
913 2988 979 3029 non
997 2966 1068 3030 sine
1081 2990 1142 3057 spe
1152 2992 1215 3035 ur-

133 3064 209 3129 bem
223 3063 337 3129 eodem
349 3065 492 3129 victoriae
503 3066 629 3154 impetu
638 3065 673 3128 in
683 3064 884 3131 deditionem
893 3082 1080 3150 venturam,
1093 3091 1113 3133 a
1124 3092 1211 3137 moe·

133 3166 230 3231 nibus
249 3166 386 3253 repulit:
399 3166 562 3252 quodnisi
578 3166 815 3248 essetiectum,
825 3191 890 3231 una
908 3167 977 3235 dies
993 3168 1125 3235 initium
1135 3170 1213 3239 bel·

133 3266 222 3328 landi
239 3265 370 3328 duobus
389 3267 537 3354 regibus,
556 3260 723 3355 linenqu'e
737 3269 906 3345 attulisset.

177 3367 232 3429 IV.
249 3366 425 3454 iugurtha,
441 3366 498 3428 ubi
513 3367 641 3453 primus
657 3382 793 3433 conatus
809 3370 929 3434 frustra
940 3371 1019 3453 fuit,
1031 3370 1210 3440 obsidione

130 3469 251 3531 Cirtam
271 3465 408 3548 claudit,
424 3466 646 3559 operibusque
661 3469 824 3553 excitatis,
835 3493 962 3535 summa
974 3472 1005 3535 ri
1017 3493 1209 3563 expugnare

131 3570 317 3650 contendit,
335 3570 524 3657 priusquam
540 3574 645 3641 Roma
659 3570 772 3637 venire
790 3572 886 3664 legati
900 3589 1054 3662 possent:
1070 3596 1146 3639 narn
1163 3578 1207 3643 ad

129 3672 368 3739 sollicitandum
387 3691 536 3737 senatum
549 3674 665 3741 missos
677 3674 721 3741 ab
734 3675 915 3741 Adherbale
928 3694 1035 3743 certos
1049 3674 1205 3745 homines

130 3795 199 3836 esse
215 3792 421 3862 cognoverat.
437 3776 486 3837 Eo
501 3776 603 3865 magis
616 3776 844 3842 maturandam
856 3778 1094 3867 profectionem
1107 3800 1205 3845 suam

130 3898 262 3938 romana
285 3876 401 3964 legatio
423 3877 571 3955 censuit3
599 3900 673 3941 narn
700 3876 742 3942 de
764 3879 875 3967 praelio
899 3894 931 3941 et
952 3877 1203 3967 oppugnatione

127 3977 243 4058 Cirtae,
261 3976 340 4039 dum
359 3978 420 4040 iter
437 3977 616 4057 adornant,
635 4002 835 4068 quamquam
860 3979 1008 4045 molliora
1025 4000 1125 4059 raro,
1142 4002 1204 4045 ru·

128 4101 201 4141 mor
216 4080 375 4143 attulerat.
391 4081 506 4167 Neque
524 4097 632 4147 tamen
642 4080 714 4149 ltoee
728 4080 895 4173 diligentia
909 4080 1088 4169 quidquam
1101 4078 1145 4144 ad
1161 4082 1203 4147 li·

157 4295 173 4361 S
187 4299 207 4344 1.
220 4299 251 4346 U.
264 4299 291 4348 C.
308 4302 371 4354 oto:
385 4301 416 4346 A,
428 4301 455 4347 C.
471 4315 529 4348 112.
539 4327 574 4337 -
589 4299 688 4349 Sallust.
699 4299 815 4366 laguna.
827 4314 938 4367 capnt.
953 4324 991 4337 ···
1002 4298 1020 4364 3
1031 4300 1077 4347 111.
1089 4296 1200 4352 mmor.

121 4381 187 4444 apud
195 4382 277 4430 Vales.
294 4410 328 4419 -
345 4384 423 4431 Stralv.
438 4384 481 4431 lib.
496 4386 579 4433 xvu.
593 4410 630 4423 ·-
639 4384 738 4435 11111111.
757 4410 794 4423 -
807 4381 824 4449 ς
840 4384 885 4433 Π.
896 4384 950 4432 lais.
962 4382 1028 4448 Epir.
1040 4406 1076 4419 -·
1089 4380 1199 4431 uiator.

121 4490 156 4521 -ς-
170 4466 269 4517 Sallust,
684 4494 686 4499 .
