2594 4980
605 21 616 44 Ι

136 698 179 781 14
305 697 744 768 JO.FRE1NSHEMII
772 697 1014 769 SUPPLEM.

129 817 183 882 chi
207 826 292 884 natu.
313 817 377 883 Sed
403 833 634 883 recusaverunt
655 817 690 882 id
711 818 867 883 auxilium
893 818 1006 908 legati,
1028 818 1189 899 uniestete

128 917 271 982 nominis
280 919 405 982 romani
419 933 508 983 tutos
522 941 558 983 se
571 920 631 984 rati
646 920 734 1003 fore3
746 919 839 1008 quod
851 919 949 1010 louge
958 942 1050 985 secus
1062 922 1188 987 evenit:

128 1042 205 1084 mnu
220 1018 307 1108 apud
322 1019 562 1110 tranquilloset
581 1018 747 1085 modestos
764 1022 939 1086 auctoritas
959 1023 1188 1087 temerantia

126 1121 302 1210 plurimum
315 1119 416 1201 valet3
430 1119 488 1184 ubi
501 1119 625 1184 turboni
642 1142 694 1186 res
707 1143 851 1209 coepere,
865 1122 1016 1188 adversus
1034 1123 1189 1212 improbi·

127 1238 226 1287 tatem
241 1238 396 1286 armatam
413 1220 520 1286 debile
538 1222 779 1287 munimentum
795 1222 904 1311 pudor
918 1239 976 1287 est

170 1323 289 1390 XXIV.
310 1323 439 1406 Quibus
454 1339 563 1388 sutem
578 1324 678 1388 initiis
691 1325 824 1389 concuti
839 1325 987 1415 regiones
999 1324 1069 1389 istae
1085 1348 1188 1414 cmpe-

123 1427 204 1506 rint,
216 1447 323 1513 operm
336 1425 477 1513 pretium
490 1441 539 1489 est
552 1447 724 1514 exponere.
734 1425 878 1493 Puerum
888 1426 1085 1491 Antiochum
1099 1443 1189 1515 peter

123 1527 308 1616 Epiphanes
319 1527 472 1615 Philippo
486 1526 614 1591 cuidem
629 1527 809 1592 amicorum
816 1526 1116 1608 commendaverat,
1132 1550 1187 1592 ex·

123 1628 296 1717 peditionis
314 1628 475 1716 elymaicae
489 1628 612 1693 comiti.
631 1626 695 1692 Sed
709 1627 820 1695 audita
837 1644 943 1693 morte
958 1628 1041 1718 regis
1061 1629 1188 1716 Lysias,

123 1729 180 1818 qui
194 1729 324 1792 relictus
334 1728 370 1790 in
383 1727 530 1793 custodia
540 1728 633 1818 regui
643 1731 765 1811 fuerat,
778 1730 912 1793 tutelam
925 1729 1018 1816 pueri
1029 1729 1188 1794 novennis

124 1830 304 1918 occupavit.
327 1829 426 1912 Quod
443 1829 500 1893 ubi
517 1831 628 1894 llomae
645 1831 830 1896 Demetrius
846 1829 1020 1918 comperit,
1036 1828 1124 1894 edito
1139 1852 1188 1893 se-

123 1948 202 1995 netu
216 1930 375 2012 ostendit,
383 1934 487 2020 patn's
497 1931 622 1997 Seleuci
633 1936 756 1997 nemum
768 1933 905 1998 obsidem
916 1956 948 1995 sc
962 1934 995 2007 tn,
1011 1931 1123 1997 Urbem
1136 1955 1189 1997 ve·

121 2033 200 2095 nisse
213 2055 225 2094 .·
237 2032 293 2095 sub
305 2033 460 2096 Antiochi
472 2034 587 2098 deinde
597 2057 694 2122 regno
700 2083 711 2116 ,
726 2038 829 2122 magis
840 2036 918 2124 quia
925 2056 987 2122 per
998 2034 1188 2122 cetotcmjus

121 2154 211 2197 suum
222 2135 394 2215 nesciverit,
408 2158 504 2222 quom
516 2135 660 2222 legitima
671 2159 715 2200 ex
726 2159 825 2201 causa
831 2185 841 2218 ,
851 2135 960 2200 eadem
968 2138 1003 2199 iu
1012 2135 1187 2202 commone

113 2238 343 2323 pmnausisse:
359 2259 444 2301 nunc
464 2239 560 2301 etiam
574 2238 634 2302 boc
652 2241 825 2318 exstritcto,
843 2261 874 2302 se
891 2237 1086 2325 obligations
1101 2241 1191 2302 omni

119 2335 286 2402 matun
300 2337 415 2419 villeri,
431 2362 616 2428 oeqmmtque
629 2355 744 2429 putare
758 2339 877 2406 ᾰίηιιῖτί
892 2341 935 2404 ab
947 2355 1074 2421 senatu,
1090 2356 1187 2428 atque

118 2441 215 2504 etiam
227 2442 260 2502 in
277 2463 376 2526 regno
390 2442 602 2530 recuperando
618 2443 774 2532 atIJ'uoari.
785 2472 798 2497 ι
812 2440 888 2507 Non
899 2443 987 2506 euim
1004 2440 1104 2506 modo
1113 2441 1187 2522 jure

120 2569 133 2595 α
148 2541 257 2628 potior
271 2563 367 2622 sum,
384 2541 508 2630 inquit,
527 2543 679 2609 Antiochi
695 2542 780 2625 filio,
795 2542 887 2623 cujus
904 2558 995 2631 peter
1010 2557 1137 2607 aetutem
1153 2558 1187 2606 et

120 2671 133 2697 a
149 2641 328 2706 absentiam
345 2666 450 2707 mecm
465 2645 668 2708 occasionem
679 2666 771 2709 susm
786 2659 874 2708 ratus
887 2660 955 2725 est3
972 2641 1029 2707 sed
1045 2664 1113 2706 non
1127 2643 1187 2708 mi·

120 2775 134 2800 «
147 2766 210 2808 nus
225 2745 324 2809 etiam
338 2743 439 2809 favori
453 2761 559 2809 vestro
570 2726 710 2809 conlido.
724 2744 811 2809 Puer
821 2744 856 2807 in
867 2744 952 2807 beno
962 2743 1077 2806 urbem
1090 2741 1184 2805 veni:

118 2875 132 2902 ι
146 2867 237 2910 nnnc
252 2847 350 2911 tertio
367 2862 400 2910 et
419 2846 571 2910 vicesimo
592 2845 693 2910 aetutis
708 2867 812 2926 anno,
830 2861 922 2909 tauto
937 2859 1084 2930 tempore
1098 2840 1187 2905 inter

118 2978 131 3002 ι
145 2969 203 3011 ros
224 2946 401 3029 educatus,
422 2947 499 3013 civis
521 2947 630 3036 potius
649 2963 770 3029 vester,
788 2969 886 3034 quum
907 2961 1060 3009 externus
1082 2942 1184 3008 rideri

117 3079 130 3104 u
143 3048 258 3115 debeo.
272 3051 338 3114 Vos
349 3072 412 3138 ego
423 3065 528 3137 patres
540 3048 635 3129 mibi,
647 3065 771 3113 vestros
781 3048 916 3128 liberos,
929 3045 1066 3132 equales
1078 3066 1184 3125 meos,

116 3150 257 3215 «fratres
273 3174 342 3216 esse
365 3174 458 3231 re0r3
480 3173 588 3239 neque
601 3150 662 3215 alie
679 3167 737 3214 eut
753 3171 811 3214 vos
827 3146 1024 3228 reverentia,
1040 3162 1098 3210 aut
1113 3145 1183 3209 illos

117 3282 130 3308 a
143 3252 274 3316 caritate
293 3253 481 3340 amplector.
494 3283 506 3308 a

164 3352 267 3417 XXV.
287 3353 363 3417 Non
380 3367 450 3416 erat
467 3352 618 3441 equidem
632 3353 684 3416 rel
697 3353 816 3435 injusta
832 3351 986 3417 Demetrii
1002 3372 1114 3431 carisa,
1132 3349 1181 3413 vel

118 3452 243 3540 ingrata
259 3454 374 3518 oratio.
385 3453 448 3518 Sed
462 3453 538 3518 vicit
555 3454 693 3536 utilitas,
704 3471 743 3518 ut
755 3453 865 3542 potius
879 3454 1088 3516 immaturum
1102 3475 1182 3538 pue·

117 3574 191 3615 rum
201 3601 210 3633 ,
220 3574 318 3639 quam
327 3568 418 3617 aetate
428 3551 556 3618 florenti
565 3554 814 3636 adolescentem,
824 3553 1069 3642 opulentissimo
1080 3575 1180 3641 regno

118 3675 252 3740 praeesse
267 3655 395 3720 vellent.
415 3657 527 3743 Itaque
547 3679 615 3721 non
632 3674 777 3722 retentus
798 3656 899 3720 modo
917 3655 989 3735 ille3
1006 3653 1064 3721 sed
1083 3654 1180 3719 etiam

116 3754 213 3840 paulo
227 3773 302 3844 post
317 3773 383 3820 tres
398 3757 495 3845 legati
510 3759 572 3822 Cn.
593 3758 765 3839 Octavius,
781 3756 835 3845 sp.
850 3757 1040 3836 Lucretius,
1056 3756 1092 3819 L.
1111 3757 1179 3819 Au·

117 3854 214 3918 relius
231 3855 368 3940 delecti,
384 3858 441 3945 qui
460 3858 494 3921 iu
507 3859 632 3946 Syriam
648 3859 943 3947 proficiscerentur,
960 3881 999 3922 ex
1014 3857 1180 3920 voluntate

117 3973 247 4021 senatus
258 3982 396 4048 regnum
408 3959 598 4025 ordinaturi.
609 3962 714 4027 Facile
726 3974 877 4050 p'assuros
888 3961 953 4028 hoc
961 3962 1057 4050 Syros
1068 3957 1181 4023 reban-

151 4195 274 4261 §xxm
287 4201 340 4248 Liv.
353 4201 419 4265 Epit.
428 4194 469 4237 ”-
484 4201 537 4249 Pol.
550 4204 665 4268 Excerpt.
676 4207 757 4267 Legit.
771 4217 816 4263 1⁰7
830 4213 854 4250 et
867 4218 922 4265 ¹⁰9·
936 4227 971 4238 -
986 4200 1061 4249 Diod.
1076 4203 1179 4259 xxxi,

117 4282 140 4328 3.
150 4307 185 4316 -
192 4281 281 4347 Polyb.
289 4310 324 4318 -
333 4283 349 4347 §
359 4285 456 4333 xxiv.
468 4284 631 4334 blachaboeor.
642 4287 694 4335 1·6.
705 4313 739 4323 -
747 4287 851 4352 loseph.
862 4288 927 4346 ΠΙ,
939 4293 978 4340 14.
987 4311 1022 4320 -
1031 4284 1178 4348 llierouym.

114 4362 141 4409 iu
154 4363 249 4413 nantel.
260 4381 282 4414 c.
295 4381 336 4413 rr.
349 4393 384 4403 —-
396 4367 485 4432 Polyb.
496 4378 521 4416 et
530 4368 605 4418 Diod.
616 4369 683 4434 epod
692 4369 1029 4437 Vries-Appiamsyrinc.
1040 4397 1075 4408 -·-
1089 4368 1177 4435 Polyb.

116 4444 229 4511 Excerpt.
240 4448 322 4512 Legat.
336 4463 392 4508 ¹⁰7·
401 4477 436 4486 -
444 4452 460 4499 J
462 4448 534 4498 estin.
545 4452 667 4514 xxm,
678 4454 702 4502 3.
714 4480 749 4490 -
757 4455 845 4521 Polyb.
852 4482 887 4493 -
896 4455 983 4504 Ζοπιτ.
