2594 4980
145 741 214 836 278
319 745 387 811 JO.
414 742 756 811 FllElNSHEMlI
789 742 1031 810 SUPPLEM.

144 861 242 942 «erit3
258 859 330 944 sed,
349 883 414 948 qua
437 876 652 948 utrorumque
674 859 879 943 conditione,
900 859 1112 926 considerate.
1131 861 1208 926 lllcs

142 993 156 1017 «ι
165 963 250 1027 leves
264 978 297 1025 et
312 962 493 1050 expeditos,
508 963 565 1026 ubi
582 963 784 1028 occasionem
804 985 897 1027 suam
913 961 1068 1044 viderint,
1081 963 1210 1029 emittet

143 1093 156 1116 a
166 1063 244 1127 urbs
261 1064 403 1143 munita,
421 1079 471 1143 et,
488 1063 546 1128 ubi
560 1064 740 1146 volueriut,
759 1064 913 1152 recipietr
932 1087 1009 1147 nos,
1024 1088 1045 1129 a
1061 1067 1209 1130 frumen·

142 1196 155 1219 κ
166 1165 288 1229 tatione
300 1164 408 1229 adhuc
421 1164 514 1246 fessi,
531 1166 739 1253 multumque
754 1164 1062 1254 impedimentorum
1078 1166 1210 1230 trahen-

143 1283 229 1348 utes,
254 1290 320 1330 non
344 1268 487 1354 incipere
513 1290 674 1356 pugnant,
695 1289 763 1331 non
787 1264 895 1349 linire,
917 1266 1037 1330 nisiex
1062 1265 1208 1332 hostium

142 1368 357 1450 «commodo,
375 1370 565 1456 poterimus.

186 1470 260 1536 XII.
278 1468 397 1534 «Unde
412 1493 518 1557 neque
533 1493 664 1557 aequum
680 1470 776 1535 nobis
792 1485 849 1534 tut
864 1469 1045 1557 periculum
1062 1470 1211 1533 aerumi-

142 1605 155 1627 a
167 1573 234 1653 nis,
252 1590 309 1637 sut
324 1574 494 1660 praemium
513 1574 593 1654 erit3
615 1573 708 1638 victis
724 1573 813 1637 eninr
829 1570 980 1636 immanis
997 1569 1207 1658 exspectanda

142 1672 271 1739 sclndes
287 1691 353 1753 est,
373 1675 550 1739 victoribus
568 1697 725 1763 perquam
743 1672 872 1738 modies
888 1673 1034 1737 utilitas:
1053 1694 1209 1761 magnum

142 1790 273 1840 «autem
291 1776 473 1864 periculum
490 1776 598 1864 exigui
613 1775 779 1841 commodi
794 1797 891 1839 causa
906 1774 1086 1862 suscipere,
1106 1789 1210 1838 extre-

141 1899 226 1942 ·mae
242 1875 414 1942 dementire
433 1900 503 1941 esse
518 1893 620 1965 puto:
638 1878 784 1965 mihique
801 1898 938 1966 magnus
957 1897 1085 1963 semper
1103 1874 1209 1963 impe·

142 1992 254 2042 «rator
267 1977 355 2041 visus
372 1995 438 2057 est,
459 2001 526 2041 non
544 1979 602 2066 qui
619 1995 695 2043 ante
711 1978 915 2043 occationem
935 1999 1011 2041 ctam
1032 1976 1127 2041 hoste
1146 1970 1209 2064 po-

144 2094 250 2145 steret
264 2078 455 2168 confligere,
475 2079 531 2142 sed
548 2080 624 2167 qui,
642 2079 780 2167 provisis
795 2078 967 2157 omnibus,
985 2093 1058 2141 tum
1074 2076 1209 2142 demum

141 2181 330 2268 «experitur
341 2182 455 2261 armis,
476 2203 579 2267 quum
594 2180 733 2255 ulterius
749 2176 873 2246 differri
888 2179 970 2243 ratio
990 2201 1058 2242 non
1075 2180 1208 2266 patitur.

142 2280 216 2345 «Ne
241 2280 358 2345 medici
383 2282 514 2368 quidem
536 2282 659 2344 ferrum
681 2294 714 2344 et
732 2281 860 2369 ignem
879 2280 941 2344 nisi
964 2280 1098 2344 sollicite
1118 2280 1209 2368 prins

143 2411 156 2436 a
166 2383 367 2469 perpurgatis
382 2382 592 2469 corporibus,
608 2379 808 2445 admouent:
829 2397 862 2445 et
879 2402 939 2445 nos
957 2380 1110 2446 adversus
1125 2404 1208 2470 pras-

143 2513 156 2538 «
166 2504 276 2547 ccccm
290 2483 357 2548 vim
374 2499 583 2547 contumaces
598 2482 709 2546 hostes
729 2483 839 2572 inopia
858 2483 949 2571 prius
971 2499 1004 2547 et
1025 2484 1111 2547 fame
1127 2499 1208 2547 atte-

142 2607 315 2649 «nuemus.
327 2616 340 2640 ι»
702 2610 705 2615 ·
843 2606 846 2611 ·

187 2685 277 2747 XIII.
304 2685 381 2748 Haec
406 2685 462 2749 ubi
486 2684 637 2767 dixisset,
658 2685 807 2775 longiore
831 2686 971 2750 circuitu
997 2685 1075 2750 duci
1098 2685 1208 2774 copies

137 2786 235 2866 jussit
253 2807 260 2849 :
279 2786 470 2873 statimque,
490 2787 547 2874 qui
564 2787 676 2852 castris
691 2788 861 2876 opposinrs
874 2804 960 2870 erat,
978 2810 1055 2877 ager
1062 2802 1208 2852 vastatus

143 2903 200 2954 est,
212 2887 315 2952 Flexit
325 2886 445 2953 deinde
456 2889 491 2951 in
504 2889 670 2970 Vacemus,
684 2889 961 2978 quiNumuntinis
971 2889 1081 2954 iorum
1095 2910 1208 2953 rerum

142 2989 304 3055 venalium
325 2991 537 3077 praebebant:
560 2992 608 3056 ibi
627 3015 764 3080 quoque
783 2993 929 3059 demessa
951 2993 1080 3076 omnia,
1103 2992 1209 3059 servs·

143 3093 249 3181 tisque
265 3093 300 3158 iu
319 3117 414 3174 usum
431 3095 607 3178 exercitus,
627 3119 699 3183 quas
716 3095 835 3161 idonea
855 3112 963 3180 erant,
977 3112 1091 3162 cetera
1109 3097 1208 3169 infa-

142 3195 281 3258 sciculos
300 3194 450 3274 collecta,
473 3196 606 3283 ignique
625 3199 813 3285 supposito,
832 3214 1027 3288 consumpta
1040 3216 1127 3264 sunt.
1144 3201 1209 3264 Ac·

141 3294 221 3360 cidit
242 3309 369 3373 autern,
395 3311 433 3359 ut
459 3296 492 3357 in
523 3318 638 3384 campo
666 3298 833 3385 pallantini
859 3299 948 3390 ngri,
973 3300 1026 3375 cui
1052 3299 1208 3388 Coplanio

143 3417 284 3476 nomen,
308 3417 411 3482 quum
430 3397 627 3462 messoribus
650 3397 761 3464 hostes
781 3399 948 3489 improvisi
965 3401 1207 3481 incubuissent,

100 3514 105 3527 ⁴
138 3496 247 3584 Scipio
267 3496 437 3561 tribunum
459 3496 599 3561 militum
620 3499 656 3564 Ρ.
677 3500 835 3566 llutilium
857 3502 999 3585 Rufum,
1017 3502 1074 3591 qui
1096 3522 1206 3566 rerum

139 3599 257 3665 barum
273 3598 441 3662 historiam
459 3599 602 3687 scripsit,
621 3624 698 3667 cum
718 3603 866 3692 equitum
889 3605 948 3669 alis
967 3619 1109 3692 qustuor
1128 3602 1207 3667 sub·

139 3699 223 3767 sidio
237 3701 526 3765 frumentatoribus
540 3703 706 3770 mitteret:
724 3704 771 3770 ibi
786 3705 946 3787 Rutilius,
961 3705 1073 3793 pulsos
1091 3704 1207 3769 cmiter

140 3802 333 3885 insectatus,
353 3825 456 3889 quum
474 3803 515 3867 sd
532 3805 722 3872 sublimiora
735 3807 806 3874 loca
825 3825 858 3874 et
872 3807 1078 3897 impeditiora
1093 3829 1207 3896 perve-

141 3903 255 3986 nisset,
273 3906 545 3992 consurgentibus
565 3908 708 3990 insidiis,
728 3931 808 3997 quas
829 3911 939 3975 hostes
961 3909 1007 3974 ibi
1028 3910 1206 3974 collocare-

139 4020 227 4089 rant,
247 4006 355 4069 subito
370 4007 403 4068 in
419 4009 601 4095 periculum
617 4010 743 4076 incidit.
811 4054 814 4059 v

182 4108 270 4172 XIV.
298 4109 414 4194 Neque
438 4112 731 4177 succurrebatssulia
754 4115 855 4194 ratio,
875 4113 938 4178 nisi
964 4127 1006 4176 ut·
1029 4109 1144 4176 eodem
1170 4110 1206 4173 in

138 4212 212 4276 loco
224 4211 374 4299 projectis
386 4210 485 4275 hastis
500 4213 728 4297 consistentes,
742 4197 1110 4304 exciperentirruiturus
1121 4235 1131 4294 ;
1143 4211 1206 4300 ipsi

138 4335 245 4399 neque
256 4312 451 4377 lacesserent
459 4315 602 4396 hostem,
615 4338 722 4404 nequo
732 4316 903 4383 cedentem
912 4329 1204 4403 persequerentur:

173 4504 189 4565 ,i
206 4507 251 4552 tt.
268 4506 329 4552 Flnr.
345 4533 378 4542 —
395 4507 501 4569 Appisn.
