2594 4980
151 743 220 817 508
306 748 325 815 J
333 747 376 814 Ο.
403 747 430 813 F
437 746 764 819 REINSHEMII
795 744 1054 817 SUPPLEM.

147 866 212 932 diei
235 867 405 954 noctisque
429 867 530 931 fuisse
556 867 691 957 faciem,
712 866 855 937 additur.
875 865 985 931 Tertia
1003 864 1150 931 demum
1173 864 1235 933 die

148 967 355 1056 desperantes
381 973 545 1034 Romanos
571 971 725 1037 universo
752 967 883 1059 agmine
908 965 1079 1056 erupisset
1107 988 1168 1031 ue·
1181 969 1234 1035 sie

148 1068 281 1157 quidem
295 1070 337 1135 ub
351 1071 476 1162 impetu
491 1072 658 1157 hostium,
670 1086 838 1137 extremos
853 1067 1078 1159 serpentium,
1089 1066 1137 1135 ·e't
1147 1070 1231 1137 -sitis

147 1187 310 1260 aestusque
319 1175 483 1255 violentia,
494 1174 556 1237 nisi
565 1173 683 1239 celesti
693 1195 769 1263 ope,
775 1171 940 1253 liberatos,
948 1170 1144 1259 repentina,
1155 1186 1231 1237 tnn-

148 1294 247 1359 quam
259 1297 277 1338 e
291 1276 449 1358 machina,
461 1275 578 1364 pluvie
589 1272 749 1341 beneficio
762 1272 934 1361 utriusque
944 1272 1021 1339 meli
1033 1270 1227 1339 remedium

147 1373 323 1458 invenisse,
334 1398 408 1439 nam
416 1394 450 1441 et
458 1377 735 1467 refrigerationem
741 1374 1028 1464 simulpotumque
1034 1374 1229 1463 prestitisse

146 1498 266 1563 aquas,
281 1494 314 1542 et
328 1477 457 1542 easdem
471 1478 649 1544 inhabilem
664 1476 809 1543 bostium
821 1490 1021 1540 armaturam
1032 1474 1164 1543 fenim
1195 1518 1208 1547 ·.

191 1578 328 1642 XXVII.
344 1580 414 1643 Afri
433 1581 520 1643 enim
540 1580 611 1644 sine
629 1578 767 1645 amends
787 1600 889 1643 manu
907 1577 1101 1666 intorquere
1112 1576 1224 1659 iscula

149 1679 315 1761 solebant,
331 1696 488 1768 scutaque
503 1680 669 1747 habebant
682 1702 724 1747 ex
740 1678 905 1770 elephanti
921 1678 1012 1743 eorio
1024 1676 1152 1770 :igitur
1165 1680 1224 1745 bn·

150 1781 234 1844 stilia
254 1781 360 1846 imbre
381 1782 505 1847 lubrica
522 1799 678 1849 conatum
697 1781 900 1848 mittentium
915 1778 1224 1865 muuabmtumt

148 1897 258 1964 scuta,
278 1883 369 1971 quod
388 1884 457 1963 ejus
477 1885 558 1948 corii
578 1885 648 1949 bseo
668 1898 804 1966 neutra,
825 1896 865 1946 ut
883 1898 1001 1969 aquam
1015 1879 1053 1945 in
1072 1880 1222 1973 spongia

146 2005 272 2047 morem
298 1983 423 2066 ebibat,
441 2002 539 2049 aucto
562 1983 742 2051 admodum
767 1980 928 2072 pondere,
950 1980 1155 2047 circumferri
1177 1981 1222 2048 sd

146 2083 335 2171 excipienda
350 2087 413 2149 tela
427 2086 622 2172 nequibant..
638 2084 704 2151 Sed
717 2083 858 2166 Marius,
878 2103 1068 2172 quauqmm
1078 2082 1128 2149 ita
1139 2082 1222 2148 sub·

146 2186 243 2248 motis
255 2185 415 2269 hostibus,
427 2187 591 2273 reliquum
604 2187 667 2251 iter
679 2207 748 2251 uon
761 2185 871 2249 minus
882 2200 997 2251 oautm
1006 2184 1221 2273 intentusque
1245 2222 1249 2227 ·

145 2286 265 2367 inibat,
282 2288 475 2350 maritimam
494 2308 586 2351 oram
600 2302 731 2376 petens,
745 2286 803 2350 ubi
819 2301 1020 2351 commeatus
1036 2284 1222 2375 expeditior

145 2388 239 2476 copia
257 2404 334 2452 erat.
356 2388 471 2476 Neque
487 2389 554 2469 jam
569 2389 667 2479 longe
681 2388 772 2453 Cirta
790 2387 921 2471 aberat,
938 2410 1044 2477 quum
1061 2385 1105 2452 ab
1125 2390 1221 2455 omui

144 2505 235 2578 parte
254 2491 470 2578 speculatores
487 2490 543 2554 citi
561 2490 715 2573 veniunt,
729 2488 867 2580 ‘bostem
887 2488 999 2555 adesse
1012 2488 1220 2557 nuntiunen

146 2591 277 2679 Quippe
300 2592 459 2681 Jugurtha
485 2614 562 2657 suos
589 2590 819 2681 quadrifariam
845 2591 1017 2673 diviserat,
1036 2606 1151 2675 rems,
1178 2614 1221 2657 ex

145 2693 299 2756 omnibus
315 2694 429 2780 utiquc
443 2693 569 2781 aliquos
584 2708 673 2785 terga
688 2694 833 2760 bostium
847 2691 1043 2781 adepturos,
1057 2706 1102 2771 et,
1114 2692 1223 2782 prius·

146 2818 244 2883 quam
262 2796 307 2859 illi
325 2818 359 2859 se
375 2812 619 2881 converterent,
634 2797 815 2861 tumultum
830 2795 977 2861 illaturos
993 2814 1075 2859 esse.

189 2896 343 2961 XXVIII.
360 2898 483 2960 Verum
500 2897 594 2961 Marii
607 2892 813 2985 providentia
827 2917 919 2984 spem
936 2895 1005 2976 ejus
1020 2894 1140 2961 elusitt
1158 2897 1220 2985 «ptri

145 2999 288 3079 nescius,
310 2997 367 3060 ubi
386 2999 459 3084 plns
478 2997 675 3063 discriminis
692 2998 842 3063 buturum
856 3013 958 3080 esset,
979 2997 1082 3062 aciem
1096 2995 1220 3063 eodem

145 3099 277 3186 ordine,
293 3121 360 3185 quo
377 3099 438 3161 iter
455 3100 574 3164 iaciens
590 3100 782 3175 insenserat,
797 3100 996 3165 continebat.
1009 3097 1113 3163 Primi
1124 3098 1221 3165 Mau·

144 3222 257 3265 rorum
278 3199 312 3262 in
340 3198 375 3261 L.
398 3198 519 3262 Sullam
544 3198 753 3281 inciderunt,
773 3223 850 3265 cum
871 3201 1020 3289 equitatu
1044 3199 1221 3267 dextemm

142 3304 226 3366 latus
243 3316 427 3387 tegentem:
446 3299 491 3362 ibi
512 3323 622 3391 pugna
639 3316 823 3384 eontracta,
843 3301 924 3367 dum
945 3301 1097 3367 ferociter
1119 3300 1221 3369 dirui·

143 3420 246 3484 catur,
262 3401 411 3464 Bocchus
427 3423 503 3465 cum
518 3398 703 3491 peditibus,
715 3402 799 3492 quos
807 3404 914 3469 Volux
928 3402 1015 3469 filius
1025 3402 1220 3484 ejusoddu·

144 3518 251 3583 xerat,
276 3524 382 3589 neque
405 3503 507 3588 priori
528 3505 656 3593 prelio,
678 3505 713 3570 in
738 3505 854 3571 itinere
874 3506 1009 3584 morati,
1032 3505 1220 3592 affuerant,

145 3621 328 3670 extremum
344 3606 487 3669 consulis
508 3629 625 3694 agmen
640 3607 782 3690 inradit5
796 3631 900 3697 quum
915 3609 1008 3673 illum
1023 3610 1058 3672 in
1074 3608 1221 3697 primam

143 3708 246 3773 aciem
262 3708 440 3795 iugurtha,
459 3709 583 3798 magnis
593 3708 717 3775 viribus
731 3710 898 3792 invectus,
917 3709 1107 3775 attraxisset·
1124 3708 1220 3777 Tum

143 3809 321 3900 iugurtha,
343 3810 462 3873 Bocchi
476 3809 618 3877 adventu
633 3811 783 3902 eognito,
800 3812 883 3876 clam
898 3834 976 3877 cum
990 3812 1103 3900 paucis
1121 3812 1221 3901 equi·

142 3914 230 3978 tibus
249 3933 288 3976 ex
300 3910 409 3998 praelio
431 3933 465 3974 se
478 3910 648 3995 subducit,
660 3927 695 3977 et
709 3911 751 3977 ed
761 3912 886 4002 pedites
905 3912 1074 3994 advolans,
1090 3911 1225 3981 elutum.

141 4016 204 4078 alte
223 4011 385 4102 gladium,
407 4035 507 4098 quem
528 4012 639 4078 hostili
659 4014 819 4105 sanguine
839 4028 1082 4097 cruentaverat,
1100 4028 1226 4081 ostem.

142 4116 208 4196 dit,
221 4112 363 4194 adjecto,
378 4113 479 4176 Marti
491 4114 576 4177 burte
591 4136 733 4180 eruorem
747 4137 819 4197 esse,
832 4138 925 4205 quem
938 4139 998 4182 sua
1013 4136 1113 4181 manu
1127 4122 1228 4185 συσὶ..

142 4217 235 4280 disset
245 4241 257 4278 .·
273 4220 461 4303 imperatore
476 4219 608 4298 amisso,
611 4214 747 4304 fnestra
756 4240 910 4308 pugnare
925 4217 1097 4285 Romanos.

187 4318 310 4383 xxtx.
329 4318 406 4380 Haec
427 4318 526 4382 latine
544 4319 764 4407 proloquutus
784 4320 881 4406 (nam
896 4318 984 4409 apud
998 4320 1218 4387 Numantiam

175 4510 315 4576 §nxvu
330 4510 361 4556 U.
372 4509 399 4557 C.
411 4509 476 4568 64:35
492 4510 521 4556 Α.
535 4508 562 4557 C.
576 4525 679 4571 ¹⁰70·-
693 4511 791 4560 Srllust.
801 4537 836 4548 -
851 4510 915 4557 Flor.
929 4510 981 4568 111,
997 4522 1018 4556 ι.
