2594 4980
1067 528 1080 565 i

245 739 298 807 nt
326 738 441 807 noo.
468 739 562 806 nte.
589 740 732 807 nxxv
765 692 979 806 nunniti
1081 735 1150 833 725

81 862 186 922 Caesar
200 857 358 946 petitione
378 857 545 923 abstinuit.
562 859 597 921 L.
615 859 788 922 Cornelius
807 859 909 939 Sulla,
928 874 967 922 ut
983 879 1081 947 supra
1096 860 1151 921 in·

81 958 277 1035 dicavimus,
303 938 337 1023 ei
355 981 432 1023 cum
454 980 495 1022 eo
517 959 559 1042 Q
583 959 760 1048 Pompeius
782 960 824 1043 Q.
846 961 881 1024 F.
903 961 944 1024 A.
962 959 1004 1025 N.
1027 957 1150 1040 Rufus,

81 1060 240 1148 designati
247 1076 335 1124 sunt.
343 1060 412 1124 Nec
424 1075 532 1123 tamen
546 1060 621 1125 ideo
632 1061 828 1125 exstinctum
838 1059 920 1125 illud
931 1060 1150 1124 contentionis

81 1162 182 1225 civilis
196 1160 386 1225 incendium
400 1177 463 1243 est,
478 1161 558 1248 quin
570 1177 683 1251 postea
694 1161 728 1225 in
742 1162 864 1226 bellum
878 1177 1027 1251 apertum
1040 1182 1151 1224 erum·

81 1278 187 1351 peret.
205 1262 404 1350 Quanquam
427 1263 515 1326 enim
538 1263 615 1329 belli
637 1264 738 1329 civilis
758 1265 844 1329 faces
863 1264 987 1329 Marius
1009 1278 1043 1326 et
1062 1261 1151 1327 sulla

81 1364 303 1429 indubitanter
326 1364 477 1448 fuerunt;
504 1364 676 1429 tamenab
700 1366 754 1430 illa
778 1389 912 1454 quoque
936 1365 1150 1430 contentione

80 1467 217 1555 profecti
244 1467 374 1530 fomites
402 1466 504 1556 magis
528 1467 712 1532 excitarunt
735 1469 953 1555 alueruntque
975 1480 1150 1553 conceptas

79 1568 211 1633 aliunde
229 1567 392 1651 flammas,
409 1591 526 1657 magna
541 1570 578 1633 P.
592 1569 726 1658 Sulpicii
739 1569 850 1658 culpa,
867 1568 924 1655 qui
943 1589 963 1630 a
976 1566 1072 1631 bonis
1085 1567 1149 1630 ini·

80 1671 133 1735 tiis
148 1687 181 1735 et
193 1672 440 1759 optimatum,
458 1672 558 1736 nimia
569 1672 799 1752 contentione,
812 1687 844 1736 et
856 1669 1020 1759 popularis
1032 1669 1150 1734 favoris

80 1795 159 1836 aura
174 1773 215 1836 ad
227 1774 350 1837 terrum
363 1788 395 1838 et
407 1797 496 1839 arma
515 1790 687 1863 provectus
699 1787 757 1840 eet.

114 1979 132 2045 S
143 1983 195 2030 ut
207 1982 301 2032 Aenon.
310 1981 338 2031 in
348 1984 431 2032 Senot.
440 2010 476 2021 —
485 1983 539 2033 Cio.
552 1982 584 2032 de
595 1985 702 2050 Hnmp.
711 1985 786 2049 Καρ.
797 1997 853 2048 etp.
864 1997 906 2030 no.
