2594 4980
159 695 226 767 380
330 697 396 763 JO.
425 696 766 764 FREINSHEMII
796 694 1044 764 SUPPLEM.

153 818 229 904 quia
254 819 419 879 Romanus
442 817 565 879 viribus
590 839 627 880 ae
651 816 819 904 disciplina
842 817 985 897 valebat,
1006 816 1227 906 Allobrogum

152 917 298 1006 ingentes
316 917 415 1002 copiae
432 918 576 979 maximis
596 922 818 980 Arvernorum
839 917 965 980 auxiliis
986 933 1088 981 auctae
1110 936 1225 1000 erant,

151 1017 192 1082 ad
211 1017 410 1081 conlluentes
424 1020 528 1107 Sulgae
544 1017 685 1082 fluminis
700 1035 732 1083 et
747 1017 918 1101 Rhodani,
930 1019 1022 1098 juxta
1034 1019 1224 1084 Vindalium

154 1120 207 1206 (id
226 1119 346 1206 oppido
364 1143 483 1182 nornen
500 1121 656 1205 traditur)
673 1119 738 1184 acri
757 1120 867 1206 praelio
884 1143 1080 1184 concursum
1098 1136 1158 1184 est.

195 1223 237 1284 X.
262 1222 310 1284 lbi
334 1223 475 1283 victoriae
502 1245 657 1310 magnum
683 1238 887 1285 momentum
914 1222 1078 1310 elephanti
1102 1223 1224 1286 attule-

151 1338 244 1396 runt,
268 1345 376 1384 rarum
405 1323 437 1384 in
465 1346 597 1385 romana
625 1322 692 1386 acie
717 1322 902 1410 praesidium
917 1323 1069 1386 thorum
1094 1322 1225 1386 insolita

151 1425 255 1488 forma
280 1447 317 1487 ac
349 1425 485 1486 stridore
516 1424 657 1489 hostium
690 1447 805 1513 agmen
834 1425 1044 1504 exterritum,
1065 1424 1224 1503 jumentis

153 1526 291 1587 maxime
309 1549 366 1612 per
384 1526 681 1590 consternationem
700 1543 732 1590 et
752 1527 930 1589 tumultum
949 1525 1152 1589 solventibus
1168 1548 1225 1589 or·

153 1624 262 1706 dines,
281 1628 388 1688 fusum
410 1629 632 1713 fugatumque
645 1642 713 1691 est:
733 1627 932 1714 captivorum
951 1627 1049 1689 milha
1071 1627 1132 1690 tria
1150 1626 1224 1691 fue·

152 1742 250 1806 runt3
273 1749 428 1788 caesorum
448 1729 550 1806 major
572 1750 746 1807 numerus,
762 1727 804 1791 ad
821 1728 933 1816 viginti
951 1727 1047 1791 millia
1069 1726 1224 1792 cecidisse

152 1829 348 1889 reseruntur.
369 1831 455 1890 Dum
474 1829 542 1889 haec
556 1843 644 1914 trans
656 1827 753 1913 Alpes
768 1846 943 1916 geruntur,
957 1829 1073 1893 foedius
1089 1830 1123 1891 in
1132 1830 1223 1894 Urbe

152 1942 313 1988 certamen
337 1928 421 1990 inter
444 1929 546 2006 cives,
564 1943 614 2005 et,
637 1928 751 1990 occisis
772 1929 953 2018 insignibus
978 1930 1071 2012 viris,
1094 1933 1223 1995 funesta

152 2029 284 2091 victoria
303 2031 364 2092 luit
378 2055 384 2092 z
399 2031 464 2110 jam
481 2030 566 2092 enim
581 2029 837 2117 gracchanorum
853 2047 1004 2095 motuum
1019 2047 1155 2096 eventus
1170 2054 1225 2096 ex·

152 2132 244 2216 sequi
262 2148 389 2217 tempus
408 2148 530 2194 monet.
551 2130 713 2194 Professas
731 2131 868 2195 invicem
887 2132 1071 2195 inimicitias
1088 2135 1123 2197 L.
1141 2133 1223 2219 Opi·

154 2232 237 2294 mius
255 2250 286 2295 et
304 2237 340 2295 C.
356 2233 521 2294 Gracchus
539 2232 693 2318 proximis
712 2233 835 2319 aliquot
851 2234 944 2295 annis
963 2234 1133 2305 aluerunt,
1153 2255 1223 2296 non

153 2333 222 2394 sine
246 2335 365 2395 mutuis
384 2334 588 2397 contumeliis
609 2357 646 2397 ac
664 2335 832 2422 periculis,
852 2335 1017 2421 utrisque,
1035 2351 1072 2397 ut
1093 2332 1148 2416 lit,
1164 2333 1223 2398 ad·

152 2436 326 2497 versarium
345 2437 459 2521 quovis
479 2434 577 2497 modo
597 2435 777 2523 deprimere
794 2434 1011 2499 studentibus.

196 2537 253 2597 Xl.
280 2536 446 2624 Opimius,
466 2560 523 2622 per
536 2536 712 2599 factionem
729 2537 795 2599 Caii
808 2537 910 2599 serius
925 2537 1130 2599 consulatum
1145 2535 1223 2600 ade·

152 2653 247 2722 ptus,
266 2639 368 2699 vicem
392 2640 419 2699 ci
441 2637 640 2719 reddiderat,
660 2654 791 2718 curato,
817 2661 857 2700 ne
883 2637 1059 2700 tribunitiis
1082 2638 1224 2703 comitiis

152 2739 322 2827 suffragia,
336 2763 407 2825 quae
425 2740 563 2826 plurima
580 2742 712 2820 tulerat,
729 2764 769 2802 ex
785 2738 848 2803 fide
865 2739 1152 2803 renuntiarentur:
1170 2737 1223 2815 id,

153 2864 337 2927 quanquam
358 2844 576 2905 controversia
598 2865 665 2904 non
687 2858 793 2922 earet,
810 2841 1009 2929 probabilius
1028 2840 1137 2903 effecit
1158 2840 1223 2903 ini·

153 2943 313 3003 micorum
326 2943 509 3021 insultatio,
521 2966 583 3028 qna
597 2943 709 3030 etipse
723 2944 934 3022 commotior,
946 2944 1042 3005 tuum
1058 2964 1107 3004 cos
1123 2941 1224 3004 ridere

154 3043 337 3103 sardonium
359 3042 458 3121 dixit,
478 3047 621 3128 apaturos,
639 3057 790 3130 quantum
812 3046 883 3131 ipsis
902 3043 1097 3106 teraebrarum
1119 3046 1224 3106 trotio·

153 3145 242 3206 uibus
269 3149 330 3206 suis
357 3140 530 3228 offudisset.
561 3145 604 3205 At
620 3145 655 3207 L.
673 3144 847 3231 Opimius,
875 3145 985 3207 omnia
1010 3143 1071 3206 sibi
1095 3142 1225 3206 consuli

153 3262 266 3306 contra
282 3244 441 3328 privatum
460 3244 610 3328 proniora
626 3241 755 3324 videns,
773 3243 900 3307 nullum
918 3267 984 3308 non
998 3243 1138 3332 lapidem
1150 3265 1225 3308 mo·

152 3345 270 3422 vebat,
298 3361 335 3406 nt
364 3345 566 3407 contumeliis
598 3344 790 3431 injuriisque
815 3346 974 3409 irritatum
998 3346 1150 3424 juvenem
1182 3342 1224 3408 ad

152 3444 326 3505 violentius
347 3444 479 3528 aliquod
502 3445 622 3507 lactum
645 3445 841 3533 impelleret,
860 3469 927 3534 quo
949 3446 1056 3510 fratris
1073 3446 1224 3534 exemplo

156 3542 354 3628 perderetur.

198 3646 270 3709 ΧΗ.
297 3647 399 3732 Igitur
418 3646 496 3708 rhun
514 3648 584 3727 ille,
603 3671 679 3715 cum
694 3650 863 3715 M.Fulvio
877 3651 1010 3731 Flacco,
1024 3650 1224 3736 conquiren-

154 3743 202 3808 dis
220 3770 277 3834 per
291 3749 411 3812 ltaliam
427 3750 550 3812 colonis
564 3768 753 3840 occupatur,
769 3752 825 3837 qui
841 3750 1068 3837 Carthaginem
1084 3749 1225 3816 devehe·

156 3866 284 3930 rentur,
303 3854 417 3914 consul
436 3875 548 3914 omnes
571 3875 644 3915 suas
664 3868 746 3916 artes
764 3853 914 3938 viresque
931 3850 973 3914 ad
991 3849 1225 3918 subvertendas

154 3949 221 4027 ejus
242 3952 345 4039 leges,
363 3953 505 4014 tollenda
519 3968 602 4032 acta,
625 3955 768 4041 explicat.
786 3953 950 4040 Praecipue
971 3953 1190 4017 terminorum
1206 3978 1226 4019 a

154 4052 237 4139 lupis
266 4069 432 4116 motorum
458 4055 643 4143 prodigium
676 4055 880 4119 celebratur:
911 4069 1035 4118 tautum
1059 4077 1122 4117 uon
1148 4072 1249 4121 voce*

155 4156 247 4216 rru'ssu
262 4179 387 4218 monere
410 4159 560 4219 astartium
575 4157 700 4220 auriac}
707 4206 716 4237 ,
735 4179 798 4220 non
819 4179 879 4219 esse
900 4156 960 4220 dtis
972 4157 1064 4219 cordi
1080 4178 1153 4220 eam
1173 4161 1226 4222 in·

190 4352 251 4415 SX.
268 4355 347 4401 Strah.
363 4359 386 4412 I,
400 4363 423 4409 4.
436 4354 542 4403 —Vclh
554 4357 591 4412 11,
608 4370 647 4402 ro.
664 4380 701 4391 —
717 4355 770 4402 Ltv.
784 4354 848 4418 Epit.
869 4380 904 4389 -
922 4354 1134 4411 Flor.111‚2.—
1147 4354 1225 4405 Oros.

153 4437 185 4493 v,
202 4437 239 4482 13.
253 4464 286 4473 -
301 4436 315 4500 S
331 4440 377 4485 xl.
390 4438 549 4491 Plutarchus
561 4439 590 4487 C.
602 4437 731 4499 Graccho,
750 4453 803 4504 cap.
818 4437 856 4484 16.
865 4464 901 4475 —
910 4437 1018 4505 Appius.
1028 4436 1085 4489 civ.
1096 4435 1142 4491 rib.
1153 4437 1176 4489 Ι,
