2594 4980
274 744 328 811 tn
356 740 469 811 noc.
496 742 586 809 me.
614 716 738 809 Lini
767 740 981 809 Liviani.
1089 734 1159 808 313

108 861 226 928 cordia.
241 864 402 927 Hactenus
418 861 504 924 enim
521 860 634 924 studiis
645 875 771 923 tantum
781 859 951 946 verbisque
960 872 1116 923 certatum
1126 858 1162 921 in

109 963 196 1026 Urbe
213 963 316 1026 fuerat
332 987 339 1026 :
355 963 394 1026 ab
413 963 467 1026 illo
485 962 625 1049 primum
640 962 805 1048 exemplo,
820 960 918 1023 civilis
935 960 1098 1048 sanguinis
1116 959 1163 1022 vi·

109 1065 197 1144 litas,
215 1080 247 1127 et
264 1062 441 1152 gladiorum
459 1063 629 1151 impunitas
647 1061 751 1150 coepit.
768 1063 910 1149 Corpora
929 1060 1164 1147 insepultorum

111 1164 204 1251 (adeo
226 1165 398 1252 sepultura·
415 1186 545 1252 quoque
564 1163 676 1227 odium
692 1160 867 1247 inviderat)
882 1161 915 1223 in
933 1160 1074 1224 Tiberim
1090 1181 1165 1247 pro·

107 1266 190 1344 jecta
207 1289 214 1328 :
231 1266 332 1352 ipsius
354 1265 489 1330 Gracchi
505 1263 646 1344 cadaver,
661 1263 701 1326 ab
717 1261 806 1326 aedile
821 1262 969 1325 Lucretio
989 1263 1021 1323 in
1045 1258 1165 1322 llumen

109 1365 356 1452 praecipitatum,
375 1386 554 1452 cognomen
571 1364 696 1428 familiae
716 1362 821 1445 dedit,
837 1379 872 1425 ut
889 1361 1090 1451 Vespillones
1107 1383 1166 1424 vo·

113 1483 273 1530 careatur.
1008 1476 1010 1480 “

153 1568 237 1630 LXI.
254 1568 329 1630 Haec
339 1567 486 1631 atrocitas
497 1568 615 1655 (neque
627 1569 713 1631 enim
730 1560 860 1631 fratrem
876 1566 1009 1645 Caium,
1024 1579 1061 1627 ut
1074 1577 1168 1626 nocte

111 1668 244 1754 sepelire
253 1668 378 1749 liceret,
390 1669 621 1757 supplicantem
637 1667 836 1755 audiverant)
849 1668 1065 1754 suspicionem
1079 1662 1167 1751 apud

112 1770 230 1833 multos
254 1770 418 1850 excitavit,
440 1792 508 1833 non
537 1787 601 1833 tam
621 1766 730 1833 amore
755 1770 884 1857 patriae,
909 1788 1095 1855 quanquam
1116 1764 1171 1827 bio

111 1870 232 1956 ubique
248 1872 442 1959 praetexitur,
459 1893 556 1958 quam
574 1870 656 1935 odiis
679 1871 712 1933 in
739 1869 941 1949 Gracchum,
961 1882 994 1931 et
1012 1867 1062 1929 sui
1080 1887 1170 1929 com·

111 1971 220 2058 pendii
243 1972 485 2060 gratialacinus
504 1973 567 2034 hoc
589 1970 791 2061 designatum
810 1996 828 2034 a
846 1969 1061 2058 locupletibus
1081 1988 1170 2030 esse:

111 2073 302 2158 prasertim,
318 2096 418 2160 quum
432 2096 586 2137 numerus
597 2074 745 2154 illorum,
759 2073 814 2160 qui
826 2073 976 2152 juvenem
993 2087 1063 2133 tum
1076 2069 1173 2157 stipa·

111 2172 204 2254 bant,
222 2173 324 2236 tribus
342 2174 482 2238 millibus
500 2174 588 2239 haud
604 2175 751 2262 amplior,
769 2174 862 2238 facile
878 2172 1061 2236 mitioribus
1080 2192 1172 2234 coer·

112 2274 176 2336 ceri
194 2273 343 2337 remediis
358 2276 526 2362 potuisset.
541 2275 720 2340 Laborabat
735 2276 864 2339 interim
882 2276 987 2339 servili
1004 2273 1089 2335 bello
1105 2293 1173 2334 res·

111 2374 256 2463 publica,
267 2374 355 2461 quod
365 2377 453 2439 vario
469 2392 587 2441 eventu
595 2377 765 2465 gerebatur
776 2400 783 2441 :
795 2392 826 2439 et
836 2376 892 2463 qui
902 2376 1020 2440 civium
1037 2394 1172 2437 suorum

113 2476 253 2539 actiones
274 2493 339 2539 tam
357 2477 514 2540 hostiliter
532 2478 591 2541 ulti
611 2494 717 2553 erant,
731 2477 870 2541 vicissim
886 2499 904 2539 a
923 2473 1089 2561 mancipiis
1108 2471 1174 2535 suis

114 2576 315 2641 intoleranda
339 2578 551 2664 patiebantur.

157 2678 256 2740 LXll.
273 2677 354 2740 Nam
372 2694 487 2764 praeter
501 2678 627 2766 fugatos
643 2697 805 2764 caesosque
821 2679 854 2739 in
872 2676 977 2739 Sicilia
994 2674 1173 2753 exercitus,

114 2800 172 2864 per
187 2779 310 2841 ltaliam
328 2801 460 2865 quoque
476 2793 574 2864 atque
587 2780 621 2841 in
639 2779 707 2865 ipsa
723 2778 810 2840 Urbe
822 2776 1017 2864 trepidatum
1033 2790 1099 2854 est,
1116 2773 1175 2835 ubi

111 2880 176 2955 jam
193 2896 323 2941 centum
340 2880 573 2967 quinquaginta
587 2881 668 2943 servi
683 2880 928 2958 conjuraverant
943 2899 951 2940 ε
967 2898 1106 2964 quorum
1122 2873 1175 2936 in·

114 2980 205 3043 diciis
225 2980 467 3068 (comprehensi
483 2981 570 3044 enim
588 2981 758 3068 punitique
775 2977 915 3062 fuerant)
939 2999 1039 3063 quum
1057 2975 1174 3062 passim

113 3101 172 3166 per
182 3079 303 3143 ltaliam
313 3081 516 3160 conjuratum
535 3103 603 3144 esse
619 3081 788 3169 patuisset,
800 3081 840 3162 Q.
859 3078 1007 3151 Metello,
1025 3077 1085 3139 Cn.
1099 3076 1173 3139 Ser·

114 3179 189 3241 vilio
200 3180 344 3265 Caepioni
353 3178 463 3243 datum
476 3181 641 3269 negotium
654 3182 712 3260 est,
722 3181 811 3267 iique
818 3181 974 3243 Sinuessae
986 3176 1026 3241 ad
1035 3192 1176 3265 quatuor

116 3282 212 3345 millia
237 3305 403 3345 servorum
428 3299 657 3371 oppresserunt
674 3307 681 3347 :
698 3283 793 3346 etiam
821 3281 996 3345 Minturnis
1022 3277 1176 3366 quadrin-

113 3385 203 3471 genti
223 3385 457 3473 quinquaginta
474 3386 509 3448 in
528 3408 658 3449 crucem
680 3385 741 3448 acti
761 3400 846 3448 sunt.
864 3382 1004 3446 Manavit
1026 3396 1178 3468 praeterea

117 3484 150 3544 in
160 3484 266 3546 Asiam
274 3532 282 3565 ,
291 3485 324 3546 iu
333 3485 487 3549 Graeciam
498 3485 583 3549 idem
594 3488 685 3548 l'uror
696 3510 703 3549 :
714 3502 746 3550 et
754 3487 787 3548 in
799 3484 932 3548 metallis
944 3481 1076 3571 quidem
1086 3481 1179 3546 Athe·

118 3585 278 3648 niensium
307 3586 347 3649 ab
373 3587 534 3651 Heraclito
552 3603 687 3675 praetore
708 3611 803 3676 supra
819 3586 914 3651 ‘mille
937 3605 1104 3669 serrorum
1122 3604 1179 3646 oc·

117 3685 173 3746 cisi
189 3708 195 3747 :
212 3686 243 3746 in
260 3686 619 3775 Deloquoque'insula,
635 3711 738 3774 quum
751 3687 862 3751 eadem
879 3686 1088 3765 molirentur,
1097 3706 1178 3771 prae-

116 3785 205 3846 venti
224 3807 242 3847 a
262 3783 420 3866 dominis,
437 3802 469 3851 et
487 3788 645 3876 supplicio
661 3787 769 3851 affecti
791 3801 878 3849 sunt.

162 3883 279 3946 LXlll.
300 3885 414 3970 Neque
429 3886 617 3951 Macedonia
634 3889 792 3952 malorum
810 3887 946 3948 istorum
969 3908 1077 3949 exsors
1099 3884 1176 3962 fuit,

119 4008 216 4072 quam
235 3987 296 4048 late
314 3985 549 4074 depopulavere
572 3990 708 4053 servitia.
730 3987 868 4050 Maxima
891 4000 996 4049 tamen
1019 3986 1052 4047 in
1074 3983 1195 4055 Sicilia,

155 4199 236 4264 SLX.
250 4203 356 4266 Appian.
371 4203 424 4254 etv.
437 4202 481 4251 lib.
495 4206 514 4251 1.
526 4231 560 4242 -
570 4205 635 4254 Vell.
646 4207 684 4265 Il,
699 4221 722 4253 a.
739 4232 775 4243 -
789 4205 842 4253 Liv.
857 4205 922 4271 Epit.
942 4230 976 4242 -
992 4204 1067 4252 Δηοῖ.
1082 4202 1113 4250 de
1124 4202 1179 4252 Vir.

122 4284 157 4332 ill.
170 4312 205 4320 -
213 4286 335 4335 Plutarch.
347 4287 372 4334 in
384 4287 505 4336 Graccho.
517 4314 553 4324 —
565 4286 582 4352 S
593 4290 660 4338 LXI.
670 4288 777 4354 Appian.
793 4314 827 4325 -—
840 4289 894 4336 Liv.
909 4287 973 4351 Epit.
984 4313 1018 4323 -
1026 4285 1076 4334 tul.
1087 4285 1178 4350 Obseq.

121 4395 155 4403 —
177 4368 281 4420 Diodor.
301 4371 345 4421 lib.
363 4372 485 4422 xxxtv.
501 4398 536 4410 -
553 4372 666 4434 ΟΜΝ,
682 4388 707 4436 9.
723 4399 757 4412 -
775 4371 791 4438 s
809 4372 886 4420 un.
905 4368 1007 4419 Diodor.
1026 4368 1093 4435 apud
1108 4368 1181 4418 Phot.

123 4461 145 4495 at
158 4452 237 4502 Valaa.
