2594 4980
132 692 197 779 146
303 697 738 771 JO.FREINSHEMII
767 698 1012 769 SUPPLEM.
1091 686 1099 701 ’

128 820 234 899 nisus,
251 818 403 882 arietibus
421 819 647 908 machinisque
665 820 705 885 ad
725 821 858 889 loricam
877 820 1044 905 adductis,
1056 822 1121 887 vim
1135 822 1174 888 in·

125 924 210 985 serre
224 921 317 1001 jubet
331 944 338 984 :
353 920 486 1008 jamque
506 944 623 1011 magna
645 946 718 1012 pars
741 939 922 1005 corruerat,
941 924 1173 1015 sperabamque

123 1026 214 1089 locus
226 1025 403 1113 expugnari
415 1023 469 1087 dic
481 1027 633 1112 sequenti
646 1048 760 1114 posse;
773 1050 893 1114 quum,
907 1042 1004 1093 nocte
1012 1026 1172 1109 interiecta,

125 1129 231 1208 Poeni,
248 1129 322 1191 lieet
341 1127 425 1189 fame
444 1126 622 1215 multisque
643 1144 795 1216 praeterea
814 1126 1050 1195 calamitatibus
1066 1152 1171 1219 pretae-

121 1246 245 1310 rentur,
260 1229 464 1317 perditorum
479 1229 651 1295 hominum
666 1230 821 1295 emittunt
836 1252 989 1311 uranum,
1007 1254 1077 1297 non
1088 1248 1169 1309 tau.

120 1332 275 1419 quoniam
301 1330 407 1393 aditus
433 1330 479 1392 ibi
502 1353 571 1393 non
598 1346 683 1414 erat,
710 1354 817 1418 neque
841 1331 995 1414 navibus,
1016 1332 1167 1421 quibnsin

119 1434 198 1497 inari
213 1431 336 1496 vadoso
351 1432 513 1494 incertum
528 1432 606 1513 iter,
617 1431 674 1498 sed
688 1432 805 1522 globus
819 1432 985 1499 nudorum
996 1432 1166 1515 hominum,

120 1558 227 1623 neque
243 1535 350 1615 aliud,
368 1550 485 1622 praeter
500 1535 601 1616 faces,
621 1557 663 1598 ne
679 1535 737 1599 has
751 1534 884 1623 quidem
902 1536 1067 1620 incensas,
1083 1534 1167 1603 feru·

119 1641 216 1721 tium,
232 1660 272 1699 ne
284 1637 359 1700 luce
372 1651 509 1700 conatus
521 1634 727 1723 proderetur,
741 1658 829 1701 mare
840 1636 994 1725 ingressi,
1010 1659 1076 1725 qua
1088 1656 1165 1703 nent

118 1760 316 1827 quemquam
343 1752 590 1823 penetraturum
618 1759 688 1802 esse
714 1736 910 1819 crediderat,
928 1755 966 1802 ut
989 1739 1123 1827 quisque
1140 1736 1163 1801 ir

115 1841 228 1906 altiora
249 1856 306 1903 ant
325 1838 525 1926 depressiora
545 1839 616 1902 loca
639 1837 822 1919 incidisset,
840 1837 980 1927 pedibus
998 1854 1057 1903 aut
1076 1836 1163 1905 mab

114 1942 393 2020 transmittebant3
417 1940 523 2002 ‹ionec
547 1938 588 2002 ad
615 1940 744 2023 locum,
766 1941 822 2004 ubi
853 1940 1011 2005 machina
1037 1940 1163 2017 stabant,

115 2060 270 2107 ventum:
289 2042 333 2103 ibi
350 2042 504 2104 suscitato
515 2040 607 2129 igne,
624 2042 833 2129 accensisque
847 2041 988 2123 facibus,
1007 2041 1049 2107 ad
1065 2038 1163 2105 maehi-

114 2168 170 2209 nas
187 2142 406 2208 incendendas
422 2142 549 2229 impetu
565 2144 755 2230 provolant:
773 2144 886 2209 eadent
903 2166 1003 2231 opera
1017 2138 1162 2233 conspici

111 2248 261 2312 hostibus
286 2245 379 2323 sacti,
401 2243 513 2305 multis
539 2244 730 2309 vulneribus
755 2246 979 2331 excipiuntur,
1002 2268 1103 2333 quum
1123 2242 1162 2307 tir

112 2350 235 2428 ulium,
259 2362 296 2408 ut
317 2345 351 2405 in
378 2342 466 2406 nuda
492 2365 647 2431 corpora,
671 2346 799 2411 irritum
823 2345 925 2409 telum
950 2346 1088 2411 caderet.
1113 2342 1162 2411 Sed

112 2450 191 2537 ipsi,
208 2449 273 2512 sola
290 2444 516 2532 desperatione
532 2446 664 2525 armati,
678 2447 885 2532 ferarumque
902 2447 1041 2510 marein
1059 2448 1160 2511 ferrum

110 2568 143 2614 et
164 2564 304 2612 mortem
323 2561 475 2626 ruentes,
494 2568 562 2607 non
579 2546 707 2609 minora
723 2548 822 2625 maha,
844 2570 941 2634 qnam
958 2548 1160 2636 patiebantur,

110 2649 311 2714 inferebant:
327 2669 433 2731 neque
447 2645 638 2719 discessere,
656 2646 762 2713 donec
778 2648 934 2713 machinis
951 2648 1160 2729 concrematis,

110 2766 235 2815 tanturn
258 2763 408 2835 praeterea
434 2763 591 2811 terrorem
616 2749 771 2813 Romanis
797 2750 995 2833 injecerunt,
1016 2767 1053 2815 ut
1068 2750 1160 2829 multi,

109 2872 261 2940 tanquam
280 2851 405 2913 arnissis
422 2851 662 2939 rcl›11s‚frrgam
679 2851 809 2916 inirent.

153 2956 243 3019 xlx.
258 2955 384 3042 Scipio,
400 2970 490 3017 nretn
504 2953 635 3031 majoris
648 2952 867 3034 incommodi,
883 2976 960 3019 curn
974 2953 1105 3021 delectis
1114 2950 1160 3017 ob·

108 3059 276 3147 equitans,
293 3056 369 3144 quia
393 3056 502 3143 fugam
521 3053 612 3116 aliter
631 3054 744 3117 sistere
765 3077 832 3117 non
852 3069 996 3142 poterat,
1017 3055 1161 3145 bagientct

107 3184 167 3249 pro
192 3159 341 3223 hostibus
366 3156 445 3220 caesii
469 3156 592 3234 jussit:
613 3155 679 3234 ita,
700 3156 810 3243 paucis
835 3156 1030 3238 interfectis,
1055 3156 1163 3245 reliqua

107 3262 201 3324 turba
219 3262 252 3324 in
271 3275 373 3322 casua
392 3255 535 3336 redacta,
556 3271 657 3319 totam
681 3256 799 3320 deinde
822 3274 953 3323 noctem
982 3260 1089 3345 (tanta
1107 3266 1171 3323 erat

107 3362 296 3450 trepidatio)
313 3360 348 3421 in
364 3356 462 3420 armis
477 3355 600 3443 exegit,
615 3356 701 3419 nulla
719 3379 865 3445 unquam
879 3358 998 3425 fiducia
1011 3358 1180 3425 hostium.

106 3482 264 3555 quantum
284 3480 374 3525 nunc
390 3457 614 3545 desperatione
629 3460 783 3525 omnibus
801 3462 969 3528 exterritis.
987 3465 1031 3525 At
1045 3462 1091 3527 illi
1105 3478 1192 3527 suc·

105 3590 198 3631 ressu
214 3564 294 3643 laeti,
313 3559 472 3623 machinis
493 3561 671 3648 corruptis,
693 3561 825 3642 eadem,
846 3586 910 3650 qua
927 3579 1100 3646 venerant,
1121 3560 1204 3629 via

103 3671 218 3733 domos
231 3663 461 3752 repetiverunt.
473 3660 652 3727 Affirnsavit
661 3664 688 3727 is
700 3687 793 3728 casus
804 3663 934 3751 Polybii
945 3665 1164 3753 prudentiam
1190 3745 1205 3755 ⁶

104 3770 179 3858 qni,
199 3762 441 3844 animadverso,
457 3764 538 3827 locis
561 3765 600 3827 iis
619 3765 778 3830 vadosum
800 3789 887 3829 snare
909 3789 996 3849 csse,
1016 3782 1052 3833 nt
1067 3758 1205 3832 babel

101 3886 161 3935 ortt
174 3864 411 3954 asscresfierreis
426 3864 523 3931 clavis
539 3866 709 3947 horrentes,
726 3869 773 3931 ed
780 3868 1012 3956 prohibendus
1030 3870 1205 3935 laeam

100 3975 258 4035 iterassem
280 3970 487 4057 utjieercntur,
509 3985 662 4035 suaserat.
678 3969 716 4033 ld
737 3969 910 4033 eorrsilinrn
932 3993 999 4035 uon
1021 3964 1205 4037 reconl‘fi

101 4087 290 4160 aspernatus
306 4087 355 4134 est
371 4071 502 4153 consnl;
522 4070 579 4135 sed
596 4070 686 4158 quod
701 4072 872 4135 absurdum
889 4094 951 4137 esse
967 4070 1108 4153 diceret,
1120 4053 1205 4135 εξ

90 4176 165 4263 jam
192 4196 281 4236 micro
312 4175 394 4237 rudis
418 4187 583 4261 seperate,
600 4170 785 4260 formidare
810 4194 1008 4257 congtesstun
1034 4173 1205 4237 hosntr

101 4274 288 4339 virdunense.

135 4460 151 4524 5
164 4462 259 4510 stul.
273 4462 336 4509 Flor.
347 4463 384 4517 ΙΙ,
397 4461 436 4506 15.
452 4486 486 4495 -
498 4458 604 4522 Appian.
619 4459 680 4521 -S
694 4461 765 4507 XIX.
776 4458 840 4507 Plut.
853 4460 963 4523 Apopln.
977 4464 1050 4509 Rom.
1061 4478 1082 4508 c.
1096 4474 1172 4507 ao.-

16 4644 121 4707 ἢ.
