<?xml version="1.0" encoding="UTF-8"?>
<!DOCTYPE html PUBLIC "-//W3C//DTD XHTML 1.0 Transitional//EN"
    "http://www.w3.org/TR/xhtml1/DTD/xhtml1-transitional.dtd">
<html xmlns="http://www.w3.org/1999/xhtml" xml:lang="en" lang="en">
 <head>
  <title>
</title>
<meta http-equiv="Content-Type" content="text/html;charset=utf-8" />
  <meta name='ocr-system' content='tesseract 3.04.00' />
  <meta name='ocr-capabilities' content='ocr_page ocr_carea ocr_par ocr_line ocrx_word'/>
</head>
<body>
  <div class='ocr_page' id='page_1' title='image "./titusliviuspata00freigoog_0067.png"; bbox 0 0 2594 4980; ppageno 0'>
   <div class='ocr_carea' id='block_1_1' title="bbox 119 736 1131 838">
    <p class='ocr_par' dir='ltr' id='par_1_1' title="bbox 119 736 1131 838">
     <span class='ocr_line' id='line_1_1' title="bbox 119 736 1131 838; baseline 0.004 -27"><span class='ocrx_word' id='word_1_1' title='bbox 119 746 166 838; x_wconf 70' lang='lat'><strong>74</strong></span> <span class='ocrx_word' id='word_1_2' title='bbox 191 743 261 813; x_wconf 82' lang='lat' dir='ltr'><strong>to.</strong></span> <span class='ocrx_word' id='word_1_3' title='bbox 281 745 479 815; x_wconf 86' lang='lat' dir='ltr'><strong>FREINS.</strong></span> <span class='ocrx_word' id='word_1_4' title='bbox 501 745 635 818; x_wconf 89' lang='lat' dir='ltr'><strong>SUPP.</strong></span> <span class='ocrx_word' id='word_1_5' title='bbox 656 748 710 818; x_wconf 87' lang='lat' dir='ltr'><strong>IN</strong></span> <span class='ocrx_word' id='word_1_6' title='bbox 731 741 842 818; x_wconf 89' lang='lat' dir='ltr'><strong>LOC.</strong></span> <span class='ocrx_word' id='word_1_7' title='bbox 864 744 957 815; x_wconf 89' lang='lat' dir='ltr'><strong>LIB.</strong></span> <span class='ocrx_word' id='word_1_8' title='bbox 976 736 1131 816; x_wconf 84' lang='lat' dir='ltr'>XLVII]</span> 
     </span>
    </p>
   </div>
   <div class='ocr_carea' id='block_1_2' title="bbox 8 864 1131 3898">
    <p class='ocr_par' dir='ltr' id='par_1_2' title="bbox 8 864 1131 3898">
     <span class='ocr_line' id='line_1_2' title="bbox 118 864 1131 957; baseline 0.003 -31"><span class='ocrx_word' id='word_1_9' title='bbox 118 864 255 953; x_wconf 87' lang='lat' dir='ltr'><strong>imperio</strong></span> <span class='ocrx_word' id='word_1_10' title='bbox 278 867 420 931; x_wconf 90' lang='lat' dir='ltr'><strong>solutum</strong></span> <span class='ocrx_word' id='word_1_11' title='bbox 444 867 483 931; x_wconf 89' lang='lat' dir='ltr'><strong>iri</strong></span> <span class='ocrx_word' id='word_1_12' title='bbox 506 867 627 933; x_wconf 90' lang='lat' dir='ltr'><strong>bellum</strong></span> <span class='ocrx_word' id='word_1_13' title='bbox 651 864 795 957; x_wconf 86' lang='lat' dir='ltr'><strong>putabat.</strong></span> <span class='ocrx_word' id='word_1_14' title='bbox 818 867 940 932; x_wconf 86' lang='lat' dir='ltr'><strong>Verum</strong></span> <span class='ocrx_word' id='word_1_15' title='bbox 964 867 1009 930; x_wconf 92' lang='lat' dir='ltr'><strong>illi</strong></span> <span class='ocrx_word' id='word_1_16' title='bbox 1032 867 1131 930; x_wconf 78' lang='lat' dir='ltr'><strong>euml</strong></span> 
     </span>
     <span class='ocr_line' id='line_1_3' title="bbox 118 967 1131 1052; baseline -0.001 -22"><span class='ocrx_word' id='word_1_17' title='bbox 118 967 276 1032; x_wconf 89' lang='lat' dir='ltr'><strong>mandatis</strong></span> <span class='ocrx_word' id='word_1_18' title='bbox 287 968 493 1050; x_wconf 82' lang='lat' dir='ltr'><strong>advenerant,</strong></span> <span class='ocrx_word' id='word_1_19' title='bbox 503 971 658 1052; x_wconf 58' lang='lat' dir='ltr'><strong>ansnnbi</strong></span> <span class='ocrx_word' id='word_1_20' title='bbox 662 969 807 1033; x_wconf 82' lang='lat' dir='ltr'><strong>laborare</strong></span> <span class='ocrx_word' id='word_1_21' title='bbox 816 968 957 1031; x_wconf 67' lang='lat' dir='ltr'><strong>viderent</strong></span> <span class='ocrx_word' id='word_1_22' title='bbox 964 968 1131 1030; x_wconf 78' lang='lat' dir='ltr'><em>Masinissa</em></span> 
     </span>
     <span class='ocr_line' id='line_1_4' title="bbox 118 1065 1131 1159; baseline -0.001 -27"><span class='ocrx_word' id='word_1_23' title='bbox 118 1065 225 1132; x_wconf 66' lang='lat' dir='ltr'><strong>nollem</strong></span> <span class='ocrx_word' id='word_1_24' title='bbox 230 1072 450 1133; x_wconf 70' lang='lat' dir='ltr'><strong>controversiis</strong></span> <span class='ocrx_word' id='word_1_25' title='bbox 457 1071 630 1150; x_wconf 78' lang='lat' dir='ltr'><strong>studerent,</strong></span> <span class='ocrx_word' id='word_1_26' title='bbox 640 1073 823 1159; x_wconf 69' lang='lat' dir='ltr'><strong>seponerem</strong></span> <span class='ocrx_word' id='word_1_27' title='bbox 832 1066 1018 1155; x_wconf 81' lang='lat' dir='ltr'><strong>utisortuna</strong></span> <span class='ocrx_word' id='word_1_28' title='bbox 1024 1069 1131 1134; x_wconf 75' lang='lat' dir='ltr'><strong>bertar</strong></span> 
     </span>
     <span class='ocr_line' id='line_1_5' title="bbox 118 1169 1131 1260; baseline 0.002 -28"><span class='ocrx_word' id='word_1_29' title='bbox 118 1182 180 1232; x_wconf 81' lang='lat' dir='ltr'><strong>tur.</strong></span> <span class='ocrx_word' id='word_1_30' title='bbox 195 1170 241 1232; x_wconf 87' lang='lat' dir='ltr'><strong>lta</strong></span> <span class='ocrx_word' id='word_1_31' title='bbox 256 1169 427 1234; x_wconf 82' lang='lat' dir='ltr'><strong>frustratus</strong></span> <span class='ocrx_word' id='word_1_32' title='bbox 441 1174 675 1260; x_wconf 80' lang='lat' dir='ltr'><strong>exspectatione</strong></span> <span class='ocrx_word' id='word_1_33' title='bbox 689 1194 747 1236; x_wconf 88' lang='lat' dir='ltr'><strong>sua</strong></span> <span class='ocrx_word' id='word_1_34' title='bbox 758 1169 953 1251; x_wconf 85' lang='lat' dir='ltr'>Hasdrubal,</span> <span class='ocrx_word' id='word_1_35' title='bbox 969 1193 1072 1257; x_wconf 89' lang='lat' dir='ltr'><strong>quum</strong></span> <span class='ocrx_word' id='word_1_36' title='bbox 1086 1171 1131 1234; x_wconf 87' lang='lat' dir='ltr'><strong>eti</strong></span> 
     </span>
     <span class='ocr_line' id='line_1_6' title="bbox 8 1268 1131 1360; baseline 0.004 -28"><span class='ocrx_word' id='word_1_37' title='bbox 8 1322 19 1333; x_wconf 88' lang='lat'><strong>.</strong></span> <span class='ocrx_word' id='word_1_38' title='bbox 118 1268 309 1357; x_wconf 89' lang='lat' dir='ltr'><strong>erumpendi</strong></span> <span class='ocrx_word' id='word_1_39' title='bbox 333 1272 681 1353; x_wconf 83' lang='lat' dir='ltr'><strong>occasionem,attritis</strong></span> <span class='ocrx_word' id='word_1_40' title='bbox 702 1273 831 1336; x_wconf 87' lang='lat' dir='ltr'><strong>interim</strong></span> <span class='ocrx_word' id='word_1_41' title='bbox 848 1272 1041 1360; x_wconf 84' lang='lat' dir='ltr'>corporibus</span> <span class='ocrx_word' id='word_1_42' title='bbox 1057 1273 1131 1336; x_wconf 85' lang='lat' dir='ltr'><strong>amis</strong></span> 
     </span>
     <span class='ocr_line' id='line_1_7' title="bbox 115 1371 1131 1453; baseline 0.004 -19"><span class='ocrx_word' id='word_1_43' title='bbox 115 1387 179 1453; x_wconf 87' lang='lat' dir='ltr'><strong>set,</strong></span> <span class='ocrx_word' id='word_1_44' title='bbox 189 1371 222 1434; x_wconf 92' lang='lat' dir='ltr'><strong>in</strong></span> <span class='ocrx_word' id='word_1_45' title='bbox 235 1372 405 1436; x_wconf 84' lang='lat' dir='ltr'><strong>maximam</strong></span> <span class='ocrx_word' id='word_1_46' title='bbox 419 1373 628 1438; x_wconf 85' lang='lat' dir='ltr'><strong>calamitatem</strong></span> <span class='ocrx_word' id='word_1_47' title='bbox 641 1373 765 1442; x_wconf 84' lang='lat' dir='ltr'><strong>incidit.</strong></span> <span class='ocrx_word' id='word_1_48' title='bbox 779 1376 848 1437; x_wconf 88' lang='lat' dir='ltr'><strong>lam</strong></span> <span class='ocrx_word' id='word_1_49' title='bbox 858 1374 1014 1453; x_wconf 84' lang='lat' dir='ltr'><strong>jumentis</strong></span> <span class='ocrx_word' id='word_1_50' title='bbox 1029 1374 1131 1438; x_wconf 90' lang='lat' dir='ltr'><strong>omuil</strong></span> 
     </span>
     <span class='ocr_line' id='line_1_8' title="bbox 117 1473 1131 1563; baseline 0.002 -28"><span class='ocrx_word' id='word_1_51' title='bbox 117 1474 275 1561; x_wconf 88' lang='lat' dir='ltr'><strong>equisque</strong></span> <span class='ocrx_word' id='word_1_52' title='bbox 295 1475 327 1535; x_wconf 91' lang='lat' dir='ltr'><strong>iu</strong></span> <span class='ocrx_word' id='word_1_53' title='bbox 344 1473 452 1537; x_wconf 92' lang='lat' dir='ltr'><strong>cibum</strong></span> <span class='ocrx_word' id='word_1_54' title='bbox 472 1474 666 1563; x_wconf 83' lang='lat' dir='ltr'><strong>absumptis,</strong></span> <span class='ocrx_word' id='word_1_55' title='bbox 679 1476 773 1538; x_wconf 84' lang='lat' dir='ltr'><strong>etiam</strong></span> <span class='ocrx_word' id='word_1_56' title='bbox 788 1490 916 1538; x_wconf 83' lang='lat' dir='ltr'><strong>amenta</strong></span> <span class='ocrx_word' id='word_1_57' title='bbox 931 1475 1073 1538; x_wconf 90' lang='lat' dir='ltr'><strong>telorum</strong></span> <span class='ocrx_word' id='word_1_58' title='bbox 1088 1497 1131 1539; x_wconf 87' lang='lat' dir='ltr'><strong>co:</strong></span> 
     </span>
     <span class='ocr_line' id='line_1_9' title="bbox 116 1573 1131 1665; baseline 0.002 -28"><span class='ocrx_word' id='word_1_59' title='bbox 116 1591 189 1638; x_wconf 89' lang='lat' dir='ltr'><strong>rant</strong></span> <span class='ocrx_word' id='word_1_60' title='bbox 200 1577 260 1638; x_wconf 85' lang='lat' dir='ltr'><strong>:ita</strong></span> <span class='ocrx_word' id='word_1_61' title='bbox 274 1575 359 1638; x_wconf 82' lang='lat' dir='ltr'><strong>fame</strong></span> <span class='ocrx_word' id='word_1_62' title='bbox 375 1573 518 1658; x_wconf 86' lang='lat' dir='ltr'><strong>afflictis,</strong></span> <span class='ocrx_word' id='word_1_63' title='bbox 535 1592 572 1640; x_wconf 92' lang='lat' dir='ltr'><strong>ut</strong></span> <span class='ocrx_word' id='word_1_64' title='bbox 588 1577 687 1658; x_wconf 89' lang='lat' dir='ltr'><strong>solet,</strong></span> <span class='ocrx_word' id='word_1_65' title='bbox 702 1576 808 1640; x_wconf 87' lang='lat' dir='ltr'><strong>morbi</strong></span> <span class='ocrx_word' id='word_1_66' title='bbox 825 1599 892 1639; x_wconf 91' lang='lat' dir='ltr'><strong>non</strong></span> <span class='ocrx_word' id='word_1_67' title='bbox 912 1598 1102 1665; x_wconf 90' lang='lat' dir='ltr'><strong>pepercere,</strong></span> <span class='ocrx_word' id='word_1_68' title='bbox 1115 1598 1131 1639; x_wconf 88' lang='lat' dir='ltr'><strong>n</strong></span> 
     </span>
     <span class='ocr_line' id='line_1_10' title="bbox 116 1675 1131 1766; baseline 0.002 -28"><span class='ocrx_word' id='word_1_69' title='bbox 116 1675 201 1738; x_wconf 85' lang='lat' dir='ltr'><strong>xime</strong></span> <span class='ocrx_word' id='word_1_70' title='bbox 213 1698 316 1761; x_wconf 91' lang='lat' dir='ltr'><strong>quum</strong></span> <span class='ocrx_word' id='word_1_71' title='bbox 328 1676 442 1764; x_wconf 83' lang='lat' dir='ltr'><strong>ingens</strong></span> <span class='ocrx_word' id='word_1_72' title='bbox 455 1677 628 1741; x_wconf 91' lang='lat' dir='ltr'><strong>hominum</strong></span> <span class='ocrx_word' id='word_1_73' title='bbox 640 1679 687 1742; x_wconf 83' lang='lat' dir='ltr'><strong>ris</strong></span> <span class='ocrx_word' id='word_1_74' title='bbox 699 1693 838 1766; x_wconf 86' lang='lat' dir='ltr'><strong>angusto</strong></span> <span class='ocrx_word' id='word_1_75' title='bbox 849 1678 923 1741; x_wconf 88' lang='lat' dir='ltr'><strong>loon</strong></span> <span class='ocrx_word' id='word_1_76' title='bbox 935 1677 1058 1758; x_wconf 89' lang='lat' dir='ltr'><strong>clausa,</strong></span> <span class='ocrx_word' id='word_1_77' title='bbox 1070 1699 1131 1766; x_wconf 82' lang='lat' dir='ltr'><strong>pra</strong></span> 
     </span>
     <span class='ocr_line' id='line_1_11' title="bbox 116 1777 1131 1867; baseline 0 -27"><span class='ocrx_word' id='word_1_78' title='bbox 116 1792 244 1841; x_wconf 69' lang='lat' dir='ltr'><strong>caeteras</strong></span> <span class='ocrx_word' id='word_1_79' title='bbox 257 1778 414 1859; x_wconf 86' lang='lat' dir='ltr'><strong>miserias,</strong></span> <span class='ocrx_word' id='word_1_80' title='bbox 426 1779 559 1861; x_wconf 72' lang='lat' dir='ltr'><strong>testatis,</strong></span> <span class='ocrx_word' id='word_1_81' title='bbox 571 1802 643 1866; x_wconf 83' lang='lat' dir='ltr'><strong>quoe</strong></span> <span class='ocrx_word' id='word_1_82' title='bbox 659 1802 717 1867; x_wconf 91' lang='lat' dir='ltr'><strong>per</strong></span> <span class='ocrx_word' id='word_1_83' title='bbox 730 1779 869 1843; x_wconf 82' lang='lat' dir='ltr'><strong>Africam</strong></span> <span class='ocrx_word' id='word_1_84' title='bbox 882 1777 1107 1842; x_wconf 88' lang='lat' dir='ltr'><strong>ardentissima</strong></span> <span class='ocrx_word' id='word_1_85' title='bbox 1119 1799 1131 1840; x_wconf 83' lang='lat' dir='ltr'><strong>e</strong></span> 
     </span>
     <span class='ocr_line' id='line_1_12' title="bbox 116 1877 1131 1969; baseline 0.002 -29"><span class='ocrx_word' id='word_1_86' title='bbox 116 1877 334 1943; x_wconf 83' lang='lat' dir='ltr'><strong>incommodis</strong></span> <span class='ocrx_word' id='word_1_87' title='bbox 347 1896 527 1968; x_wconf 84' lang='lat' dir='ltr'><strong>urgeretur.</strong></span> <span class='ocrx_word' id='word_1_88' title='bbox 539 1881 765 1946; x_wconf 75' lang='lat' dir='ltr'><strong>Esurientibus</strong></span> <span class='ocrx_word' id='word_1_89' title='bbox 776 1880 877 1961; x_wconf 90' lang='lat' dir='ltr'><strong>cibus,</strong></span> <span class='ocrx_word' id='word_1_90' title='bbox 889 1880 1016 1969; x_wconf 72' lang='lat' dir='ltr'><strong>aegrotis</strong></span> <span class='ocrx_word' id='word_1_91' title='bbox 1026 1878 1131 1944; x_wconf 85' lang='lat' dir='ltr'><strong>somer</strong></span> 
     </span>
     <span class='ocr_line' id='line_1_13' title="bbox 116 1981 1131 2070; baseline 0.002 -28"><span class='ocrx_word' id='word_1_92' title='bbox 116 1981 213 2043; x_wconf 87' lang='lat' dir='ltr'><strong>etiam</strong></span> <span class='ocrx_word' id='word_1_93' title='bbox 232 1981 398 2068; x_wconf 89' lang='lat' dir='ltr'><strong>sepultura</strong></span> <span class='ocrx_word' id='word_1_94' title='bbox 423 1983 638 2047; x_wconf 88' lang='lat' dir='ltr'><strong>morientibus</strong></span> <span class='ocrx_word' id='word_1_95' title='bbox 655 1982 779 2064; x_wconf 81' lang='lat' dir='ltr'><strong>deerat3</strong></span> <span class='ocrx_word' id='word_1_96' title='bbox 800 2004 903 2070; x_wconf 90' lang='lat' dir='ltr'><strong>quum</strong></span> <span class='ocrx_word' id='word_1_97' title='bbox 922 2004 1029 2070; x_wconf 88' lang='lat' dir='ltr'><strong>neque</strong></span> <span class='ocrx_word' id='word_1_98' title='bbox 1048 2004 1131 2046; x_wconf 89' lang='lat' dir='ltr'><strong>crem</strong></span> 
     </span>
     <span class='ocr_line' id='line_1_14' title="bbox 116 2083 1131 2173; baseline -0.001 -26"><span class='ocrx_word' id='word_1_99' title='bbox 116 2106 251 2171; x_wconf 89' lang='lat' dir='ltr'><strong>corpora</strong></span> <span class='ocrx_word' id='word_1_100' title='bbox 263 2085 424 2172; x_wconf 83' lang='lat' dir='ltr'><strong>lignorum</strong></span> <span class='ocrx_word' id='word_1_101' title='bbox 435 2086 570 2173; x_wconf 88' lang='lat' dir='ltr'><strong>penuria</strong></span> <span class='ocrx_word' id='word_1_102' title='bbox 579 2086 661 2173; x_wconf 87' lang='lat' dir='ltr'><strong>(jam</strong></span> <span class='ocrx_word' id='word_1_103' title='bbox 671 2086 757 2149; x_wconf 89' lang='lat' dir='ltr'><strong>enim</strong></span> <span class='ocrx_word' id='word_1_104' title='bbox 767 2101 799 2148; x_wconf 91' lang='lat' dir='ltr'><strong>et</strong></span> <span class='ocrx_word' id='word_1_105' title='bbox 807 2101 898 2149; x_wconf 91' lang='lat' dir='ltr'><strong>scuta</strong></span> <span class='ocrx_word' id='word_1_106' title='bbox 907 2083 1131 2147; x_wconf 78' lang='lat' dir='ltr'><strong>combusserat</strong></span> 
     </span>
     <span class='ocr_line' id='line_1_15' title="bbox 116 2183 1131 2272; baseline -0.003 -23"><span class='ocrx_word' id='word_1_107' title='bbox 116 2208 224 2272; x_wconf 89' lang='lat' dir='ltr'><strong>neque</strong></span> <span class='ocrx_word' id='word_1_108' title='bbox 240 2185 347 2250; x_wconf 84' lang='lat' dir='ltr'><strong>efferri</strong></span> <span class='ocrx_word' id='word_1_109' title='bbox 362 2186 473 2251; x_wconf 85' lang='lat' dir='ltr'><strong>castris</strong></span> <span class='ocrx_word' id='word_1_110' title='bbox 490 2188 622 2252; x_wconf 76' lang='lat' dir='ltr'><strong>intentae</strong></span> <span class='ocrx_word' id='word_1_111' title='bbox 639 2187 785 2250; x_wconf 87' lang='lat' dir='ltr'><strong>hostium</strong></span> <span class='ocrx_word' id='word_1_112' title='bbox 804 2183 959 2250; x_wconf 78' lang='lat' dir='ltr'><strong>custodire</strong></span> <span class='ocrx_word' id='word_1_113' title='bbox 974 2199 1131 2271; x_wconf 62' lang='lat' dir='ltr'><strong>paterent]</strong></span> 
     </span>
     <span class='ocr_line' id='line_1_16' title="bbox 116 2285 1130 2376; baseline 0 -28"><span class='ocrx_word' id='word_1_114' title='bbox 116 2286 159 2349; x_wconf 91' lang='lat' dir='ltr'><strong>ita</strong></span> <span class='ocrx_word' id='word_1_115' title='bbox 176 2285 385 2376; x_wconf 84' lang='lat' dir='ltr'><strong>languentes,</strong></span> <span class='ocrx_word' id='word_1_116' title='bbox 399 2286 559 2368; x_wconf 84' lang='lat' dir='ltr'><strong>semivivi,</strong></span> <span class='ocrx_word' id='word_1_117' title='bbox 574 2287 711 2368; x_wconf 87' lang='lat' dir='ltr'><strong>mortui,</strong></span> <span class='ocrx_word' id='word_1_118' title='bbox 731 2309 835 2375; x_wconf 91' lang='lat' dir='ltr'><strong>quum</strong></span> <span class='ocrx_word' id='word_1_119' title='bbox 854 2285 1003 2374; x_wconf 83' lang='lat' dir='ltr'><strong>permixti</strong></span> <span class='ocrx_word' id='word_1_120' title='bbox 1024 2285 1130 2364; x_wconf 85' lang='lat' dir='ltr'><strong>jacere</strong></span> 
     </span>
     <span class='ocr_line' id='line_1_17' title="bbox 116 2385 1131 2478; baseline -0.002 -27"><span class='ocrx_word' id='word_1_121' title='bbox 116 2386 198 2451; x_wconf 91' lang='lat' dir='ltr'><strong>adeo</strong></span> <span class='ocrx_word' id='word_1_122' title='bbox 221 2389 297 2452; x_wconf 90' lang='lat' dir='ltr'><strong>totis</strong></span> <span class='ocrx_word' id='word_1_123' title='bbox 320 2390 429 2453; x_wconf 89' lang='lat' dir='ltr'><strong>castris</strong></span> <span class='ocrx_word' id='word_1_124' title='bbox 447 2389 609 2454; x_wconf 88' lang='lat' dir='ltr'><strong>increbuit</strong></span> <span class='ocrx_word' id='word_1_125' title='bbox 630 2389 820 2478; x_wconf 74' lang='lat' dir='ltr'><strong>pestilentia</strong></span> <span class='ocrx_word' id='word_1_126' title='bbox 837 2388 977 2467; x_wconf 84' lang='lat' dir='ltr'><strong>malum,</strong></span> <span class='ocrx_word' id='word_1_127' title='bbox 995 2402 1032 2450; x_wconf 93' lang='lat' dir='ltr'><strong>ut</strong></span> <span class='ocrx_word' id='word_1_128' title='bbox 1054 2385 1131 2451; x_wconf 86' lang='lat' dir='ltr'><strong>tolex</strong></span> 
     </span>
     <span class='ocr_line' id='line_1_18' title="bbox 115 2489 1115 2577; baseline -0.002 -24"><span class='ocrx_word' id='word_1_129' title='bbox 115 2489 199 2553; x_wconf 87' lang='lat' dir='ltr'><strong>ultra</strong></span> <span class='ocrx_word' id='word_1_130' title='bbox 218 2491 376 2577; x_wconf 88' lang='lat' dir='ltr'><strong>nequiret.</strong></span> <span class='ocrx_word' id='word_1_131' title='bbox 402 2491 568 2555; x_wconf 84' lang='lat' dir='ltr'><strong>Masinissa</strong></span> <span class='ocrx_word' id='word_1_132' title='bbox 587 2490 790 2556; x_wconf 88' lang='lat' dir='ltr'><strong>conditiones</strong></span> <span class='ocrx_word' id='word_1_133' title='bbox 809 2489 981 2577; x_wconf 86' lang='lat' dir='ltr'><strong>imposuit,</strong></span> <span class='ocrx_word' id='word_1_134' title='bbox 1004 2489 1115 2576; x_wconf 89' lang='lat' dir='ltr'><strong>quales</strong></span> 
     </span>
     <span class='ocr_line' id='line_1_19' title="bbox 116 2589 1131 2682; baseline 0 -28"><span class='ocrx_word' id='word_1_135' title='bbox 116 2590 227 2656; x_wconf 74' lang='lat' dir='ltr'><strong>sensus</strong></span> <span class='ocrx_word' id='word_1_136' title='bbox 246 2606 279 2655; x_wconf 91' lang='lat' dir='ltr'><strong>et</strong></span> <span class='ocrx_word' id='word_1_137' title='bbox 296 2593 456 2680; x_wconf 88' lang='lat' dir='ltr'><strong>superbus</strong></span> <span class='ocrx_word' id='word_1_138' title='bbox 473 2594 576 2658; x_wconf 83' lang='lat' dir='ltr'><strong>victor</strong></span> <span class='ocrx_word' id='word_1_139' title='bbox 591 2608 708 2682; x_wconf 85' lang='lat' dir='ltr'><strong>potest.</strong></span> <span class='ocrx_word' id='word_1_140' title='bbox 722 2592 910 2680; x_wconf 76' lang='lat' dir='ltr'><strong>&#39;l&#39;raosfugis</strong></span> <span class='ocrx_word' id='word_1_141' title='bbox 926 2589 1079 2671; x_wconf 89' lang='lat' dir='ltr'><strong>redditis,</strong></span> <span class='ocrx_word' id='word_1_142' title='bbox 1090 2612 1131 2654; x_wconf 86' lang='lat' dir='ltr'><strong>ve</strong></span> 
     </span>
     <span class='ocr_line' id='line_1_20' title="bbox 116 2690 1131 2782; baseline -0.001 -27"><span class='ocrx_word' id='word_1_143' title='bbox 116 2692 167 2780; x_wconf 85' lang='lat' dir='ltr'><strong>gal</strong></span> <span class='ocrx_word' id='word_1_144' title='bbox 181 2693 299 2756; x_wconf 87' lang='lat' dir='ltr'><strong>talenta</strong></span> <span class='ocrx_word' id='word_1_145' title='bbox 312 2711 448 2758; x_wconf 89' lang='lat' dir='ltr'><strong>centena</strong></span> <span class='ocrx_word' id='word_1_146' title='bbox 462 2694 496 2757; x_wconf 92' lang='lat' dir='ltr'><strong>in</strong></span> <span class='ocrx_word' id='word_1_147' title='bbox 510 2716 612 2759; x_wconf 87' lang='lat' dir='ltr'><strong>annos</strong></span> <span class='ocrx_word' id='word_1_148' title='bbox 627 2694 862 2782; x_wconf 83' lang='lat' dir='ltr'><strong>quinquaginta</strong></span> <span class='ocrx_word' id='word_1_149' title='bbox 873 2690 1031 2780; x_wconf 89' lang='lat' dir='ltr'><strong>pendere,</strong></span> <span class='ocrx_word' id='word_1_150' title='bbox 1044 2691 1131 2755; x_wconf 85' lang='lat' dir='ltr'><strong>exsul</strong></span> 
     </span>
     <span class='ocr_line' id='line_1_21' title="bbox 116 2794 1112 2885; baseline -0.001 -28"><span class='ocrx_word' id='word_1_151' title='bbox 116 2815 180 2880; x_wconf 91' lang='lat' dir='ltr'><strong>que</strong></span> <span class='ocrx_word' id='word_1_152' title='bbox 202 2817 296 2877; x_wconf 88' lang='lat' dir='ltr'><strong>suos,</strong></span> <span class='ocrx_word' id='word_1_153' title='bbox 314 2813 427 2860; x_wconf 87' lang='lat' dir='ltr'><strong>contra</strong></span> <span class='ocrx_word' id='word_1_154' title='bbox 447 2796 696 2878; x_wconf 85' lang='lat' dir='ltr'><strong>jusjurandum,</strong></span> <span class='ocrx_word' id='word_1_155' title='bbox 713 2797 856 2885; x_wconf 89' lang='lat' dir='ltr'><strong>recipere</strong></span> <span class='ocrx_word' id='word_1_156' title='bbox 879 2794 1112 2883; x_wconf 86' lang='lat' dir='ltr'><strong>promisemnt.</strong></span> 
     </span>
     <span class='ocr_line' id='line_1_22' title="bbox 114 2894 1131 2990; baseline -0.002 -30"><span class='ocrx_word' id='word_1_157' title='bbox 114 2918 190 2960; x_wconf 91' lang='lat' dir='ltr'><strong>cum</strong></span> <span class='ocrx_word' id='word_1_158' title='bbox 209 2898 342 2988; x_wconf 82' lang='lat' dir='ltr'><strong>singulis</strong></span> <span class='ocrx_word' id='word_1_159' title='bbox 358 2899 476 2964; x_wconf 90' lang='lat' dir='ltr'><strong>tunicis</strong></span> <span class='ocrx_word' id='word_1_160' title='bbox 491 2898 704 2990; x_wconf 82' lang='lat' dir='ltr'><strong>ignominiose</strong></span> <span class='ocrx_word' id='word_1_161' title='bbox 716 2897 866 2962; x_wconf 87' lang='lat' dir='ltr'><strong>dimissos</strong></span> <span class='ocrx_word' id='word_1_162' title='bbox 881 2896 1038 2975; x_wconf 85' lang='lat' dir='ltr'><strong>Gulussa,</strong></span> <span class='ocrx_word' id='word_1_163' title='bbox 1049 2894 1131 2982; x_wconf 83' lang='lat' dir='ltr'><strong>perit</strong></span> 
     </span>
     <span class='ocr_line' id='line_1_23' title="bbox 115 2996 1127 3088; baseline 0 -28"><span class='ocrx_word' id='word_1_164' title='bbox 115 2996 162 3061; x_wconf 90' lang='lat' dir='ltr'><strong>sic</strong></span> <span class='ocrx_word' id='word_1_165' title='bbox 180 3022 322 3081; x_wconf 91' lang='lat' dir='ltr'><strong>memor,</strong></span> <span class='ocrx_word' id='word_1_166' title='bbox 341 3017 374 3066; x_wconf 91' lang='lat' dir='ltr'><strong>et</strong></span> <span class='ocrx_word' id='word_1_167' title='bbox 387 3003 475 3066; x_wconf 87' lang='lat' dir='ltr'><strong>velut</strong></span> <span class='ocrx_word' id='word_1_168' title='bbox 490 3001 523 3064; x_wconf 90' lang='lat' dir='ltr'><strong>in</strong></span> <span class='ocrx_word' id='word_1_169' title='bbox 541 3017 689 3065; x_wconf 86' lang='lat' dir='ltr'><strong>auctores</strong></span> <span class='ocrx_word' id='word_1_170' title='bbox 707 2998 849 3088; x_wconf 86' lang='lat' dir='ltr'><strong>perfidiae</strong></span> <span class='ocrx_word' id='word_1_171' title='bbox 868 2999 1013 3088; x_wconf 88' lang='lat' dir='ltr'><strong>ipsorum</strong></span> <span class='ocrx_word' id='word_1_172' title='bbox 1036 3019 1127 3061; x_wconf 86' lang='lat' dir='ltr'><strong>exem</strong></span> 
     </span>
     <span class='ocr_line' id='line_1_24' title="bbox 112 3098 1131 3189; baseline -0.001 -27"><span class='ocrx_word' id='word_1_173' title='bbox 112 3098 197 3177; x_wconf 85' lang='lat' dir='ltr'><strong>juste</strong></span> <span class='ocrx_word' id='word_1_174' title='bbox 210 3103 494 3184; x_wconf 86' lang='lat' dir='ltr'><strong>usurus,interfici</strong></span> <span class='ocrx_word' id='word_1_175' title='bbox 510 3127 529 3167; x_wconf 91' lang='lat' dir='ltr'><strong>a</strong></span> <span class='ocrx_word' id='word_1_176' title='bbox 547 3101 697 3167; x_wconf 89' lang='lat' dir='ltr'><strong>Numidis</strong></span> <span class='ocrx_word' id='word_1_177' title='bbox 715 3101 879 3189; x_wconf 89' lang='lat' dir='ltr'><strong>equitibus</strong></span> <span class='ocrx_word' id='word_1_178' title='bbox 895 3098 1006 3179; x_wconf 83' lang='lat' dir='ltr'><strong>jussit3</strong></span> <span class='ocrx_word' id='word_1_179' title='bbox 1022 3098 1131 3162; x_wconf 83' lang='lat' dir='ltr'><strong>iucem</strong></span> 
     </span>
     <span class='ocr_line' id='line_1_25' title="bbox 116 3199 1131 3290; baseline -0.001 -28"><span class='ocrx_word' id='word_1_180' title='bbox 116 3222 156 3263; x_wconf 89' lang='lat' dir='ltr'><strong>an</strong></span> <span class='ocrx_word' id='word_1_181' title='bbox 172 3201 274 3266; x_wconf 87' lang='lat' dir='ltr'><strong>inscio</strong></span> <span class='ocrx_word' id='word_1_182' title='bbox 289 3205 470 3268; x_wconf 88' lang='lat' dir='ltr'><strong>Masinissa:</strong></span> <span class='ocrx_word' id='word_1_183' title='bbox 479 3203 543 3283; x_wconf 92' lang='lat' dir='ltr'><strong>illi,</strong></span> <span class='ocrx_word' id='word_1_184' title='bbox 556 3226 659 3290; x_wconf 89' lang='lat' dir='ltr'><strong>quum</strong></span> <span class='ocrx_word' id='word_1_185' title='bbox 672 3201 831 3290; x_wconf 90' lang='lat' dir='ltr'><strong>nequead</strong></span> <span class='ocrx_word' id='word_1_186' title='bbox 845 3199 1062 3266; x_wconf 87' lang='lat' dir='ltr'><strong>resistendum</strong></span> <span class='ocrx_word' id='word_1_187' title='bbox 1076 3221 1131 3262; x_wconf 86' lang='lat' dir='ltr'><strong>arn</strong></span> 
     </span>
     <span class='ocr_line' id='line_1_26' title="bbox 116 3300 1131 3391; baseline 0.001 -30"><span class='ocrx_word' id='word_1_188' title='bbox 116 3321 176 3362; x_wconf 92' lang='lat' dir='ltr'><strong>nec</strong></span> <span class='ocrx_word' id='word_1_189' title='bbox 185 3300 226 3362; x_wconf 90' lang='lat' dir='ltr'><strong>ad</strong></span> <span class='ocrx_word' id='word_1_190' title='bbox 236 3300 1018 3391; x_wconf 80' lang='lat' dir='ltr'><strong>fugiendumvires-haberent,praeterpaucos,qui</strong></span> <span class='ocrx_word' id='word_1_191' title='bbox 1028 3300 1131 3388; x_wconf 80' lang='lat' dir='ltr'><strong>cumi]</strong></span> 
     </span>
     <span class='ocr_line' id='line_1_27' title="bbox 116 3399 1131 3489; baseline -0.002 -25"><span class='ocrx_word' id='word_1_192' title='bbox 116 3400 200 3464; x_wconf 91' lang='lat' dir='ltr'><strong>duce</strong></span> <span class='ocrx_word' id='word_1_193' title='bbox 211 3419 397 3482; x_wconf 86' lang='lat' dir='ltr'><strong>evaserunt,</strong></span> <span class='ocrx_word' id='word_1_194' title='bbox 407 3420 484 3467; x_wconf 90' lang='lat' dir='ltr'><strong>sunt</strong></span> <span class='ocrx_word' id='word_1_195' title='bbox 494 3403 665 3465; x_wconf 83' lang='lat' dir='ltr'><strong>interfecti.</strong></span> <span class='ocrx_word' id='word_1_196' title='bbox 677 3404 748 3466; x_wconf 88' lang='lat' dir='ltr'><strong>Hoc</strong></span> <span class='ocrx_word' id='word_1_197' title='bbox 759 3402 881 3466; x_wconf 89' lang='lat' dir='ltr'><strong>bellum</strong></span> <span class='ocrx_word' id='word_1_198' title='bbox 890 3403 987 3463; x_wconf 89' lang='lat' dir='ltr'><strong>exitio</strong></span> <span class='ocrx_word' id='word_1_199' title='bbox 997 3399 1131 3489; x_wconf 74' lang='lat' dir='ltr'><strong>Carthag</strong></span> 
     </span>
     <span class='ocr_line' id='line_1_28' title="bbox 116 3502 1131 3590; baseline 0.001 -25"><span class='ocrx_word' id='word_1_200' title='bbox 116 3503 179 3566; x_wconf 81' lang='lat' dir='ltr'><strong>fuit</strong></span> <span class='ocrx_word' id='word_1_201' title='bbox 189 3526 197 3567; x_wconf 76' lang='grc' dir='ltr'><strong>ε</strong></span> <span class='ocrx_word' id='word_1_202' title='bbox 208 3526 282 3567; x_wconf 91' lang='lat' dir='ltr'><strong>nam</strong></span> <span class='ocrx_word' id='word_1_203' title='bbox 299 3518 332 3566; x_wconf 93' lang='lat' dir='ltr'><strong>et</strong></span> <span class='ocrx_word' id='word_1_204' title='bbox 347 3518 539 3590; x_wconf 86' lang='lat' dir='ltr'><strong>praetextum</strong></span> <span class='ocrx_word' id='word_1_205' title='bbox 556 3502 646 3567; x_wconf 89' lang='lat' dir='ltr'><strong>dedit</strong></span> <span class='ocrx_word' id='word_1_206' title='bbox 658 3503 829 3582; x_wconf 86' lang='lat' dir='ltr'><strong>Romanis,</strong></span> <span class='ocrx_word' id='word_1_207' title='bbox 843 3518 879 3566; x_wconf 93' lang='lat' dir='ltr'><strong>ut</strong></span> <span class='ocrx_word' id='word_1_208' title='bbox 896 3523 950 3566; x_wconf 90' lang='lat' dir='ltr'><strong>eos</strong></span> <span class='ocrx_word' id='word_1_209' title='bbox 972 3502 1069 3565; x_wconf 88' lang='lat' dir='ltr'><strong>armis</strong></span> <span class='ocrx_word' id='word_1_210' title='bbox 1093 3524 1131 3589; x_wconf 87' lang='lat' dir='ltr'><strong>pe</strong></span> 
     </span>
     <span class='ocr_line' id='line_1_29' title="bbox 117 3603 1131 3694; baseline -0.001 -27"><span class='ocrx_word' id='word_1_211' title='bbox 117 3621 208 3686; x_wconf 90' lang='lat' dir='ltr'><strong>rent,</strong></span> <span class='ocrx_word' id='word_1_212' title='bbox 224 3621 256 3669; x_wconf 90' lang='lat' dir='ltr'><strong>et</strong></span> <span class='ocrx_word' id='word_1_213' title='bbox 264 3605 406 3670; x_wconf 86' lang='lat' dir='ltr'><strong>rictoriae</strong></span> <span class='ocrx_word' id='word_1_214' title='bbox 419 3603 587 3688; x_wconf 82' lang='lat' dir='ltr'><strong>fiduciam3</strong></span> <span class='ocrx_word' id='word_1_215' title='bbox 605 3628 709 3694; x_wconf 87' lang='lat' dir='ltr'><strong>quum</strong></span> <span class='ocrx_word' id='word_1_216' title='bbox 727 3603 913 3670; x_wconf 88' lang='lat' dir='ltr'><strong>exscindere</strong></span> <span class='ocrx_word' id='word_1_217' title='bbox 924 3603 1131 3667; x_wconf 76' lang='lat' dir='ltr'><strong>attritasallla</strong></span> 
     </span>
     <span class='ocr_line' id='line_1_30' title="bbox 119 3702 1121 3795; baseline -0.006 -24"><span class='ocrx_word' id='word_1_218' title='bbox 119 3708 204 3771; x_wconf 89' lang='lat' dir='ltr'><strong>nissa</strong></span> <span class='ocrx_word' id='word_1_219' title='bbox 216 3730 295 3795; x_wconf 90' lang='lat' dir='ltr'><strong>opes</strong></span> <span class='ocrx_word' id='word_1_220' title='bbox 306 3706 491 3794; x_wconf 90' lang='lat' dir='ltr'><strong>(bominum</strong></span> <span class='ocrx_word' id='word_1_221' title='bbox 502 3707 543 3773; x_wconf 94' lang='lat' dir='ltr'><strong>ad</strong></span> <span class='ocrx_word' id='word_1_222' title='bbox 554 3707 652 3772; x_wconf 89' lang='lat' dir='ltr'><strong>millia</strong></span> <span class='ocrx_word' id='word_1_223' title='bbox 663 3704 935 3793; x_wconf 79' lang='lat' dir='ltr'><strong>duodesexaginta</strong></span> <span class='ocrx_word' id='word_1_224' title='bbox 946 3702 1121 3791; x_wconf 86' lang='lat' dir='ltr'><strong>perierant)</strong></span> 
     </span>
     <span class='ocr_line' id='line_1_31' title="bbox 35 3804 1131 3898; baseline -0.005 -23"><span class='ocrx_word' id='word_1_225' title='bbox 35 3869 38 3875; x_wconf 82' lang='grc'>,</span> <span class='ocrx_word' id='word_1_226' title='bbox 119 3830 184 3896; x_wconf 90' lang='lat' dir='ltr'><strong>que</strong></span> <span class='ocrx_word' id='word_1_227' title='bbox 197 3809 384 3897; x_wconf 76' lang='lat' dir='ltr'><strong>periculosa</strong></span> <span class='ocrx_word' id='word_1_228' title='bbox 398 3810 601 3893; x_wconf 89' lang='lat' dir='ltr'><strong>admodum,</strong></span> <span class='ocrx_word' id='word_1_229' title='bbox 611 3831 718 3898; x_wconf 89' lang='lat' dir='ltr'><strong>neque</strong></span> <span class='ocrx_word' id='word_1_230' title='bbox 728 3807 890 3873; x_wconf 77' lang='lat' dir='ltr'><strong>diuturna</strong></span> <span class='ocrx_word' id='word_1_231' title='bbox 902 3806 996 3869; x_wconf 82' lang='lat' dir='ltr'><strong>luctoe</strong></span> <span class='ocrx_word' id='word_1_232' title='bbox 1007 3804 1131 3871; x_wconf 88' lang='lat' dir='ltr'><strong>rideret</strong></span> 
     </span>
    </p>
   </div>
   <div class='ocr_carea' id='block_1_3' title="bbox 155 3980 1102 4070">
    <p class='ocr_par' dir='ltr' id='par_1_3' title="bbox 155 3980 1102 4070">
     <span class='ocr_line' id='line_1_32' title="bbox 155 3980 1102 4070; baseline 0 -19"><span class='ocrx_word' id='word_1_233' title='bbox 155 3999 171 4066; x_wconf 80' lang='lat' dir='ltr'>S</span> <span class='ocrx_word' id='word_1_234' title='bbox 184 4003 308 4052; x_wconf 78' lang='lat' dir='ltr'><strong>xxm.</strong></span> <span class='ocrx_word' id='word_1_235' title='bbox 322 4003 409 4054; x_wconf 74' lang='lat' dir='ltr'><strong>Zonan</strong></span> <span class='ocrx_word' id='word_1_236' title='bbox 419 4031 454 4044; x_wconf 91' lang='lat'>-</span> <span class='ocrx_word' id='word_1_237' title='bbox 462 4002 550 4070; x_wconf 76' lang='lat' dir='ltr'><strong>Polyb.</strong></span> <span class='ocrx_word' id='word_1_238' title='bbox 562 4000 629 4067; x_wconf 83' lang='lat' dir='ltr'><strong>apud</strong></span> <span class='ocrx_word' id='word_1_239' title='bbox 639 4000 741 4050; x_wconf 67' lang='lat' dir='ltr'><strong>suidam</strong></span> <span class='ocrx_word' id='word_1_240' title='bbox 750 3980 1102 4066; x_wconf 62' lang='lat' dir='ltr'><strong>indidemne-Appiae.</strong></span> 
     </span>
    </p>
   </div>
   <div class='ocr_carea' id='block_1_4' title="bbox 455 4247 843 4286">
    <p class='ocr_par' dir='ltr' id='par_1_4' title="bbox 455 4247 843 4286">
     <span class='ocr_line' id='line_1_33' title="bbox 455 4247 843 4286; baseline -0.005 0"><span class='ocrx_word' id='word_1_241' title='bbox 455 4247 843 4286; x_wconf 42' lang='lat' dir='ltr'><strong>..m-*0*-</strong></span> 
     </span>
    </p>
   </div>
   <div class='ocr_carea' id='block_1_5' title="bbox 0 0 1302 4980">
    <p class='ocr_par' dir='ltr' id='par_1_5' title="bbox 0 0 1302 4980">
     <span class='ocr_line' id='line_1_34' title="bbox 0 0 1302 4980; baseline 0 0"><span class='ocrx_word' id='word_1_242' title='bbox 0 0 1302 4980; x_wconf 95' lang='lat' dir='ltr'><strong> </strong></span> 
     </span>
    </p>
   </div>
  </div>
 </body>
</html>
