<?xml version="1.0" encoding="UTF-8"?>
<!DOCTYPE html PUBLIC "-//W3C//DTD XHTML 1.0 Transitional//EN"
    "http://www.w3.org/TR/xhtml1/DTD/xhtml1-transitional.dtd">
<html xmlns="http://www.w3.org/1999/xhtml" xml:lang="en" lang="en">
 <head>
  <title>
</title>
<meta http-equiv="Content-Type" content="text/html;charset=utf-8" />
  <meta name='ocr-system' content='tesseract 3.04.00' />
  <meta name='ocr-capabilities' content='ocr_page ocr_carea ocr_par ocr_line ocrx_word'/>
</head>
<body>
  <div class='ocr_page' id='page_1' title='image "./titusliviuspata00freigoog_0632.png"; bbox 0 0 2594 4980; ppageno 0'>
   <div class='ocr_carea' id='block_1_1' title="bbox 249 728 1156 817">
    <p class='ocr_par' dir='ltr' id='par_1_1' title="bbox 249 728 1156 817">
     <span class='ocr_line' id='line_1_1' title="bbox 249 728 1156 817; baseline 0.006 -20"><span class='ocrx_word' id='word_1_1' title='bbox 249 729 306 798; x_wconf 88' lang='lat' dir='ltr'>IN</span> <span class='ocrx_word' id='word_1_2' title='bbox 337 730 452 799; x_wconf 87' lang='lat' dir='ltr'><strong>LOC.</strong></span> <span class='ocrx_word' id='word_1_3' title='bbox 480 731 577 798; x_wconf 90' lang='lat' dir='ltr'><strong>LIB.</strong></span> <span class='ocrx_word' id='word_1_4' title='bbox 605 731 736 799; x_wconf 85' lang='lat' dir='ltr'>LXXI</span> <span class='ocrx_word' id='word_1_5' title='bbox 768 731 996 801; x_wconf 87' lang='lat' dir='ltr'><strong>LIVIANI.</strong></span> <span class='ocrx_word' id='word_1_6' title='bbox 1084 728 1156 817; x_wconf 72' lang='lat'>645</span> 
     </span>
    </p>
   </div>
   <div class='ocr_carea' id='block_1_2' title="bbox 90 850 1191 4183">
    <p class='ocr_par' dir='ltr' id='par_1_2' title="bbox 90 850 1162 1526">
     <span class='ocr_line' id='line_1_2' title="bbox 90 850 1157 940; baseline 0.001 -24"><span class='ocrx_word' id='word_1_7' title='bbox 90 865 276 938; x_wconf 74' lang='lat' dir='ltr'>«serpentes</span> <span class='ocrx_word' id='word_1_8' title='bbox 295 867 328 913; x_wconf 92' lang='lat' dir='ltr'>et</span> <span class='ocrx_word' id='word_1_9' title='bbox 346 850 482 933; x_wconf 82' lang='lat' dir='ltr'><strong>bestias,</strong></span> <span class='ocrx_word' id='word_1_10' title='bbox 501 876 599 940; x_wconf 89' lang='lat' dir='ltr'>quam</span> <span class='ocrx_word' id='word_1_11' title='bbox 623 851 712 940; x_wconf 86' lang='lat' dir='ltr'>apud</span> <span class='ocrx_word' id='word_1_12' title='bbox 733 853 794 916; x_wconf 87' lang='lat' dir='ltr'>hos</span> <span class='ocrx_word' id='word_1_13' title='bbox 815 853 945 932; x_wconf 83' lang='lat' dir='ltr'>Romae,</span> <span class='ocrx_word' id='word_1_14' title='bbox 962 853 1065 916; x_wconf 89' lang='lat' dir='ltr'>tutius</span> <span class='ocrx_word' id='word_1_15' title='bbox 1085 855 1157 918; x_wconf 88' lang='lat' dir='ltr'>feli·</span> 
     </span>
     <span class='ocr_line' id='line_1_3' title="bbox 90 951 1159 1045; baseline 0.01 -37"><span class='ocrx_word' id='word_1_16' title='bbox 90 952 248 1037; x_wconf 73' lang='lat' dir='ltr'>«eiusque</span> <span class='ocrx_word' id='word_1_17' title='bbox 260 951 364 1014; x_wconf 87' lang='lat' dir='ltr'>viram</span> <span class='ocrx_word' id='word_1_18' title='bbox 376 975 383 1016; x_wconf 94' lang='lat'><strong>:</strong></span> <span class='ocrx_word' id='word_1_19' title='bbox 399 952 564 1018; x_wconf 91' lang='lat' dir='ltr'>bonorum</span> <span class='ocrx_word' id='word_1_20' title='bbox 580 956 726 1033; x_wconf 78' lang='lat' dir='ltr'>miseret,</span> <span class='ocrx_word' id='word_1_21' title='bbox 742 953 798 1045; x_wconf 90' lang='lat' dir='ltr'>qui</span> <span class='ocrx_word' id='word_1_22' title='bbox 812 954 907 1040; x_wconf 89' lang='lat' dir='ltr'>pauci</span> <span class='ocrx_word' id='word_1_23' title='bbox 919 954 1004 1017; x_wconf 88' lang='lat' dir='ltr'>iuter</span> <span class='ocrx_word' id='word_1_24' title='bbox 1020 957 1159 1038; x_wconf 90' lang='lat' dir='ltr'>multos,</span> 
     </span>
     <span class='ocr_line' id='line_1_4' title="bbox 92 1052 1160 1143; baseline 0.001 -30"><span class='ocrx_word' id='word_1_25' title='bbox 92 1082 105 1105; x_wconf 86' lang='lat'>«</span> <span class='ocrx_word' id='word_1_26' title='bbox 116 1068 147 1113; x_wconf 91' lang='lat' dir='ltr'>et</span> <span class='ocrx_word' id='word_1_27' title='bbox 165 1052 205 1114; x_wconf 90' lang='lat' dir='ltr'>ab</span> <span class='ocrx_word' id='word_1_28' title='bbox 225 1053 293 1133; x_wconf 91' lang='lat' dir='ltr'>his,</span> <span class='ocrx_word' id='word_1_29' title='bbox 311 1071 342 1116; x_wconf 94' lang='lat' dir='ltr'>et</span> <span class='ocrx_word' id='word_1_30' title='bbox 361 1072 494 1143; x_wconf 91' lang='lat' dir='ltr'>propter</span> <span class='ocrx_word' id='word_1_31' title='bbox 511 1056 572 1120; x_wconf 90' lang='lat' dir='ltr'>hos</span> <span class='ocrx_word' id='word_1_32' title='bbox 588 1055 789 1119; x_wconf 89' lang='lat' dir='ltr'>intoleranda</span> <span class='ocrx_word' id='word_1_33' title='bbox 809 1055 929 1141; x_wconf 85' lang='lat' dir='ltr'>quaevis</span> <span class='ocrx_word' id='word_1_34' title='bbox 948 1056 1128 1142; x_wconf 89' lang='lat' dir='ltr'>patientur!</span> <span class='ocrx_word' id='word_1_35' title='bbox 1146 1089 1160 1114; x_wconf 63' lang='lat'>2</span> 
     </span>
     <span class='ocr_line' id='line_1_5' title="bbox 92 1153 1160 1246; baseline 0.007 -33"><span class='ocrx_word' id='word_1_36' title='bbox 92 1153 168 1214; x_wconf 84' lang='lat' dir='ltr'>Haec</span> <span class='ocrx_word' id='word_1_37' title='bbox 184 1169 281 1240; x_wconf 91' lang='lat' dir='ltr'>atque</span> <span class='ocrx_word' id='word_1_38' title='bbox 298 1155 372 1219; x_wconf 86' lang='lat' dir='ltr'>talia</span> <span class='ocrx_word' id='word_1_39' title='bbox 387 1180 489 1244; x_wconf 92' lang='lat' dir='ltr'>quum</span> <span class='ocrx_word' id='word_1_40' title='bbox 507 1158 632 1246; x_wconf 85' lang='lat' dir='ltr'>ingenti</span> <span class='ocrx_word' id='word_1_41' title='bbox 647 1156 864 1221; x_wconf 84' lang='lat' dir='ltr'>concitatione</span> <span class='ocrx_word' id='word_1_42' title='bbox 880 1156 980 1219; x_wconf 90' lang='lat' dir='ltr'>animi</span> <span class='ocrx_word' id='word_1_43' title='bbox 997 1172 1029 1219; x_wconf 94' lang='lat' dir='ltr'>ct</span> <span class='ocrx_word' id='word_1_44' title='bbox 1044 1159 1160 1221; x_wconf 87' lang='lat' dir='ltr'>verbo·</span> 
     </span>
     <span class='ocr_line' id='line_1_6' title="bbox 92 1254 1161 1348; baseline 0.006 -33"><span class='ocrx_word' id='word_1_45' title='bbox 92 1277 166 1315; x_wconf 94' lang='lat' dir='ltr'>rum</span> <span class='ocrx_word' id='word_1_46' title='bbox 184 1254 367 1338; x_wconf 84' lang='lat' dir='ltr'>effudisset,</span> <span class='ocrx_word' id='word_1_47' title='bbox 386 1282 454 1321; x_wconf 91' lang='lat' dir='ltr'>nou</span> <span class='ocrx_word' id='word_1_48' title='bbox 475 1260 664 1348; x_wconf 85' lang='lat' dir='ltr'>exspectatis</span> <span class='ocrx_word' id='word_1_49' title='bbox 685 1258 845 1347; x_wconf 80' lang='lat' dir='ltr'>suffragiis</span> <span class='ocrx_word' id='word_1_50' title='bbox 863 1257 953 1321; x_wconf 86' lang='lat' dir='ltr'><strong>Urbe</strong></span> <span class='ocrx_word' id='word_1_51' title='bbox 975 1259 1079 1327; x_wconf 81' lang='lat' dir='ltr'>cessit.</span> <span class='ocrx_word' id='word_1_52' title='bbox 1098 1259 1161 1321; x_wconf 87' lang='lat' dir='ltr'>Co·</span> 
     </span>
     <span class='ocr_line' id='line_1_7' title="bbox 92 1355 1162 1446; baseline 0.007 -29"><span class='ocrx_word' id='word_1_53' title='bbox 92 1355 203 1418; x_wconf 87' lang='lat' dir='ltr'>mitata</span> <span class='ocrx_word' id='word_1_54' title='bbox 228 1379 303 1419; x_wconf 91' lang='lat' dir='ltr'>eum</span> <span class='ocrx_word' id='word_1_55' title='bbox 329 1359 448 1423; x_wconf 87' lang='lat' dir='ltr'>Rutilia</span> <span class='ocrx_word' id='word_1_56' title='bbox 471 1377 573 1424; x_wconf 88' lang='lat' dir='ltr'>mater</span> <span class='ocrx_word' id='word_1_57' title='bbox 594 1378 661 1443; x_wconf 92' lang='lat' dir='ltr'>est,</span> <span class='ocrx_word' id='word_1_58' title='bbox 684 1361 788 1424; x_wconf 81' lang='lat' dir='ltr'>fratris</span> <span class='ocrx_word' id='word_1_59' title='bbox 813 1359 919 1423; x_wconf 86' lang='lat' dir='ltr'><strong>Publii</strong></span> <span class='ocrx_word' id='word_1_60' title='bbox 940 1359 1162 1446; x_wconf 89' lang='lat' dir='ltr'>experimento</span> 
     </span>
     <span class='ocr_line' id='line_1_8' title="bbox 93 1456 657 1526; baseline 0.014 -8"><span class='ocrx_word' id='word_1_61' title='bbox 93 1456 174 1520; x_wconf 89' lang='lat' dir='ltr'>nihil</span> <span class='ocrx_word' id='word_1_62' title='bbox 191 1457 224 1521; x_wconf 94' lang='lat' dir='ltr'>in</span> <span class='ocrx_word' id='word_1_63' title='bbox 242 1459 354 1522; x_wconf 90' lang='lat' dir='ltr'>exsilio</span> <span class='ocrx_word' id='word_1_64' title='bbox 373 1462 446 1524; x_wconf 91' lang='lat' dir='ltr'>mali</span> <span class='ocrx_word' id='word_1_65' title='bbox 465 1484 534 1525; x_wconf 92' lang='lat' dir='ltr'>esse</span> <span class='ocrx_word' id='word_1_66' title='bbox 552 1461 657 1526; x_wconf 90' lang='lat' dir='ltr'>docta.</span> 
     </span>
    </p>

    <p class='ocr_par' dir='ltr' id='par_1_3' title="bbox 93 1560 1191 3681">
     <span class='ocr_line' id='line_1_9' title="bbox 138 1560 1161 1652; baseline 0.003 -30"><span class='ocrx_word' id='word_1_67' title='bbox 138 1560 221 1624; x_wconf 87' lang='lat' dir='ltr'><strong>XLI.</strong></span> <span class='ocrx_word' id='word_1_68' title='bbox 235 1561 269 1624; x_wconf 92' lang='lat' dir='ltr'>L.</span> <span class='ocrx_word' id='word_1_69' title='bbox 283 1562 481 1627; x_wconf 86' lang='lat' dir='ltr'>Mummium</span> <span class='ocrx_word' id='word_1_70' title='bbox 493 1565 687 1645; x_wconf 84' lang='lat' dir='ltr'>Achaicum,</span> <span class='ocrx_word' id='word_1_71' title='bbox 700 1563 881 1627; x_wconf 88' lang='lat' dir='ltr'>clarissimis</span> <span class='ocrx_word' id='word_1_72' title='bbox 894 1563 1006 1652; x_wconf 84' lang='lat' dir='ltr'>gestis,</span> <span class='ocrx_word' id='word_1_73' title='bbox 1019 1577 1161 1625; x_wconf 85' lang='lat' dir='ltr'>extrema</span> 
     </span>
     <span class='ocr_line' id='line_1_10' title="bbox 93 1663 1163 1752; baseline 0 -28"><span class='ocrx_word' id='word_1_74' title='bbox 93 1678 184 1725; x_wconf 80' lang='lat' dir='ltr'>aetate</span> <span class='ocrx_word' id='word_1_75' title='bbox 201 1663 386 1746; x_wconf 91' lang='lat' dir='ltr'>hominem,</span> <span class='ocrx_word' id='word_1_76' title='bbox 405 1688 447 1729; x_wconf 95' lang='lat' dir='ltr'>ne</span> <span class='ocrx_word' id='word_1_77' title='bbox 464 1666 602 1729; x_wconf 91' lang='lat' dir='ltr'>aliorum</span> <span class='ocrx_word' id='word_1_78' title='bbox 621 1666 770 1752; x_wconf 90' lang='lat' dir='ltr'>exemplo</span> <span class='ocrx_word' id='word_1_79' title='bbox 789 1663 1030 1729; x_wconf 81' lang='lat' dir='ltr'>damnationem</span> <span class='ocrx_word' id='word_1_80' title='bbox 1048 1663 1163 1727; x_wconf 87' lang='lat' dir='ltr'>volun-</span> 
     </span>
     <span class='ocr_line' id='line_1_11' title="bbox 94 1761 1191 1854; baseline -0.001 -29"><span class='ocrx_word' id='word_1_81' title='bbox 94 1764 176 1826; x_wconf 82' lang='lat' dir='ltr'>tario</span> <span class='ocrx_word' id='word_1_82' title='bbox 197 1787 325 1829; x_wconf 90' lang='lat' dir='ltr'>secessu</span> <span class='ocrx_word' id='word_1_83' title='bbox 347 1782 577 1840; x_wconf 84' lang='lat' dir='ltr'>anteverteret,</span> <span class='ocrx_word' id='word_1_84' title='bbox 599 1767 748 1854; x_wconf 89' lang='lat' dir='ltr'>equitum</span> <span class='ocrx_word' id='word_1_85' title='bbox 773 1763 872 1829; x_wconf 86' lang='lat' dir='ltr'>infida</span> <span class='ocrx_word' id='word_1_86' title='bbox 896 1763 1053 1852; x_wconf 90' lang='lat' dir='ltr'>promissa</span> <span class='ocrx_word' id='word_1_87' title='bbox 1074 1761 1163 1848; x_wconf 80' lang='lat' dir='ltr'>turpi</span> <span class='ocrx_word' id='word_1_88' title='bbox 1187 1790 1191 1797; x_wconf 90' lang='lat'><strong>·</strong></span> 
     </span>
     <span class='ocr_line' id='line_1_12' title="bbox 94 1863 1163 1954; baseline -0.002 -25"><span class='ocrx_word' id='word_1_89' title='bbox 94 1883 162 1930; x_wconf 89' lang='lat' dir='ltr'>arte</span> <span class='ocrx_word' id='word_1_90' title='bbox 185 1865 411 1954; x_wconf 90' lang='lat' dir='ltr'>deceperunt:</span> <span class='ocrx_word' id='word_1_91' title='bbox 433 1872 576 1933; x_wconf 85' lang='lat' dir='ltr'>l&#39;arorem</span> <span class='ocrx_word' id='word_1_92' title='bbox 601 1869 688 1932; x_wconf 89' lang='lat' dir='ltr'>enim</span> <span class='ocrx_word' id='word_1_93' title='bbox 713 1884 747 1931; x_wconf 92' lang='lat' dir='ltr'>ct</span> <span class='ocrx_word' id='word_1_94' title='bbox 769 1869 840 1931; x_wconf 83' lang='lat' dir='ltr'>laeta</span> <span class='ocrx_word' id='word_1_95' title='bbox 864 1866 1015 1953; x_wconf 84' lang='lat' dir='ltr'>suffragia</span> <span class='ocrx_word' id='word_1_96' title='bbox 1039 1863 1163 1953; x_wconf 83' lang='lat' dir='ltr'>prolixe</span> 
     </span>
     <span class='ocr_line' id='line_1_13' title="bbox 94 1963 1163 2055; baseline -0.001 -26"><span class='ocrx_word' id='word_1_97' title='bbox 94 1969 244 2055; x_wconf 84' lang='lat' dir='ltr'>polliciti,</span> <span class='ocrx_word' id='word_1_98' title='bbox 260 1970 316 2033; x_wconf 91' lang='lat' dir='ltr'>ubi</span> <span class='ocrx_word' id='word_1_99' title='bbox 332 1969 373 2033; x_wconf 88' lang='lat' dir='ltr'>ad</span> <span class='ocrx_word' id='word_1_100' title='bbox 390 1970 555 2034; x_wconf 82' lang='lat' dir='ltr'>ferendam</span> <span class='ocrx_word' id='word_1_101' title='bbox 570 1965 763 2034; x_wconf 82' lang='lat' dir='ltr'>sententiam</span> <span class='ocrx_word' id='word_1_102' title='bbox 777 1984 910 2032; x_wconf 88' lang='lat' dir='ltr'>ventum</span> <span class='ocrx_word' id='word_1_103' title='bbox 927 1983 991 2045; x_wconf 90' lang='lat' dir='ltr'>est,</span> <span class='ocrx_word' id='word_1_104' title='bbox 1007 1967 1117 2054; x_wconf 86' lang='lat' dir='ltr'>fugam</span> <span class='ocrx_word' id='word_1_105' title='bbox 1132 1963 1163 2028; x_wconf 89' lang='lat' dir='ltr'>ei</span> 
     </span>
     <span class='ocr_line' id='line_1_14' title="bbox 94 2068 1164 2158; baseline 0 -28"><span class='ocrx_word' id='word_1_106' title='bbox 94 2069 280 2155; x_wconf 85' lang='lat' dir='ltr'>frequentes</span> <span class='ocrx_word' id='word_1_107' title='bbox 296 2071 473 2150; x_wconf 89' lang='lat' dir='ltr'>jusserunt.</span> <span class='ocrx_word' id='word_1_108' title='bbox 489 2073 542 2137; x_wconf 88' lang='lat' dir='ltr'>Sic</span> <span class='ocrx_word' id='word_1_109' title='bbox 557 2073 592 2136; x_wconf 90' lang='lat' dir='ltr'>in</span> <span class='ocrx_word' id='word_1_110' title='bbox 613 2073 729 2146; x_wconf 78' lang='lat' dir='ltr'>Delum</span> <span class='ocrx_word' id='word_1_111' title='bbox 752 2072 891 2135; x_wconf 88' lang='lat' dir='ltr'>insulam</span> <span class='ocrx_word' id='word_1_112' title='bbox 909 2070 1073 2158; x_wconf 91' lang='lat' dir='ltr'>profectus</span> <span class='ocrx_word' id='word_1_113' title='bbox 1093 2068 1164 2148; x_wconf 93' lang='lat' dir='ltr'>ille,</span> 
     </span>
     <span class='ocr_line' id='line_1_15' title="bbox 95 2170 1163 2263; baseline 0.002 -32"><span class='ocrx_word' id='word_1_114' title='bbox 95 2170 186 2256; x_wconf 88' lang='lat' dir='ltr'>quod</span> <span class='ocrx_word' id='word_1_115' title='bbox 210 2190 377 2257; x_wconf 87' lang='lat' dir='ltr'>supererat</span> <span class='ocrx_word' id='word_1_116' title='bbox 400 2175 516 2256; x_wconf 87' lang='lat' dir='ltr'>aetatis,</span> <span class='ocrx_word' id='word_1_117' title='bbox 539 2175 580 2238; x_wconf 89' lang='lat' dir='ltr'>ab</span> <span class='ocrx_word' id='word_1_118' title='bbox 603 2176 727 2263; x_wconf 86' lang='lat' dir='ltr'>ingrata</span> <span class='ocrx_word' id='word_1_119' title='bbox 753 2174 856 2262; x_wconf 90' lang='lat' dir='ltr'>patria</span> <span class='ocrx_word' id='word_1_120' title='bbox 887 2173 1019 2260; x_wconf 90' lang='lat' dir='ltr'>pulsus,</span> <span class='ocrx_word' id='word_1_121' title='bbox 1042 2170 1083 2234; x_wconf 89' lang='lat' dir='ltr'>ab</span> <span class='ocrx_word' id='word_1_122' title='bbox 1107 2170 1163 2251; x_wconf 88' lang='lat' dir='ltr'>iis,</span> 
     </span>
     <span class='ocr_line' id='line_1_16' title="bbox 96 2273 1165 2364; baseline 0.001 -31"><span class='ocrx_word' id='word_1_123' title='bbox 96 2294 179 2357; x_wconf 90' lang='lat' dir='ltr'>quos</span> <span class='ocrx_word' id='word_1_124' title='bbox 188 2273 298 2358; x_wconf 72' lang='lat' dir='ltr'>patriae</span> <span class='ocrx_word' id='word_1_125' title='bbox 312 2274 507 2358; x_wconf 85' lang='lat' dir='ltr'>subjecerat,</span> <span class='ocrx_word' id='word_1_126' title='bbox 521 2292 689 2364; x_wconf 89' lang='lat' dir='ltr'>receptus,</span> <span class='ocrx_word' id='word_1_127' title='bbox 700 2276 815 2364; x_wconf 85' lang='lat' dir='ltr'>exegit.</span> <span class='ocrx_word' id='word_1_128' title='bbox 824 2275 900 2338; x_wconf 74' lang='lat' dir='ltr'>llaec</span> <span class='ocrx_word' id='word_1_129' title='bbox 913 2274 956 2337; x_wconf 86' lang='lat' dir='ltr'>ita</span> <span class='ocrx_word' id='word_1_130' title='bbox 971 2273 1073 2336; x_wconf 87' lang='lat' dir='ltr'>ferme</span> <span class='ocrx_word' id='word_1_131' title='bbox 1086 2286 1165 2336; x_wconf 88' lang='lat' dir='ltr'>sunt</span> 
     </span>
     <span class='ocr_line' id='line_1_17' title="bbox 95 2370 1165 2462; baseline 0.001 -29"><span class='ocrx_word' id='word_1_132' title='bbox 95 2372 136 2434; x_wconf 85' lang='lat' dir='ltr'>ab</span> <span class='ocrx_word' id='word_1_133' title='bbox 152 2375 298 2462; x_wconf 86' lang='lat' dir='ltr'>Appiano</span> <span class='ocrx_word' id='word_1_134' title='bbox 315 2376 440 2442; x_wconf 88' lang='lat' dir='ltr'>tradita.</span> <span class='ocrx_word' id='word_1_135' title='bbox 453 2377 516 2442; x_wconf 87' lang='lat' dir='ltr'>Sed</span> <span class='ocrx_word' id='word_1_136' title='bbox 530 2395 568 2442; x_wconf 92' lang='lat' dir='ltr'>ut</span> <span class='ocrx_word' id='word_1_137' title='bbox 583 2379 617 2442; x_wconf 95' lang='lat' dir='ltr'>iu</span> <span class='ocrx_word' id='word_1_138' title='bbox 634 2378 731 2442; x_wconf 90' lang='lat' dir='ltr'>rebus</span> <span class='ocrx_word' id='word_1_139' title='bbox 748 2377 890 2441; x_wconf 87' lang='lat' dir='ltr'>romanis</span> <span class='ocrx_word' id='word_1_140' title='bbox 906 2390 1053 2438; x_wconf 86' lang='lat' dir='ltr'>auctores</span> <span class='ocrx_word' id='word_1_141' title='bbox 1070 2370 1165 2461; x_wconf 83' lang='lat' dir='ltr'>graeci</span> 
     </span>
     <span class='ocr_line' id='line_1_18' title="bbox 95 2473 1166 2561; baseline -0.001 -25"><span class='ocrx_word' id='word_1_142' title='bbox 95 2473 183 2538; x_wconf 87' lang='lat' dir='ltr'>baud</span> <span class='ocrx_word' id='word_1_143' title='bbox 199 2499 272 2539; x_wconf 88' lang='lat' dir='ltr'>raro</span> <span class='ocrx_word' id='word_1_144' title='bbox 290 2479 546 2561; x_wconf 85' lang='lat' dir='ltr'>hallucinantur,</span> <span class='ocrx_word' id='word_1_145' title='bbox 563 2503 631 2543; x_wconf 94' lang='lat' dir='ltr'>non</span> <span class='ocrx_word' id='word_1_146' title='bbox 648 2480 684 2543; x_wconf 93' lang='lat' dir='ltr'>L.</span> <span class='ocrx_word' id='word_1_147' title='bbox 703 2479 920 2556; x_wconf 85' lang='lat' dir='ltr'>Mummium,</span> <span class='ocrx_word' id='word_1_148' title='bbox 937 2474 995 2538; x_wconf 88' lang='lat' dir='ltr'>sed</span> <span class='ocrx_word' id='word_1_149' title='bbox 1013 2477 1046 2537; x_wconf 89' lang='lat' dir='ltr'>L.</span> <span class='ocrx_word' id='word_1_150' title='bbox 1064 2474 1166 2536; x_wconf 90' lang='lat' dir='ltr'>Mem·</span> 
     </span>
     <span class='ocr_line' id='line_1_19' title="bbox 95 2575 1164 2670; baseline 0.002 -34"><span class='ocrx_word' id='word_1_151' title='bbox 95 2576 213 2657; x_wconf 91' lang='lat' dir='ltr'>mium,</span> <span class='ocrx_word' id='word_1_152' title='bbox 233 2598 419 2644; x_wconf 89' lang='lat' dir='ltr'>accusatum</span> <span class='ocrx_word' id='word_1_153' title='bbox 433 2583 502 2670; x_wconf 86' lang='lat' dir='ltr'>lege</span> <span class='ocrx_word' id='word_1_154' title='bbox 518 2582 614 2645; x_wconf 88' lang='lat' dir='ltr'>Varia</span> <span class='ocrx_word' id='word_1_155' title='bbox 629 2597 763 2668; x_wconf 90' lang='lat' dir='ltr'>putem;</span> <span class='ocrx_word' id='word_1_156' title='bbox 780 2602 853 2665; x_wconf 87' lang='lat' dir='ltr'>quae</span> <span class='ocrx_word' id='word_1_157' title='bbox 871 2577 1010 2641; x_wconf 88' lang='lat' dir='ltr'>duarum</span> <span class='ocrx_word' id='word_1_158' title='bbox 1029 2575 1164 2638; x_wconf 86' lang='lat' dir='ltr'>familia·</span> 
     </span>
     <span class='ocr_line' id='line_1_20' title="bbox 95 2677 1165 2768; baseline 0 -31"><span class='ocrx_word' id='word_1_159' title='bbox 95 2698 169 2738; x_wconf 89' lang='lat' dir='ltr'>rum</span> <span class='ocrx_word' id='word_1_160' title='bbox 184 2680 317 2743; x_wconf 90' lang='lat' dir='ltr'>nomina</span> <span class='ocrx_word' id='word_1_161' title='bbox 330 2683 447 2768; x_wconf 72' lang='lat' dir='ltr'>saepius</span> <span class='ocrx_word' id='word_1_162' title='bbox 460 2683 714 2768; x_wconf 78' lang='lat' dir='ltr'>permiscentur5</span> <span class='ocrx_word' id='word_1_163' title='bbox 730 2702 804 2741; x_wconf 89' lang='lat' dir='ltr'>nam</span> <span class='ocrx_word' id='word_1_164' title='bbox 823 2681 859 2742; x_wconf 88' lang='lat' dir='ltr'>L.</span> <span class='ocrx_word' id='word_1_165' title='bbox 877 2677 1071 2740; x_wconf 88' lang='lat' dir='ltr'>Memmium</span> <span class='ocrx_word' id='word_1_166' title='bbox 1087 2696 1165 2738; x_wconf 89' lang='lat' dir='ltr'>cau·</span> 
     </span>
     <span class='ocr_line' id='line_1_21' title="bbox 96 2779 1166 2845; baseline 0.004 -7"><span class='ocrx_word' id='word_1_167' title='bbox 96 2797 164 2838; x_wconf 89' lang='lat' dir='ltr'>sam</span> <span class='ocrx_word' id='word_1_168' title='bbox 188 2800 227 2840; x_wconf 94' lang='lat' dir='ltr'>eo</span> <span class='ocrx_word' id='word_1_169' title='bbox 251 2780 386 2843; x_wconf 89' lang='lat' dir='ltr'>crimine</span> <span class='ocrx_word' id='word_1_170' title='bbox 407 2780 525 2845; x_wconf 84' lang='lat' dir='ltr'>dixisse</span> <span class='ocrx_word' id='word_1_171' title='bbox 550 2781 664 2844; x_wconf 88' lang='lat' dir='ltr'>Cicero</span> <span class='ocrx_word' id='word_1_172' title='bbox 687 2795 822 2843; x_wconf 88' lang='lat' dir='ltr'>narrat:</span> <span class='ocrx_word' id='word_1_173' title='bbox 844 2779 1042 2842; x_wconf 90' lang='lat' dir='ltr'>lllummium</span> <span class='ocrx_word' id='word_1_174' title='bbox 1067 2799 1166 2842; x_wconf 91' lang='lat' dir='ltr'>nemo</span> 
     </span>
     <span class='ocr_line' id='line_1_22' title="bbox 96 2878 1167 2970; baseline 0 -30"><span class='ocrx_word' id='word_1_175' title='bbox 96 2892 292 2961; x_wconf 86' lang='lat' dir='ltr'>auctorest,</span> <span class='ocrx_word' id='word_1_176' title='bbox 311 2896 377 2943; x_wconf 88' lang='lat' dir='ltr'>tam</span> <span class='ocrx_word' id='word_1_177' title='bbox 399 2880 456 2944; x_wconf 91' lang='lat' dir='ltr'>diu</span> <span class='ocrx_word' id='word_1_178' title='bbox 480 2880 672 2970; x_wconf 86' lang='lat' dir='ltr'>produxisse</span> <span class='ocrx_word' id='word_1_179' title='bbox 687 2880 803 2956; x_wconf 85' lang='lat' dir='ltr'>vitam,</span> <span class='ocrx_word' id='word_1_180' title='bbox 822 2895 860 2943; x_wconf 89' lang='lat' dir='ltr'>ut</span> <span class='ocrx_word' id='word_1_181' title='bbox 881 2896 998 2967; x_wconf 86' lang='lat' dir='ltr'>quarto</span> <span class='ocrx_word' id='word_1_182' title='bbox 1016 2894 1049 2942; x_wconf 89' lang='lat' dir='ltr'>et</span> <span class='ocrx_word' id='word_1_183' title='bbox 1069 2878 1167 2965; x_wconf 80' lang='lat' dir='ltr'>quin·</span> 
     </span>
     <span class='ocr_line' id='line_1_23' title="bbox 97 2977 1166 3069; baseline 0.002 -29"><span class='ocrx_word' id='word_1_184' title='bbox 97 2982 285 3068; x_wconf 86' lang='lat' dir='ltr'>quagesimo</span> <span class='ocrx_word' id='word_1_185' title='bbox 304 2999 380 3069; x_wconf 91' lang='lat' dir='ltr'>post</span> <span class='ocrx_word' id='word_1_186' title='bbox 400 3005 499 3046; x_wconf 88' lang='lat' dir='ltr'>suum</span> <span class='ocrx_word' id='word_1_187' title='bbox 517 2982 722 3046; x_wconf 91' lang='lat' dir='ltr'>consulatum</span> <span class='ocrx_word' id='word_1_188' title='bbox 743 3004 830 3045; x_wconf 76' lang='lat' dir='ltr'>atino</span> <span class='ocrx_word' id='word_1_189' title='bbox 849 2981 994 3069; x_wconf 90' lang='lat' dir='ltr'>potuerit</span> <span class='ocrx_word' id='word_1_190' title='bbox 1011 2977 1166 3047; x_wconf 79' lang='lat' dir='ltr'>accusari.</span> 
     </span>
     <span class='ocr_line' id='line_1_24' title="bbox 97 3079 1165 3164; baseline -0.001 -21"><span class='ocrx_word' id='word_1_191' title='bbox 97 3081 187 3144; x_wconf 87' lang='lat' dir='ltr'>Inter</span> <span class='ocrx_word' id='word_1_192' title='bbox 209 3081 270 3146; x_wconf 90' lang='lat' dir='ltr'>hos</span> <span class='ocrx_word' id='word_1_193' title='bbox 293 3083 466 3147; x_wconf 87' lang='lat' dir='ltr'>illustrium</span> <span class='ocrx_word' id='word_1_194' title='bbox 488 3084 661 3148; x_wconf 90' lang='lat' dir='ltr'>hominum</span> <span class='ocrx_word' id='word_1_195' title='bbox 684 3106 796 3164; x_wconf 85' lang='lat' dir='ltr'>casus,</span> <span class='ocrx_word' id='word_1_196' title='bbox 821 3082 865 3146; x_wconf 88' lang='lat' dir='ltr'>M.</span> <span class='ocrx_word' id='word_1_197' title='bbox 892 3080 1014 3145; x_wconf 83' lang='lat' dir='ltr'>AEmilii</span> <span class='ocrx_word' id='word_1_198' title='bbox 1038 3079 1165 3160; x_wconf 87' lang='lat' dir='ltr'>Scauri,</span> 
     </span>
     <span class='ocr_line' id='line_1_25' title="bbox 97 3181 1167 3274; baseline 0.003 -30"><span class='ocrx_word' id='word_1_199' title='bbox 97 3181 250 3247; x_wconf 87' lang='lat' dir='ltr'>adversus</span> <span class='ocrx_word' id='word_1_200' title='bbox 263 3185 459 3248; x_wconf 83' lang='lat' dir='ltr'>intentatum</span> <span class='ocrx_word' id='word_1_201' title='bbox 473 3185 653 3273; x_wconf 90' lang='lat' dir='ltr'>periculum</span> <span class='ocrx_word' id='word_1_202' title='bbox 668 3185 782 3250; x_wconf 89' lang='lat' dir='ltr'>victrix</span> <span class='ocrx_word' id='word_1_203' title='bbox 795 3184 930 3274; x_wconf 80' lang='lat' dir='ltr'>gravitas</span> <span class='ocrx_word' id='word_1_204' title='bbox 945 3200 977 3246; x_wconf 90' lang='lat' dir='ltr'>et</span> <span class='ocrx_word' id='word_1_205' title='bbox 989 3182 1167 3270; x_wconf 85' lang='lat' dir='ltr'>pervicacia</span> 
     </span>
     <span class='ocr_line' id='line_1_26' title="bbox 98 3283 1166 3374; baseline 0.005 -30"><span class='ocrx_word' id='word_1_206' title='bbox 98 3285 227 3348; x_wconf 85' lang='lat' dir='ltr'>exstitit.</span> <span class='ocrx_word' id='word_1_207' title='bbox 248 3284 289 3368; x_wconf 89' lang='lat' dir='ltr'>Q.</span> <span class='ocrx_word' id='word_1_208' title='bbox 310 3286 437 3374; x_wconf 80' lang='lat' dir='ltr'>Caepio,</span> <span class='ocrx_word' id='word_1_209' title='bbox 454 3302 547 3350; x_wconf 88' lang='lat' dir='ltr'>vetus</span> <span class='ocrx_word' id='word_1_210' title='bbox 569 3287 720 3351; x_wconf 89' lang='lat' dir='ltr'>inimicus</span> <span class='ocrx_word' id='word_1_211' title='bbox 741 3286 869 3367; x_wconf 87' lang='lat' dir='ltr'>Scauri,</span> <span class='ocrx_word' id='word_1_212' title='bbox 890 3285 1006 3372; x_wconf 89' lang='lat' dir='ltr'>etipse</span> <span class='ocrx_word' id='word_1_213' title='bbox 1022 3285 1056 3347; x_wconf 94' lang='lat' dir='ltr'>in</span> <span class='ocrx_word' id='word_1_214' title='bbox 1074 3283 1166 3349; x_wconf 91' lang='lat' dir='ltr'>illum</span> 
     </span>
     <span class='ocr_line' id='line_1_27' title="bbox 98 3385 1168 3475; baseline 0.001 -28"><span class='ocrx_word' id='word_1_215' title='bbox 98 3386 168 3472; x_wconf 88' lang='lat' dir='ltr'>lege</span> <span class='ocrx_word' id='word_1_216' title='bbox 184 3388 278 3451; x_wconf 86' lang='lat' dir='ltr'>Varia</span> <span class='ocrx_word' id='word_1_217' title='bbox 295 3388 434 3466; x_wconf 87' lang='lat' dir='ltr'>dixerat,</span> <span class='ocrx_word' id='word_1_218' title='bbox 454 3407 579 3453; x_wconf 91' lang='lat' dir='ltr'>etcum</span> <span class='ocrx_word' id='word_1_219' title='bbox 597 3391 639 3471; x_wconf 87' lang='lat' dir='ltr'>Q.</span> <span class='ocrx_word' id='word_1_220' title='bbox 650 3390 748 3453; x_wconf 88' lang='lat' dir='ltr'>Vario</span> <span class='ocrx_word' id='word_1_221' title='bbox 771 3388 903 3452; x_wconf 91' lang='lat' dir='ltr'>tribuno</span> <span class='ocrx_word' id='word_1_222' title='bbox 921 3385 1025 3475; x_wconf 90' lang='lat' dir='ltr'>plebis</span> <span class='ocrx_word' id='word_1_223' title='bbox 1041 3401 1168 3474; x_wconf 83' lang='lat' dir='ltr'>egerat,</span> 
     </span>
     <span class='ocr_line' id='line_1_28' title="bbox 100 3486 1169 3578; baseline 0.006 -33"><span class='ocrx_word' id='word_1_224' title='bbox 100 3501 136 3546; x_wconf 90' lang='lat' dir='ltr'>ut</span> <span class='ocrx_word' id='word_1_225' title='bbox 149 3486 259 3551; x_wconf 87' lang='lat' dir='ltr'>adesse</span> <span class='ocrx_word' id='word_1_226' title='bbox 278 3512 353 3552; x_wconf 88' lang='lat' dir='ltr'>eum</span> <span class='ocrx_word' id='word_1_227' title='bbox 366 3490 512 3571; x_wconf 88' lang='lat' dir='ltr'>juberet,</span> <span class='ocrx_word' id='word_1_228' title='bbox 529 3491 613 3554; x_wconf 90' lang='lat' dir='ltr'>hanc</span> <span class='ocrx_word' id='word_1_229' title='bbox 630 3490 835 3578; x_wconf 84' lang='lat' dir='ltr'>opprimendi</span> <span class='ocrx_word' id='word_1_230' title='bbox 848 3490 934 3555; x_wconf 90' lang='lat' dir='ltr'>senis</span> <span class='ocrx_word' id='word_1_231' title='bbox 949 3487 1086 3552; x_wconf 83' lang='lat' dir='ltr'>maxime</span> <span class='ocrx_word' id='word_1_232' title='bbox 1100 3486 1169 3552; x_wconf 87' lang='lat' dir='ltr'>ido·</span> 
     </span>
     <span class='ocr_line' id='line_1_29' title="bbox 100 3592 749 3681; baseline 0.008 -34"><span class='ocrx_word' id='word_1_233' title='bbox 100 3610 193 3649; x_wconf 88' lang='lat' dir='ltr'>neam</span> <span class='ocrx_word' id='word_1_234' title='bbox 214 3592 416 3654; x_wconf 86' lang='lat' dir='ltr'>occasionem</span> <span class='ocrx_word' id='word_1_235' title='bbox 434 3593 590 3681; x_wconf 88' lang='lat' dir='ltr'>reperisse</span> <span class='ocrx_word' id='word_1_236' title='bbox 607 3614 749 3678; x_wconf 90' lang='lat' dir='ltr'>sperans.</span> 
     </span>
    </p>

    <p class='ocr_par' dir='ltr' id='par_1_4' title="bbox 99 3688 1175 4183">
     <span class='ocr_line' id='line_1_30' title="bbox 144 3688 1168 3781; baseline 0.001 -31"><span class='ocrx_word' id='word_1_237' title='bbox 144 3688 245 3753; x_wconf 88' lang='lat' dir='ltr'><strong>XLII.</strong></span> <span class='ocrx_word' id='word_1_238' title='bbox 269 3691 382 3755; x_wconf 76' lang='lat' dir='ltr'>Annus</span> <span class='ocrx_word' id='word_1_239' title='bbox 406 3693 451 3756; x_wconf 94' lang='lat' dir='ltr'>illi</span> <span class='ocrx_word' id='word_1_240' title='bbox 473 3694 554 3756; x_wconf 90' lang='lat' dir='ltr'>alter</span> <span class='ocrx_word' id='word_1_241' title='bbox 573 3708 671 3779; x_wconf 91' lang='lat' dir='ltr'>atque</span> <span class='ocrx_word' id='word_1_242' title='bbox 694 3692 949 3781; x_wconf 82' lang='lat' dir='ltr'>septuagesimus</span> <span class='ocrx_word' id='word_1_243' title='bbox 972 3689 1074 3761; x_wconf 86' lang='lat' dir='ltr'>aetatis</span> <span class='ocrx_word' id='word_1_244' title='bbox 1093 3711 1168 3778; x_wconf 84' lang='lat' dir='ltr'>age·</span> 
     </span>
     <span class='ocr_line' id='line_1_31' title="bbox 100 3789 1171 3879; baseline 0.001 -28"><span class='ocrx_word' id='word_1_245' title='bbox 100 3790 210 3870; x_wconf 91' lang='lat' dir='ltr'>batur,</span> <span class='ocrx_word' id='word_1_246' title='bbox 228 3808 260 3854; x_wconf 93' lang='lat' dir='ltr'>et</span> <span class='ocrx_word' id='word_1_247' title='bbox 278 3807 512 3879; x_wconf 83' lang='lat' dir='ltr'>p1·aeterannos</span> <span class='ocrx_word' id='word_1_248' title='bbox 532 3795 627 3857; x_wconf 88' lang='lat' dir='ltr'>etiam</span> <span class='ocrx_word' id='word_1_249' title='bbox 642 3792 774 3857; x_wconf 85' lang='lat' dir='ltr'>adversa</span> <span class='ocrx_word' id='word_1_250' title='bbox 787 3790 973 3856; x_wconf 85' lang='lat' dir='ltr'>valetudine</span> <span class='ocrx_word' id='word_1_251' title='bbox 987 3813 1106 3878; x_wconf 90' lang='lat' dir='ltr'>corpus</span> <span class='ocrx_word' id='word_1_252' title='bbox 1121 3789 1171 3855; x_wconf 84' lang='lat' dir='ltr'>af-</span> 
     </span>
     <span class='ocr_line' id='line_1_32' title="bbox 100 3889 1171 3983; baseline -0.002 -31"><span class='ocrx_word' id='word_1_253' title='bbox 100 3889 223 3954; x_wconf 89' lang='lat' dir='ltr'>llictum</span> <span class='ocrx_word' id='word_1_254' title='bbox 243 3892 391 3980; x_wconf 84' lang='lat' dir='ltr'>gerebat:</span> <span class='ocrx_word' id='word_1_255' title='bbox 405 3897 450 3958; x_wconf 94' lang='lat' dir='ltr'>sic</span> <span class='ocrx_word' id='word_1_256' title='bbox 468 3897 620 3959; x_wconf 76' lang='lat' dir='ltr'>allectum</span> <span class='ocrx_word' id='word_1_257' title='bbox 643 3894 804 3983; x_wconf 85' lang='lat' dir='ltr'>negabant</span> <span class='ocrx_word' id='word_1_258' title='bbox 825 3892 934 3973; x_wconf 86' lang='lat' dir='ltr'>amici,</span> <span class='ocrx_word' id='word_1_259' title='bbox 953 3891 1101 3980; x_wconf 85' lang='lat' dir='ltr'>populari</span> <span class='ocrx_word' id='word_1_260' title='bbox 1120 3889 1171 3952; x_wconf 78' lang='lat' dir='ltr'>in-</span> 
     </span>
     <span class='ocr_line' id='line_1_33' title="bbox 100 3993 1173 4084; baseline 0.002 -26"><span class='ocrx_word' id='word_1_261' title='bbox 100 3993 192 4058; x_wconf 87' lang='lat' dir='ltr'>vidiae</span> <span class='ocrx_word' id='word_1_262' title='bbox 209 3994 410 4082; x_wconf 73' lang='lat' dir='ltr'>licentiaeque</span> <span class='ocrx_word' id='word_1_263' title='bbox 430 3997 528 4076; x_wconf 88' lang='lat' dir='ltr'>objici</span> <span class='ocrx_word' id='word_1_264' title='bbox 551 4013 711 4084; x_wconf 88' lang='lat' dir='ltr'>oportere.</span> <span class='ocrx_word' id='word_1_265' title='bbox 729 3996 792 4061; x_wconf 90' lang='lat' dir='ltr'>Sed</span> <span class='ocrx_word' id='word_1_266' title='bbox 809 3996 863 4060; x_wconf 89' lang='lat' dir='ltr'>ille</span> <span class='ocrx_word' id='word_1_267' title='bbox 880 3997 1054 4084; x_wconf 83' lang='lat' dir='ltr'>pristinum</span> <span class='ocrx_word' id='word_1_268' title='bbox 1071 3993 1173 4060; x_wconf 85' lang='lat' dir='ltr'>animi</span> 
     </span>
     <span class='ocr_line' id='line_1_34' title="bbox 99 4093 1175 4183; baseline 0.005 -27"><span class='ocrx_word' id='word_1_269' title='bbox 99 4096 246 4183; x_wconf 87' lang='lat' dir='ltr'>vigorem</span> <span class='ocrx_word' id='word_1_270' title='bbox 263 4097 424 4178; x_wconf 89' lang='lat' dir='ltr'>retinens,</span> <span class='ocrx_word' id='word_1_271' title='bbox 443 4098 653 4162; x_wconf 89' lang='lat' dir='ltr'>nobilissimis</span> <span class='ocrx_word' id='word_1_272' title='bbox 665 4099 839 4179; x_wconf 85' lang='lat' dir='ltr'>juvenibus</span> <span class='ocrx_word' id='word_1_273' title='bbox 856 4097 983 4161; x_wconf 88' lang='lat' dir='ltr'>innisus</span> <span class='ocrx_word' id='word_1_274' title='bbox 1002 4093 1175 4161; x_wconf 85' lang='lat' dir='ltr'>descendit</span> 
     </span>
    </p>
   </div>
   <div class='ocr_carea' id='block_1_3' title="bbox 101 4318 1178 4554">
    <p class='ocr_par' dir='ltr' id='par_1_5' title="bbox 101 4318 1178 4554">
     <span class='ocr_line' id='line_1_35' title="bbox 136 4318 1175 4386; baseline 0.002 -19"><span class='ocrx_word' id='word_1_275' title='bbox 136 4318 152 4383; x_wconf 76' lang='lat' dir='ltr'>S</span> <span class='ocrx_word' id='word_1_276' title='bbox 165 4321 218 4367; x_wconf 78' lang='lat' dir='ltr'>XL.</span> <span class='ocrx_word' id='word_1_277' title='bbox 232 4319 307 4385; x_wconf 82' lang='lat' dir='ltr'>Apud</span> <span class='ocrx_word' id='word_1_278' title='bbox 317 4319 369 4368; x_wconf 91' lang='lat' dir='ltr'>Cic.</span> <span class='ocrx_word' id='word_1_279' title='bbox 383 4319 411 4367; x_wconf 89' lang='lat' dir='ltr'>iu</span> <span class='ocrx_word' id='word_1_280' title='bbox 424 4322 493 4368; x_wconf 79' lang='lat' dir='ltr'>Orat.</span> <span class='ocrx_word' id='word_1_281' title='bbox 505 4331 635 4384; x_wconf 72' lang='lat' dir='ltr'>autequam</span> <span class='ocrx_word' id='word_1_282' title='bbox 653 4320 699 4368; x_wconf 83' lang='lat' dir='ltr'>iret</span> <span class='ocrx_word' id='word_1_283' title='bbox 715 4321 743 4367; x_wconf 86' lang='lat' dir='ltr'>in</span> <span class='ocrx_word' id='word_1_284' title='bbox 755 4320 885 4379; x_wconf 79' lang='lat' dir='ltr'>exsilium,</span> <span class='ocrx_word' id='word_1_285' title='bbox 903 4336 961 4384; x_wconf 72' lang='lat' dir='ltr'>cap..</span> <span class='ocrx_word' id='word_1_286' title='bbox 973 4334 1013 4369; x_wconf 77' lang='grc' dir='ltr'>ιι.</span> <span class='ocrx_word' id='word_1_287' title='bbox 1028 4345 1064 4356; x_wconf 94' lang='grc'>-</span> <span class='ocrx_word' id='word_1_288' title='bbox 1076 4319 1093 4386; x_wconf 65' lang='lat' dir='ltr'>S</span> <span class='ocrx_word' id='word_1_289' title='bbox 1106 4322 1175 4369; x_wconf 78' lang='lat' dir='ltr'>xm.</span> 
     </span>
     <span class='ocr_line' id='line_1_36' title="bbox 101 4402 1178 4469; baseline 0.006 -20"><span class='ocrx_word' id='word_1_290' title='bbox 101 4402 186 4449; x_wconf 78' lang='lat' dir='ltr'>senec.</span> <span class='ocrx_word' id='word_1_291' title='bbox 200 4403 328 4453; x_wconf 76' lang='lat' dir='ltr'>Consolat.</span> <span class='ocrx_word' id='word_1_292' title='bbox 348 4402 380 4450; x_wconf 76' lang='lat' dir='ltr'>ad</span> <span class='ocrx_word' id='word_1_293' title='bbox 395 4403 588 4469; x_wconf 76' lang='lat' dir='ltr'>llelv.cap.16.</span> <span class='ocrx_word' id='word_1_294' title='bbox 604 4431 640 4441; x_wconf 91' lang='lat'>-</span> <span class='ocrx_word' id='word_1_295' title='bbox 654 4402 763 4468; x_wconf 75' lang='lat' dir='ltr'>Appiau.</span> <span class='ocrx_word' id='word_1_296' title='bbox 782 4404 878 4453; x_wconf 69' lang='lat' dir='ltr'>charta.</span> <span class='ocrx_word' id='word_1_297' title='bbox 898 4404 940 4453; x_wconf 87' lang='lat' dir='ltr'>llb.</span> <span class='ocrx_word' id='word_1_298' title='bbox 960 4405 1000 4463; x_wconf 86' lang='lat'>11,</span> <span class='ocrx_word' id='word_1_299' title='bbox 1017 4402 1048 4452; x_wconf 82' lang='lat' dir='ltr'>dc</span> <span class='ocrx_word' id='word_1_300' title='bbox 1064 4403 1178 4456; x_wconf 70' lang='lat' dir='ltr'>adverb.</span> 
     </span>
     <span class='ocr_line' id='line_1_37' title="bbox 103 4487 855 4554; baseline 0.005 -20"><span class='ocrx_word' id='word_1_301' title='bbox 103 4499 128 4548; x_wconf 77' lang='lat' dir='ltr'>p.</span> <span class='ocrx_word' id='word_1_302' title='bbox 142 4499 198 4545; x_wconf 84' lang='lat'>177.</span> <span class='ocrx_word' id='word_1_303' title='bbox 207 4514 242 4522; x_wconf 98' lang='lat'>—</span> <span class='ocrx_word' id='word_1_304' title='bbox 255 4487 355 4536; x_wconf 66' lang='lat' dir='ltr'>Pedion,</span> <span class='ocrx_word' id='word_1_305' title='bbox 367 4488 393 4534; x_wconf 90' lang='lat' dir='ltr'>in</span> <span class='ocrx_word' id='word_1_306' title='bbox 404 4489 487 4536; x_wconf 84' lang='lat' dir='ltr'>Scaur.</span> <span class='ocrx_word' id='word_1_307' title='bbox 499 4516 532 4527; x_wconf 90' lang='lat'><em>-</em></span> <span class='ocrx_word' id='word_1_308' title='bbox 544 4488 597 4536; x_wconf 79' lang='lat' dir='ltr'>Cic.</span> <span class='ocrx_word' id='word_1_309' title='bbox 607 4488 633 4536; x_wconf 87' lang='lat' dir='ltr'>in</span> <span class='ocrx_word' id='word_1_310' title='bbox 643 4489 733 4547; x_wconf 86' lang='lat' dir='ltr'>Bruto,</span> <span class='ocrx_word' id='word_1_311' title='bbox 747 4505 802 4554; x_wconf 82' lang='lat' dir='ltr'>cap.</span> <span class='ocrx_word' id='word_1_312' title='bbox 813 4489 855 4551; x_wconf 81' lang='lat'>89.</span> 
     </span>
    </p>
   </div>
   <div class='ocr_carea' id='block_1_4' title="bbox 0 0 1317 4980">
    <p class='ocr_par' dir='ltr' id='par_1_6' title="bbox 0 0 1317 4980">
     <span class='ocr_line' id='line_1_38' title="bbox 0 0 1317 4980; baseline 0 0"><span class='ocrx_word' id='word_1_313' title='bbox 0 0 1317 4980; x_wconf 95' lang='lat' dir='ltr'> </span> 
     </span>
    </p>
   </div>
  </div>
 </body>
</html>
