2594 4980
286 112 338 175 IN
370 112 481 176 LllC.
509 113 601 176 Llll.
631 111 675 174 Ll
712 114 919 179 ttvlln't.
1074 120 1135 207 ulo

60 229 256 292 retinendos
272 231 441 317 ambiguos
455 230 620 290 vinculum
638 245 721 307 crett3
739 253 845 313 noque
863 230 1057 293 distulerunt
1075 258 1135 294 cu*-

60 349 131 394 tera
157 330 314 418 deinceps
338 330 483 420 praesidia
508 332 731 393 Romanorum
759 329 832 392 fidei
862 354 895 393 se
922 334 1132 418 permittere:

64 431 176 513 uude,
193 432 311 496 clausis
326 433 359 496 in
379 455 477 496 unam
496 431 612 495 urbem
629 431 754 512 Ptenis,
777 432 885 495 omnis
907 432 940 494 in
965 452 1134 520 posterum

63 531 247 621 accipiendi
265 533 328 598 ulla
345 547 491 623 exparte
506 548 706 597 commeatus
722 531 854 597 facultas
870 534 1042 599 intercidit.

107 633 230 698 XXIV.
244 634 504 724 Captocastello,
517 634 680 699 universas
694 635 813 699 iterum
828 635 937 723 copias
951 634 993 699 ad
1006 639 1136 703 Cartha·

64 734 148 823 ginis
158 733 326 800 obsidium
337 734 468 802 reduxit
480 735 606 824 Scipio:
620 736 704 799 inter
717 758 797 823 quas
812 759 916 823 quum
933 736 1133 824 Hasdrubal,

65 833 283 901 Numidarum
298 839 479 926 conspectis
491 837 673 925 equitibus,
686 837 859 902 Gulussam
872 839 1041 904 revertisse
1054 865 1133 920 con·

66 933 205 1020 iecissem
221 940 423 1028 colloquium
442 940 510 1020 ejus
526 940 688 1030 expetivit.
701 940 787 1003 Tum
807 940 945 1006 maxime
961 960 1134 1031 conspecta

70 1033 208 1102 hominis
217 1040 351 1122 vanitas,
363 1042 567 1128 fortunaeque
578 1064 644 1106 suae
654 1040 851 1130 perabsurde
862 1042 993 1130 ignarus
1004 1045 1132 1110 animus

71 1136 135 1203 luit.
146 1142 324 1206 Accinctus
336 1142 440 1225 enim,
456 1142 618 1231 armisque
632 1157 703 1207 toto
720 1164 857 1229 corpore
872 1158 994 1225 tectus,
1011 1145 1132 1232 quibus

70 1237 269 1330 chlamydem
283 1265 321 1307 ex
334 1245 416 1333 tyria
430 1265 575 1333 purpura
589 1243 760 1325 injecerat,
775 1265 850 1305 cum
863 1241 975 1309 decem
990 1245 1132 1310 custodi-

70 1337 124 1406 bus
135 1345 285 1433 corporis
299 1345 472 1410 machaeras
486 1344 664 1409 ferentibus
677 1344 851 1432 processit:
865 1342 999 1426 deinde,
1011 1347 1130 1411 relictis
1238 1364 1241 1371 ’

70 1438 130 1524 his,
148 1443 194 1508 ad
216 1445 357 1535 spatium
381 1447 483 1511 ferme
509 1443 631 1535 pedum
653 1443 768 1535 viginti
792 1468 999 1535 progressus,
1020 1448 1131 1512 innuit

66 1544 148 1633 regi,
165 1562 205 1610 ut
219 1546 262 1611 ad
277 1570 313 1612 se
329 1546 511 1630 accederet,
529 1570 632 1635 quum
650 1563 762 1611 contra
781 1546 849 1610 fieri
866 1548 1073 1634 oportuisset.
1090 1550 1131 1612 At

65 1643 204 1712 Nmuida
218 1673 279 1739 pro
293 1650 496 1738 simplicitate
514 1650 617 1740 gentis
633 1649 706 1712 talia
720 1671 781 1737 pro
795 1647 946 1712 inanibus
958 1671 1129 1736 spernens,

61 1748 149 1812 solus
169 1752 329 1816 accessit:
347 1769 380 1815 et
398 1775 502 1840 quum
521 1751 565 1814 ita
586 1750 720 1815 sollicite
738 1766 957 1839 perarmatum
976 1750 1127 1833 vidisset,

60 1871 249 1939 quanquam
263 1854 348 1918 fossa
362 1855 511 1942 valloque
527 1854 695 1935 interjecto
712 1868 885 1942 tegeretur,
900 1854 1127 1942 interrogavit,

60 1950 152 2030 cujus
164 1969 257 2019 metu
269 1978 357 2020 arma
368 1955 548 2021 induisset?
558 1956 629 2038 Illo,
643 1956 806 2019 Romanos
818 1969 974 2035 metuere,
988 1954 1126 2038 dicente,

61 2049 159 2116 «Nou
171 2053 284 2143 igitur,
296 2055 453 2144 excipitN
456 2054 582 2136 umida,
594 2057 663 2119 sine
675 2077 787 2136 causa,
798 2070 854 2117 aut
864 2071 979 2142 praeter
992 2057 1128 2120 necessi·

62 2167 183 2217 «tatem
195 2156 273 2219 urbi
287 2172 319 2219 te
333 2157 510 2220 inclusisti:
526 2171 693 2236 caeterum,
708 2154 787 2241 quid
802 2171 867 2234 est,
884 2155 974 2240 quod
988 2158 1099 2244 petas?
1112 2189 1126 2214 »

104 2255 208 2318 XXV.
226 2257 314 2320 Tum
334 2255 517 2321 Hasdrubal
532 2254 708 2342 postulare,
728 2267 765 2317 ut
780 2254 827 2317 nd
843 2277 1009 2317 romaniam
1028 2259 1124 2344 inipe-

64 2368 194 2418 mtorem
209 2354 364 2444 legatione
366 2356 565 2444 fungeretur
569 2404 579 2434 ,
597 2355 835 2443 sponderetque,
857 2353 1126 2441 Uarthagmienses

64 2455 211 2544 inperata
230 2457 405 2523 obedienter
411 2457 564 2547 faeneos
569 2506 580 2538 ,
597 2455 690 2521 modo
711 2457 785 2520 urbi
795 2469 986 2544 parceretur.
1012 2457 1125 2540 Quum

64 2555 101 2620 ad
112 2558 183 2624 hare
195 2558 354 2644 Numida,
361 2559 515 2650 puen‘lem
529 2582 591 2623 esse
598 2560 797 2648 petitionem,
813 2557 958 2646 quodque
972 2557 1061 2621 rebus
1076 2560 1125 2622 in·

64 2664 153 2745 tegnls
171 2675 205 2726 et
217 2660 391 2726 sedenti'bus
413 2663 511 2728 Uticae
533 2663 682 2725 Ennianis
700 2661 859 2749 inpetrari
873 2682 937 2722 non
951 2673 1124 2747 promeret,

66 2782 143 2826 ιιιιιιο
164 2778 251 2827 terra
273 2766 413 2854 man'que
436 2762 692 2845 circumvallatis,
714 2764 802 2847 omni
811 2758 921 2850 serrae
942 2783 993 2849 spe
1013 2760 1124 2825 salutis

65 2865 191 2946 amsa,
203 2864 338 2954 fram
361 2870 498 2956 sperari,
526 2865 647 2930 diceret
664 2888 671 2930 :
689 2864 889 2946 Hasdrubal,
914 2877 947 2928 et
968 2867 1122 2932 sociorum

66 2965 163 3050 opibus
174 2964 348 3055 corfidere,
366 2967 534 3058 respondit
550 2967 712 3056 (nondum
729 2967 832 3048 enim,
847 2988 919 3054 quae
934 2965 976 3030 ad
991 2966 1122 3054 Nephe-

66 3064 118 3130 rim
134 3085 228 3132 erant
244 3085 349 3159 gesta,
369 3068 553 3157 audiverat)
572 3091 670 3159 neque
685 3071 724 3134 de
740 3071 814 3134 urbe
830 3070 992 3158 desperare
1007 3093 1020 3132 .·
1035 3094 1122 3133 sum·

66 3187 141 3232 mant
152 3185 261 3234 cutem
274 3170 387 3236 habere
397 3195 480 3260 spem
492 3173 527 3235 in
541 3171 670 3236 deorum
683 3168 907 3235 t‘rnmortuliwn
921 3168 1101 3233 commilitio
1107 3194 1122 3248 ;

67 3289 119 3333 non
143 3274 227 3335 ent‘rn
254 3273 443 3360 neglecturos
472 3273 620 3363 irtJ'uriam
643 3296 705 3360 per
722 3269 861 3361 foederis
890 3269 1122 3333 renotationem

67 3370 253 3461 deceptoriae
259 3423 270 3455 ,
292 3375 349 3438 sed
358 3373 569 3464 multipliciter
581 3374 778 3462 expedituros
791 3371 901 3436 salutis
916 3373 1003 3434 aarum
1015 3394 1027 3432 .·
1041 3391 1121 3455 qua-

68 3491 189 3562 propter
201 3475 338 3556 jubebat
353 3476 437 3540 orari
456 3477 641 3557 consulem,
657 3490 693 3540 ut
707 3486 738 3538 et
751 3475 880 3537 deorum
897 3484 995 3548 metu,
1013 3466 1126 3555 erfor-

69 3585 141 3637 tunae
155 3579 324 3641 reverentia
340 3577 474 3666 instantis
488 3579 569 3641 urbis
583 3580 792 3656 misereretur,·
806 3579 969 3661 sciretque,
987 3568 1123 3635 Cartha·

68 3679 223 3759 ginienses,
239 3681 275 3742 ni
282 3680 448 3766 postulatu
463 3683 694 3770 impetrassent,
716 3695 858 3745 extrema
868 3674 976 3762 potius
992 3675 1100 3737 omitia
1108 3721 1120 3752 ,

96 3866 214 3930 Slell.
225 3871 305 3923 strab.
320 3901 353 3910 -
367 3874 473 3940 Appiam
486 3902 521 3911 -
534 3872 550 3936 S
563 3875 659 3923 mv.
672 3873 761 3920 Zonar.
774 3897 807 3907 —
821 3865 909 3932 Polyb.
923 3865 988 3928 apud
1002 3865 1084 3914 Valet.
