2640 5046
256 1013 426 1103 JOAN
436 1015 479 1103 N
489 1014 547 1102 IS
591 1015 626 1100 F
634 1013 1047 1104 REINSHEMII

155 1228 1148 1398 SUPPLEMENTORUM

336 1554 952 1680 LIVIANORUM

495 1838 668 1916 LIBER
702 1839 811 1918 XXI

307 2079 352 2134 IN
380 2077 535 2134 LOCUM
563 2079 685 2134 LIBRI
712 2078 780 2134 LVI
807 2078 992 2134 LIVIANI.

455 2330 844 2365 ...φρομ-.-

534 2571 772 2639 ΕΡΙΤΟΜΕ

283 2733 413 2788 n1nn1
445 2730 837 2801 Qurnouacnsrnsr
865 2730 1014 2787 snxm.

123 2877 243 2928 Decimus
254 2875 348 2926 Iunius
358 2875 455 2925 Brutus
467 2873 495 2924 in
509 2873 634 2924 ulteriore
647 2873 777 2942 Hispania
792 2873 901 2925 feliciter
914 2873 1041 2927 adversus
1054 2874 1183 2932 Galtoeos

156 2958 301 3029 pugnavit:
323 2953 445 3010 dissimili
464 2967 559 3007 eventu
577 2955 615 3006 M.
630 2954 754 3006 AEmilius
766 2954 882 3025 Lepidus
897 2957 1040 3026 proconsul
1056 2956 1183 3013 adversus

155 3044 279 3094 Vaccaeos
295 3061 351 3093 rem
367 3039 464 3111 gessit;
479 3037 634 3108 clademque
652 3037 764 3090 similem
782 3039 949 3092 Numantinis
964 3058 1057 3112 passus
1074 3051 1123 3094 est.
1139 3043 1181 3096 Ad

155 3124 339 3178 exsolvendum
354 3122 502 3176 numantini
516 3120 620 3174 foderis
631 3121 758 3191 religione
768 3122 912 3192 populum,
930 3121 1085 3188 Mancinus,
1098 3143 1182 3196 quum

154 3210 232 3283 hujus
248 3209 286 3262 rei
302 3221 394 3261 auctor
413 3207 518 3270 fuisset,
536 3204 640 3257 deditus
653 3204 836 3267 Numantinis,
856 3224 909 3258 uon
927 3217 966 3259 est
981 3219 1113 3280 receptus.
1128 3210 1183 3263 Lu·

154 3305 236 3345 strum
253 3311 269 3344 a
288 3292 442 3344 censoribus
458 3287 594 3342 conditum
608 3299 655 3341 est.
674 3288 759 3340 Ceusa
778 3299 840 3341 suut
853 3288 952 3342 civium
965 3290 1053 3360 capita
1066 3302 1183 3354 trecenta

154 3376 245 3445 viginti
268 3376 316 3427 trin
335 3373 427 3427 millia.
446 3372 555 3424 Fulvius
574 3371 683 3423 Flaccus
704 3371 797 3424 consul
809 3371 935 3426 Vardseos
952 3373 981 3424 in
998 3373 1105 3446 Illyrico
1122 3377 1182 3431 sub-

155 3460 217 3528 egit.
231 3459 269 3510 M.
282 3458 427 3511 Cosconius
441 3468 536 3527 praetor
551 3455 580 3506 in
590 3453 702 3507 Thracia
717 3473 777 3507 cum
791 3454 934 3510 Scordiscis
945 3475 1071 3528 prospere
1081 3478 1182 3531 pugna.

156 3540 202 3593 vit.
219 3541 309 3605 Quum
324 3541 422 3592 bellurn
437 3539 624 3591 numantinum
639 3538 702 3589 vitio
716 3536 814 3591 ducum
825 3557 880 3592 non
893 3539 950 3592 sine
962 3539 1069 3611 publico
1079 3543 1182 3614 pudore
1240 3579 1241 3584 =

155 3624 275 3686 duraret,
287 3623 387 3676 delatus
397 3635 435 3674 est
445 3622 514 3674 ultro
522 3620 638 3692 Scipioni
647 3620 772 3674 Africano
781 3641 797 3674 n
806 3635 899 3675 senatu
907 3623 1061 3695 populoque
1070 3643 1182 3680 romano

155 3707 306 3760 consulatus
317 3723 323 3756 :
335 3724 414 3777 quem
424 3724 506 3775 quum
515 3705 554 3757 illi
563 3722 657 3775 capere
668 3705 703 3756 oh
711 3703 809 3775 legem,
819 3723 880 3776 qun
887 3706 1008 3771 vetabat,
1017 3726 1180 3780 quemquam

156 3791 225 3841 iutra
246 3788 337 3840 decem
357 3806 440 3844 annos
460 3787 554 3839 iterum
572 3789 707 3840 consulens
728 3788 806 3850 lieni,
822 3807 878 3840 nou
898 3788 1003 3852 litera,
1020 3791 1087 3844 sicut
1102 3793 1182 3864 priori

156 3873 310 3936 consulatu,
320 3871 421 3942 legibus
432 3870 532 3923 solutus
542 3881 590 3924 est.
602 3871 704 3924 Bellum
714 3870 823 3935 servile,
832 3872 861 3923 iu
874 3870 964 3926 sicilia
977 3886 1066 3927 ortum
1076 3913 1084 3939 ,
1098 3895 1182 3947 quum

156 3957 270 4030 opprimi
282 3977 297 4008 a
308 3955 463 4028 prsetorihus
475 3974 529 4008 non
539 3955 685 4026 potuisset,
696 3955 727 4008 C.
743 3955 838 4009 Fulvio
852 3956 955 4008 consuli
964 3957 1120 4011 mandatum
1131 3973 1179 4013 est.

156 4041 239 4112 Hujus
250 4040 311 4091 belli
326 4038 428 4090 initium
439 4037 490 4089 tuit
503 4038 596 4089 Eunus
606 4054 716 4100 seruus,
731 4036 836 4090 natione
852 4038 949 4111 Syrus;
967 4040 1030 4111 qui,
1044 4037 1181 4095 contracta

156 4124 297 4194 agrestium
308 4140 444 4175 servorum
456 4139 552 4185 manu,
564 4133 590 4174 et
600 4120 693 4173 solutis
705 4119 858 4190 ergastulis,
870 4121 933 4194 justi
947 4122 1074 4176 exercitus
1086 4141 1181 4176 uume-

156 4228 214 4260 rum
228 4206 355 4277 implevit.
373 4204 456 4257 Cleon
466 4221 591 4275 quoque,
608 4207 674 4256 altor
689 4219 794 4267 semus,
809 4202 842 4256 ad
856 4205 1021 4276 septuaginta
1034 4204 1116 4258 millia
1129 4223 1184 4258 ser·

156 4310 250 4344 vorum
259 4289 406 4351 contraxit3
418 4299 444 4340 et
454 4323 462 4350 ,
473 4287 555 4358 copiis
562 4286 677 4359 junctis,
693 4298 785 4340 contro
795 4284 923 4356 populum
932 4302 1074 4338 romanum
1084 4287 1182 4342 exerci-

156 4387 264 4447 tumque
273 4373 437 4446 ejusbellum
449 4389 516 4443 saepe
526 4381 669 4442 gessensnt.

453 4509 843 4543 -··---000--——
