2594 4980
303 696 356 765 IN
389 695 503 764 LOC.
531 693 625 761 LlB.
652 693 784 762 LXIII
814 694 1028 763 lellltt.
1129 694 1200 790 [147

134 833 263 905 accepta
282 815 437 903 pecunia,
454 813 559 900 palam
579 812 697 877 ludaeis
717 812 940 901 scythopolim
957 810 1109 896 tradidit,
1127 836 1203 879 cum

135 918 278 982 finitimis
297 915 424 1004 oppidis
443 915 611 1001 vicisque:
631 915 673 977 ita
690 913 831 978 Samaria
850 914 883 976 in
905 929 1097 1002 potestatem
1116 916 1204 1004 llyr-

134 1019 205 1083 cani
218 1019 325 1098 venit,
343 1037 466 1080 annum
485 1015 651 1104 integrum
669 1014 843 1078 obsidione
858 1014 1009 1079 tolerata:
1025 1015 1118 1103 isque
1131 1014 1204 1082 finis

134 1120 269 1205 antiquo
294 1116 416 1205 oppido
436 1116 516 1196 suit;
539 1138 623 1179 nam
638 1114 679 1178 ab
699 1118 852 1204 Hyrcano
866 1137 940 1185 ‚non
962 1115 1069 1180 diruta
1087 1116 1203 1200 modo,

135 1220 210 1300 sed,
230 1219 376 1283 suffossis
393 1215 533 1280 aedificiis
550 1216 583 1279 in
600 1231 761 1280 torrentes
776 1214 988 1304 praecipitata,
1004 1216 1102 1280 veluti
1120 1216 1207 1282 dilu-

136 1323 188 1385 vio
212 1322 254 1384 ita
278 1320 419 1399 interiit,
442 1334 479 1381 ut
497 1319 550 1381 rix
571 1318 705 1407 vestigia
726 1317 816 1380 urbis
841 1317 1114 1404 relinquerentur.
1136 1321 1207 1385 Au-

136 1423 222 1512 gusti
250 1421 383 1485 demum
407 1434 499 1482 aetate
525 1418 565 1482 ab
595 1417 726 1483 Herode
751 1418 874 1508 Magno
894 1417 1042 1499 condita,
1068 1419 1206 1484 honoris

137 1523 269 1586 Caesaris
286 1543 381 1585 causa
398 1520 523 1584 Sebaste
541 1542 661 1583 nomen
678 1521 811 1607 accepit.

181 1624 295 1688 XLVI.
313 1624 401 1686 Dum
425 1623 458 1684 in
478 1621 568 1710 Syria
587 1621 678 1684 hunc
700 1622 734 1685 in
754 1620 890 1686 modam
909 1620 1084 1685 sceleribus
1104 1637 1137 1687 et
1152 1645 1205 1686 ar·

137 1727 196 1789 mis
210 1741 362 1805 certatur,
377 1724 473 1787 etiam
488 1721 586 1786 Ponti
597 1723 684 1811 regia
699 1722 827 1813 tragicis
841 1721 994 1810 exemplis
1008 1745 1075 1785 non
1088 1722 1205 1805 caruit,

137 1850 238 1914 quum
263 1823 433 1914 parricidia
456 1823 634 1912 parricidiis
659 1825 864 1912 punirentur.
893 1824 961 1906 Qui
984 1822 1205 1889 Mithridatem

136 1941 359 2016 cognomento
383 1928 555 2012 Evergeten
578 1924 656 1989 dolo
679 1923 921 2008 interfecerant,
943 1947 962 1988 a
987 1923 1054 1989 filio
1076 1926 1207 1990 Mirari-

136 2028 224 2110 date,
248 2030 300 2093 cui
323 2029 389 2108 jam
412 2043 487 2091 aetas
514 2048 570 2090 sua
594 2027 761 2114 roburque
783 2026 825 2090 ad
848 2025 1078 2116 capessendam
1103 2025 1206 2091 adrni-

137 2131 361 2194 nistrationem
391 2129 483 2218 regni
515 2129 590 2192 satis
617 2127 807 2217 placebant,
834 2151 938 2216 quum
965 2145 1056 2193 etse
1082 2127 1206 2194 insidiis

138 2231 329 2295 eorumdem
346 2230 433 2294 varie
453 2231 592 2318 petitum
616 2229 835 2311 meminisset,
851 2229 990 2294 vicissim
1011 2245 1089 2295 sunt
1105 2230 1207 2296 inter·-

138 2334 260 2421 empti;
277 2334 374 2396 etiam
394 2347 495 2396 matre
511 2354 639 2396 veneno
661 2347 790 2412 necata,
807 2329 898 2420 quod
919 2332 953 2394 in
977 2353 1068 2395 suam
1090 2332 1207 2418 patris·

139 2457 203 2522 que
220 2434 396 2524 perniciem
414 2456 490 2498 cum
508 2433 630 2498 caeteris
647 2434 871 2521 conspirasset.

181 2535 311 2600 XLVII.
325 2537 375 2602 Ab
391 2536 441 2599 his
458 2535 609 2623 auspiciis
625 2536 745 2598 saevitia
759 2534 845 2613 ejus,
860 2532 913 2595 cui
926 2553 965 2594 ex
977 2531 1113 2595 silvestri
1123 2535 1206 2615 rita,

138 2637 368 2724 perpetuisque
390 2634 618 2700 venationibus
641 2657 659 2697 a
682 2655 786 2722 puero
809 2646 1007 2712 assueverat,
1031 2632 1073 2697 ad
1095 2649 1208 2699 cetera

138 2736 290 2824 deinceps
302 2736 501 2800 crudelitatis
513 2757 612 2824 opera
623 2733 797 2822 processit,
808 2732 928 2821 quibus
939 2735 1101 2798 atrociora¹
1109 2757 1207 2801 nemo

140 2859 224 2898 unus
243 2834 381 2899 edidisse
396 2836 525 2924 legitur,
543 2858 610 2899 non
627 2835 688 2901 alia
703 2849 793 2922 parte
809 2855 939 2897 morum
956 2832 1144 2900 deformior.
1158 2837 1208 2902 De

139 2952 255 3000 caetero
272 2936 411 3024 ingentis
428 2936 526 3000 animi
544 2936 749 3017 adolescens,
763 2953 795 2999 et
809 2935 970 2999 inusitatae
987 2936 1208 3023 amplitudinis

139 3038 318 3126 potentiam
341 3061 359 3100 a
380 3038 543 3126 principio
566 3038 672 3101 statim
698 3039 807 3102 animo
831 3037 1036 3125 complexus,
1057 3059 1159 3126 seque
1177 3054 1209 3104 et

140 3140 267 3228 copias,
284 3139 381 3203 etiam
401 3161 505 3226 quum
522 3139 638 3228 procul
651 3139 753 3203 bostis
767 3153 867 3219 esset,
884 3137 1106 3202 indesinenter
1119 3158 1209 3203 em·

140 3241 242 3307 cebat.
258 3243 355 3331 Spem
374 3242 444 3322 ejus
464 3239 620 3305 inflabant
633 3257 781 3305 veterum
799 3257 897 3328 atque
919 3261 1080 3303 novorum
1097 3236 1208 3329 prodi·

140 3344 267 3430 giorum
282 3343 482 3423 observatio,
496 3358 673 3430 ratumque
688 3343 827 3424 vanitas,
844 3341 974 3430 regibus
991 3343 1106 3429 utique
1121 3340 1210 3406 baud
1271 3333 1272 3336 ¹

140 3443 231 3506 facile
248 3443 324 3523 alia,
339 3466 438 3530 quam
456 3443 544 3531 ipsos
559 3442 639 3506 velle
657 3443 860 3532 intelligrmt,
877 3444 1151 3532 promittentium.
1167 3442 1211 3509 lli

142 3566 198 3629 per
223 3543 402 3630 sagittarios
427 3559 459 3608 et
482 3543 586 3608 levem
611 3560 805 3608 armaturam
830 3544 988 3608 mirabilia
1008 3545 1037 3607 ei
1059 3542 1210 3635 portendi

142 3642 394 3729 responderant:
411 3643 501 3731 quod
514 3645 656 3728 fulmen,
670 3668 772 3733 quum
788 3647 823 3707 in
840 3667 964 3727 casam,
981 3645 1039 3709 ubi
1055 3668 1210 3711 somnum

144 3748 226 3807 forte
245 3744 406 3831 capiebat,
426 3745 609 3828 incidisset,
628 3761 731 3829 tacta,
753 3767 825 3833 quse
842 3745 933 3824 juxta
954 3731 1110 3834 suspensa
1125 3762 1210 3827 erat,

143 3848 306 3934 pharetra,
320 3847 449 3935 sagittas
461 3847 680 3911 ambusserat:
695 3845 752 3911 sed
767 3861 801 3910 et
812 3846 915 3933 prima
929 3861 1021 3911 aetate
1031 3861 1096 3910 tarn
1109 3868 1212 3935 prope

144 3949 268 4011 fulmen
283 3947 460 4030 ceciderat,
480 3964 520 4011 ut
532 3949 664 4030 fascias,
681 3948 801 4036 quibus
816 3963 884 4011 erat
898 3947 1082 4029 involutus,
1097 3966 1211 4012 accerr-

144 4051 252 4129 deret,
270 4066 301 4112 et
319 4050 479 4112 caesariem
497 4038 630 4113 infantis
645 4048 817 4129 lamberet,
832 4048 953 4112 intacto
967 4050 1042 4113 alias
1060 4069 1212 4136 corpore,

181 4269 197 4332 ς
216 4266 292 4315 XLV.
312 4265 399 4314 Euseb.
417 4291 452 4301 —
464 4263 567 4328 Ioseph.
582 4287 619 4299 ··-
635 4261 651 4327 §
669 4263 758 4311 mr.
778 4262 858 4311 strab.
875 4261 921 4310 lib.
938 4262 1013 4318 XVI.
1032 4276 1087 4327 pag.
1105 4262 1164 4322 760.
1178 4288 1213 4300 -·

147 4354 239 4400 Justin.
253 4352 392 4406 XXXVII,
414 4350 427 4396 3
447 4360 513 4397 eta.
532 4374 568 4385 -
586 4346 683 4396 Sallust.
698 4347 787 4394 iaceat.
806 4348 838 4394 ss
856 4344 923 4410 apud
941 4347 1009 4394 sm.
1025 4347 1052 4392 ln
1068 4344 1122 4393 Ere
1132 4344 1164 4392 V.
1179 4368 1215 4383 u

154 4437 254 4499 appiam.
267 4434 380 4481 Mitlrrid.
393 4449 446 4497 pag.
459 4433 515 4479 aio.
527 4459 558 4467 -—
571 4432 691 4479 Memnon
699 4430 765 4495 apud
774 4430 846 4479 ahot.
859 4445 913 4493 cap.
927 4430 967 4478 32.
