2594 4980
10 35 1280 317 u

323 701 377 770 IN
410 701 521 769 LOC.
548 700 642 768 LIB.
669 700 772 769 LXV
803 698 1018 769 LIVIANI.
1122 700 1196 794 '491
1282 739 1286 747 ι

142 821 289 909 protinus
306 820 346 884 ad
363 822 469 909 ipsum
491 843 566 884 curn
589 820 702 885 iisdem
726 819 825 883 literis
850 819 1027 884 contendit.
1042 819 1202 885 Nabdalsa

140 923 379 1012 expergefactus
395 946 497 1011 quum
510 924 629 986 ablatas
643 922 749 986 literas
763 920 906 1001 videret,
920 935 952 984 et
967 942 1035 984 rem
1050 906 1201 1002 ornnem,

139 1023 188 1085 uti
207 1040 275 1087 erat
293 1039 382 1105 acta,
396 1047 434 1087 ex
447 1024 611 1113 perfugis,
628 1022 718 1111 quod
735 1044 837 1111 genus
858 1022 1030 1085 hominum
1046 1020 1202 1085 custodie

139 1146 231 1187 causa
249 1125 370 1188 circum
392 1147 427 1187 se
441 1124 597 1205 habebat,
611 1123 829 1214 cognovisset3
843 1138 918 1186 ante
937 1122 1047 1185 omnia
1061 1118 1201 1185 indicem

139 1249 177 1289 ex
191 1227 304 1290 itinere
320 1226 555 1314 reprehendere
566 1242 701 1290 conatus
713 1241 761 1290 est
773 1247 780 1288 :
793 1223 921 1299 deinde,
935 1222 992 1286 ubi
1003 1222 1095 1286 illum
1114 1244 1200 1287 asse·

138 1328 280 1413 quinon
303 1329 429 1416 potuit,
452 1329 520 1415 ipse
543 1350 675 1415 quoque
690 1326 732 1391 ad
755 1325 948 1415 lugurtham
964 1321 1199 1412 proficiscitur,

138 1442 304 1516 raptosque
321 1452 342 1491 a
354 1425 478 1515 perfido
496 1427 625 1508 cliente,
640 1450 721 1516 quos
740 1427 787 1490 ad
808 1448 907 1514 regem
926 1427 988 1513 ipse
993 1439 1126 1510 portare
1145 1424 1201 1487 de·

137 1532 291 1610 crevisset,
307 1530 432 1610 literas,
458 1546 609 1617 questus,
633 1545 725 1611 orat,
741 1552 780 1593 ne
798 1529 856 1592 sili
870 1528 929 1591 loc
945 1530 978 1589 in
999 1527 1107 1589 animo
1121 1526 1201 1613 regis

124 1702 131 1715 .
132 1629 248 1711 fraudi
260 1635 314 1711 sit,
334 1654 407 1695 neve
425 1630 525 1696 aluam
541 1655 571 1694 se
586 1631 707 1710 credat,
722 1654 821 1719 quam
837 1628 964 1716 qualem
974 1628 1129 1715 perpetuis
1142 1627 1199 1691 od·

135 1734 245 1816 sequie‘s
259 1747 290 1795 et
302 1730 557 1820 incorruptaftdc
565 1733 782 1821 probavisset:
796 1730 833 1795 id
842 1753 964 1820 quoque
977 1743 1096 1792 certum
1109 1739 1140 1792 et
1153 1724 1200 1814 ff·

119 1828 224 1914 fictae
233 1835 418 1896 innocentie
426 1856 492 1898 suoe
503 1836 711 1897 testimonium
721 1836 873 1921 acciperet
880 1880 889 1911 ,
903 1831 1006 1920 quod,
1021 1845 1089 1893 tam
1099 1831 1202 1893 atroci

135 1955 210 1995 casu
217 1935 396 2021 perculsus,
411 1935 495 1998 nulli
511 1933 571 1999 alii
585 1948 643 1999 aut
659 1935 794 2014 dornt'rti,
811 1947 869 1997 aut
882 1931 951 1995 loco
967 1930 1099 1995 salutem
1112 1927 1198 1993 debi-
1258 2010 1262 2020 Δ

133 2047 241 2114 turus,
254 2035 301 2097 ad
310 2058 414 2120 regem
429 2059 517 2100 suum
522 2051 727 2125 properasset.

178 2133 212 2197 L.
230 2136 405 2225 lugurtha,
425 2137 498 2202 licet
516 2138 575 2200 alia
595 2138 726 2201 volvens
742 2137 871 2216 animo,
891 2151 998 2199 tamen
1021 2132 1146 2221 placide
1161 2133 1195 2196 in

133 2237 298 2321 praesentia
315 2236 496 2325 respondit,
516 2261 557 2301 ne
579 2261 643 2325 qua
666 2238 751 2303 forte
767 2236 882 2303 seditio
899 2234 986 2324 apud
1004 2249 1145 2298 armatos
1163 2248 1197 2296 et

133 2335 300 2401 Nabdalsae
316 2338 481 2402 beneficiis
501 2361 577 2403 usos
594 2339 734 2402 oriretur
752 2361 759 2401 :
777 2354 809 2401 et
829 2338 895 2417 jam
914 2335 1099 2399 Bomilcaris
1115 2333 1196 2398 alio·

131 2458 272 2526 rumque
290 2440 496 2504 consciorum
515 2440 675 2528 supplicio
692 2441 772 2503 iram
789 2438 953 2501 leniverat.
965 2434 1029 2501 Sed
1040 2458 1106 2497 non
1120 2457 1196 2522 per·

131 2538 207 2602 inde
232 2540 393 2605 abducere
409 2542 555 2604 animum
574 2541 614 2604 ab
639 2537 857 2604 sollicitudine
879 2537 1005 2625 potuit,
1029 2535 1128 2621 quin,
1145 2549 1194 2597 tot

131 2641 266 2728 egregiis
286 2642 361 2705 viris
379 2641 572 2721 interfectis,
593 2641 703 2704 omnia
719 2639 870 2726 deinceps
887 2638 1002 2699 infesta
1022 2636 1192 2722 intutaque

130 2756 357 2820 occurrerent,
375 2762 478 2826 quum
497 2740 578 2802 tanti
599 2739 732 2826 periculi
755 2737 962 2817 memoriam,
983 2751 1192 2822 metumque,

130 2858 171 2899 ne
194 2840 249 2924 qui
271 2840 324 2902 alii
345 2839 456 2903 eadem
481 2838 653 2922 auderent,
673 2854 823 2903 excutere
847 2839 1021 2926 nequiret:
1041 2834 1129 2900 unde
1150 2858 1192 2901 ne

129 2940 236 3001 somni
252 2940 385 3026 quidem
408 2942 483 3005 satis
499 2943 609 3028 quieta
628 2941 720 3029 copia
737 2956 820 3022 erat,
835 2956 868 3004 et
884 2962 966 3028 saepe
978 2939 1087 3003 subito
1104 2939 1191 3003 exci-

128 3056 180 3102 tus
195 3042 329 3130 arreptis
343 3043 439 3106 armis
452 3043 631 3106 tumultum
651 3041 787 3107 faciebat
800 3063 807 3105 :
820 3062 894 3105 sero
912 3040 1020 3129 agnita
1037 3038 1191 3121 stultitia,

128 3166 200 3229 quae
216 3166 276 3206 nec
292 3140 460 3232 potentiae,
478 3167 539 3209 nec
555 3143 657 3209 laudis
671 3159 839 3232 egentem,
855 3140 935 3207 dum
950 3163 1008 3229 per
1022 3139 1141 3203 scelere
1158 3154 1192 3205 et

125 3245 266 3330 perjuria
277 3247 354 3309 eniti
367 3245 409 3310 ad
423 3247 552 3328 majoris
566 3247 704 3311 fortunae
721 3245 883 3334 fastigium
896 3244 1006 3325 jubet,
1017 3243 1080 3307 alio
1092 3264 1190 3331 super

124 3345 212 3408 aliud
230 3346 347 3411 delicto
365 3347 624 3436 delictorumque
646 3348 822 3438 supplicio,
841 3346 924 3411 infra
944 3344 1113 3410 miserrimi
1129 3365 1187 3409 cu-

122 3444 240 3531 jusque
258 3464 378 3512 sortem
394 3449 595 3516 detrudebat.

168 3546 219 3610 LI.
240 3549 336 3612 Exitu
349 3552 533 3617 Bomilcaris
550 3568 736 3640 comperto,
753 3551 918 3629 Metellus,
933 3550 990 3637 qui
1004 3548 1137 3613 sedente
1150 3568 1185 3612 se

123 3643 243 3709 bellum
264 3648 347 3713 illius
365 3652 548 3737 proditione
566 3670 761 3718 transactum
777 3653 816 3715 iri
834 3666 1032 3740 speraverat,
1050 3650 1111 3713 hac
1130 3670 1185 3712 ex·

123 3748 321 3832 spectatione
346 3751 519 3839 depulsus,
539 3755 678 3835 iterum,
701 3753 791 3838 quasi
815 3751 856 3815 ad
875 3752 1039 3839 integrum
1063 3749 1185 3814 bellum

122 3870 274 3935 apparare
288 3852 396 3915 omnia
411 3854 507 3942 coepit
519 3877 526 3917 :
538 3878 635 3941 quam
649 3852 690 3916 ad
706 3875 774 3915 rem
791 3850 865 3939 quia
876 3850 970 3914 Marii
981 3848 1184 3938 praesentiam

122 3951 234 4030 majori
255 3950 426 4015 decaetero
445 3955 613 4030 molestiae,
633 3976 731 4041 quam
749 3953 841 4032 usui,
858 3951 928 4015 fore
943 3951 1124 4031 judicabat,
1142 3969 1183 4011 ne

122 4052 285 4115 offensum
302 4054 507 4142 invitumque
525 4056 695 4135 retineret,
709 4069 784 4118 ante
797 4051 1029 4118 duodecimum
1045 4050 1181 4114 omniuo

121 4152 223 4234 diem,
242 4178 339 4241 quarn
358 4171 449 4218 erant
466 4158 575 4220 futura
589 4157 699 4219 Rornae
715 4154 860 4234 comitia,
881 4165 1099 4218 commeatum
1120 4149 1181 4214 ho·

119 4256 200 4318 mini
224 4255 323 4320 dedit.
348 4260 455 4345 Atque
480 4257 505 4320 is
530 4256 643 4344 rapido
662 4278 761 4321 cursu
781 4255 822 4320 ab
847 4255 990 4319 exercitu
1016 4250 1180 4339 profectus

121 4355 261 4439 Uticam,
273 4380 376 4445 quum
393 4359 427 4420 in
440 4359 554 4421 itinere
569 4357 653 4422 duos
665 4357 801 4422 omnino
815 4355 883 4420 dies
899 4377 975 4419 cum
989 4349 1181 4433 intermedia

121 4473 215 4520 nocte
223 4460 488 4548 consumpsisset,
495 4459 684 4550 priusquam
698 4458 860 4547 navigium
871 4454 1072 4536 ascenderet,
1085 4452 1181 4519 sacti-
