2594 4980
190 773 234 858 52.
361 769 795 839 serumserum
825 736 1071 838 sarman.

226 895 285 959 Ill.
304 893 457 957 Praeclare
482 890 665 954 confectum
684 891 850 979 negotium
875 906 959 971 erat,
981 904 1096 953 senatu
1117 910 1251 977 quoque

183 995 428 1085 carthaginiensi
444 994 624 1082 legatorum
638 991 761 1071 judicio
778 1015 844 1056 rem
863 993 1086 1081 permittente,
1104 990 1164 1054 nisi
1183 994 1252 1056 for·

183 1116 262 1163 tuna
280 1096 370 1160 urbis
384 1095 534 1184 periturae
552 1095 649 1157 unius
668 1095 808 1156 bominis
822 1095 1034 1157 temeritatem
1049 1090 1089 1155 ad
1107 1093 1250 1156 excitan-

181 1200 260 1264 dum
284 1198 318 1262 id
340 1197 527 1261 incendium
554 1196 764 1285 perpulisset,
785 1219 851 1282 quo
872 1196 968 1283 paulo
986 1209 1061 1282 post
1076 1208 1175 1256 tantae
1190 1216 1250 1257 an·

180 1301 336 1388 tiquitutis
363 1300 580 1388 potentiaeque
612 1298 792 1386 respublica
821 1296 1037 1386 conflagravit.
1067 1295 1192 1385 Agebat
1215 1295 1249 1359 in

180 1404 367 1491 magistratu
384 1401 484 1488 Gisgo
501 1401 689 1463 Hamilcaris
706 1398 919 1480 filius,lromo
935 1398 1107 1462 seditiosus
1123 1397 1174 1462 :is
1190 1418 1251 1485 pro

181 1505 339 1568 concione
354 1526 418 1566 non
435 1504 468 1565 in
482 1504 645 1566 Romanos
658 1502 776 1590 magis,
788 1525 885 1589 quam
898 1517 1046 1565 senatum
1060 1499 1152 1565 urbis
1165 1522 1251 1582 suat,

179 1605 347 1685 invectus,
367 1604 529 1667 imbellem
546 1603 697 1668 eumdem
715 1619 748 1666 et
763 1606 903 1666 ferocem
918 1601 1076 1691 populum
1094 1599 1177 1663 adeo
1198 1601 1251 1663 in·

182 1707 307 1787 citavit,
322 1721 359 1768 ut
371 1706 517 1768 adversus
532 1727 697 1767 romanam
711 1708 881 1768 versutiam
889 1752 899 1782 ,
915 1727 977 1792 qua
991 1705 1079 1766 totus
1092 1702 1183 1766 rebus
1191 1725 1252 1791 prr·

180 1809 256 1870 nui·
274 1805 424 1895 amplius,
438 1829 533 1894 quum
550 1805 647 1885 bello,
664 1809 856 1885 nocuissent,
874 1809 971 1869 armis
988 1805 1149 1891 agendum
1167 1826 1251 1868 con·
1293 1815 1295 1818 ’

180 1908 348 1989 clamaret,
360 1931 411 1987 ac,
426 1909 513 1971 velut
526 1907 603 1969 inde
617 1909 791 1971 rectissime
802 1909 1009 1996 inciperetur,
1024 1906 1146 1996 legatos
1160 1908 1251 1996 ipsos

178 2007 219 2072 ad
235 2011 367 2072 exitium
384 2024 552 2097 quaereret.
576 2008 639 2073 Sed
656 2009 726 2072 illos
748 2009 899 2095 quidem,
920 2010 993 2072 licet
1015 2031 1118 2097 aegre,
1139 2025 1251 2073 tanren

180 2109 334 2196 explicuit
346 2111 430 2197 fuga.
447 2109 610 2196 Principes
624 2109 776 2189 ciriurtis,
791 2110 847 2196 qui
863 2111 1086 2172 Romanorum
1103 2124 1136 2172 ct
1151 2109 1253 2172 Masi·

180 2210 273 2274 uissae
287 2210 384 2273 rebus
396 2210 527 2273 studere
540 2211 769 2298 arguebantur,
782 2207 993 2296 quadraginta
1005 2209 1106 2272 ferme
1121 2209 1154 2272 in
1170 2208 1264 2273 exsi··

178 2312 260 2374 lium
278 2312 380 2399 pulsi;
399 2311 640 2398 obstrictusque
659 2309 869 2391 jurejurando
887 2312 1046 2398 populus,
1063 2333 1101 2374 ue
1119 2325 1181 2373 aut
1201 2335 1251 2374 re·

179 2416 294 2500 ciperet
307 2411 429 2475 exsules
447 2435 605 2500 uuquam,
626 2427 686 2476 aut
700 2415 795 2474 etrum
811 2413 852 2474 de
867 2413 1049 2500 recipteudrk
1062 2409 1256 2499 'verbusten'

181 2538 203 2576 a
221 2536 379 2602 quoquam
396 2528 568 2601 pateretur.
971 2576 972 2584 χ

223 2615 280 2676 lV.
297 2616 402 2701 Atque
416 2604 449 2675 'hi
465 2611 665 2699 quidem,ad
676 2612 877 2677 Masinissam
897 2630 1086 2702 pergentes,
1101 2615 1193 2678 illum
1208 2615 1251 2679 ad

178 2714 299 2777 bellum
313 2714 421 2802 patriae
438 2736 503 2775 suae
519 2713 724 2777 inferendum
740 2715 967 2780 stimulabant:
981 2739 1088 2803 neque
1104 2717 1251 2781 minores

177 2815 239 2879 iras
253 2816 453 2895 excitabant,
472 2816 590 2879 reversi
603 2817 757 2897 llomam,
769 2817 883 2904 legati,
903 2832 1093 2904 certumque
1105 2817 1171 2896 jam
1190 2817 1251 2882 ba·

177 2915 326 2998 bebatur,
336 2916 542 2978 insolentiam
555 2917 817 3004 carthaginiensis
827 2919 939 3005 populi
954 2919 1170 2982 severioribus
1188 2921 1252 2983 mi·

179 3016 228 3078 nis
249 3015 377 3078 retundi
397 3032 557 3103 oportere.
574 3017 650 3098 Quo
673 3019 780 3079 minus
800 3018 921 3081 bellum
939 3020 1048 3083 statim
1058 3019 1250 3102 juberetur,

180 3117 262 3179 nihil
279 3135 342 3179 tam
360 3117 539 3195 obstitisse,
559 3133 657 3205 atque
674 3118 853 3182 Celtiberiae
870 3136 999 3199 motus,
1016 3119 1103 3183 credi
1120 3137 1250 3207 potest,

180 3219 237 3303 qui
255 3234 323 3279 tum
348 3218 588 3280 maximiscum
613 3219 789 3282 terroribus
819 3221 1095 3285 effervescebant:
1114 3244 1189 3284 nam
1215 3225 1249 3285 in

181 3318 280 3382 Gallia
293 3340 454 3405 prosperae
468 3341 519 3381 res
530 3333 695 3400 erant3et,
711 3343 746 3383 ea
761 3321 794 3382 in
811 3321 973 3409 provincia
987 3321 1052 3384 boc
1063 3344 1150 3384 anno
1162 3322 1251 3385 bene

178 3435 376 3507 pugnaturn,
400 3421 541 3482 tradunt.
560 3422 599 3483 At
616 3421 661 3484 M.
685 3421 837 3486 Marcello
860 3423 1005 3501 consuli,
1028 3437 1062 3485 et
1082 3423 1128 3486 M.
1148 3423 1250 3487 Atilio

178 3520 324 3606 praetori,
342 3542 482 3606 quorum
504 3521 554 3584 ille
570 3521 753 3586 citeriorem
769 3525 973 3611 Hispaniam,
989 3523 1041 3585 laic
1057 3523 1249 3595 ulteriorem

179 3621 357 3701 obtinebat,
368 3639 402 3684 ut
411 3622 451 3685 ad
462 3640 641 3687 extremum
653 3624 728 3687 felix
743 3624 919 3711 expeditio,
931 3625 973 3686 ita
985 3623 1096 3687 multis
1109 3623 1251 3689 emenda

179 3723 347 3809 perieulis,
361 3725 430 3787 fuit.
443 3727 511 3787 lam
525 3725 666 3812 primum
679 3725 847 3797 Marcello,
864 3722 1046 3787 advenienti
1059 3745 1134 3787 cum
1148 3725 1253 3812 legio·

180 3824 278 3887 nibus
295 3824 438 3906 duabus,
462 3826 495 3888 in
513 3826 636 3913 >quibus
652 3841 808 3913 quaterna
826 3823 923 3886 millia
940 3824 1105 3911 peditum,
1121 3826 1250 3910 equites

182 3924 300 3989 duceni
312 3927 531 4015 quinquageni
544 3928 649 4001 fuere,
663 3942 791 3990 structae
805 3923 932 3988 suntab
943 3925 1093 4012 Hispanis
1106 3924 1250 4006 insidiae3

181 4028 300 4114 quibus
315 4028 367 4090 ille
383 4028 544 4116 sapienter
565 4027 709 4107 evitatis,
723 4026 764 4090 ad
779 4025 905 4099 Ocilin,
922 4047 994 4113 que
1010 4045 1116 4112 nuper
1129 4023 1170 4086 ab
1185 4026 1252 4089 Ro·

178 4129 280 4192 manis
294 4128 467 4205 defecerat,
479 4130 657 4217 penetravit
669 4151 677 4192 :
691 4150 787 4215 quam
803 4127 873 4215 ipso
886 4126 1043 4190 adrentus
1054 4125 1104 4188 sui
1121 4142 1252 4191 terrore

178 4231 357 4318 perculsam
372 4232 532 4318 extemplo
551 4230 673 4318 accepit
691 4231 726 4291 in
742 4227 857 4310 fidem,
874 4228 1059 4308 obsidibus,
1073 4242 1107 4290 et
1121 4229 1251 4316 argenti

180 4331 306 4397 talentis
323 4333 453 4421 triginta
473 4331 645 4418 imperatis.

212 4489 227 4555 s
245 4491 291 4538 111.
304 4489 410 4554 Appian.
425 4488 511 4538 Punic.
521 4514 557 4526 -
567 4489 620 4538 Liv.
630 4487 696 4563 Epit.
706 4484 767 4552 -8
779 4488 824 4536 Π.
838 4485 890 4537 Jul·
902 4486 996 4549 ohseq.
1007 4500 1029 4532 c.
1040 4498 1082 4544 Π.
1093 4510 1130 4521 -
1140 4485 1251 4552 Eutrop,

181 4601 214 4610 -·
224 4570 331 4637 Appiae.
343 4571 406 4622 lber·
