2594 4980
273 703 326 768 IN
358 698 468 767 LOC.
493 694 745 766 *Llssatxvl
775 696 989 766 LlVlANI.
1097 695 1167 767 515

100 843 231 909 mugnus
251 823 376 908 copias,
395 834 426 880 ct
441 840 524 905 spem
539 838 661 878 omnem
679 818 710 877 iu
722 827 818 903 patre
835 839 891 879 suo
908 840 994 880 esse:
1010 842 1081 882 eam
1096 843 1168 884 cor·

100 946 239 1011 rumpere
257 945 319 983 nou
339 944 506 997 ausurum,
525 942 560 981 eo
579 919 702 980 domine
726 918 893 998 uiolando,
913 942 1006 1008 quem
1019 921 1136 986 deduci
1147 946 1169 986 a

96 1023 166 1100 filio
186 1022 305 1086 Boecdt'
324 1022 451 1084 uideret.
840 1098 847 1115 ι

145 1126 241 1189 XLV.
260 1125 365 1203 Sulla,
382 1124 539 1210 probato,
556 1137 594 1184 ut
610 1123 643 1184 in
659 1122 714 1185 tali
731 1123 1063 1209 tempore,eonsili0,
1080 1124 1170 1211 prius

102 1253 119 1290 e
143 1227 292 1291 manibus
308 1225 476 1314 Jugurtbae
493 1225 618 1311 elapsus
637 1240 701 1304 est,
723 1248 820 1311 quam
842 1225 894 1288 ille
914 1242 1073 1306 statuere,
1091 1226 1171 1313 quid

103 1345 186 1393 esset
208 1327 392 1417 agendum,
419 1328 452 1389 in
477 1350 511 1390 re
531 1326 702 1413 improvisa
720 1328 887 1413 potuisset.
909 1328 1008 1406 Cujus
1030 1327 1172 1393 adventu

102 1432 251 1520 cognito,
269 1453 325 1493 rex
349 1430 495 1493 Bocchus
520 1429 679 1493 Dabarem
697 1429 905 1518 Massagradae
930 1429 1050 1511 lilium,
1071 1431 1172 1494 bene·

103 1535 213 1597 volum
233 1531 402 1618 fidumque
422 1532 593 1612 Romanis,
617 1530 657 1593 ad
681 1531 801 1595 Sullam
826 1531 944 1611 mittit,
965 1547 1001 1596 ut
1016 1529 1173 1618 colloquio

103 1635 184 1696 diem
204 1633 366 1720 locumque
387 1634 548 1695 Romanus
570 1644 708 1711 statuat,
729 1655 827 1721 aeque
844 1633 1012 1721 Jugurshoe
1032 1635 1173 1719 legatum

103 1740 210 1798 linerat
224 1760 234 1798 :
257 1739 303 1798 itu
315 1738 445 1823 provr'sa·
469 1739 591 1814 omnia,
615 1750 650 1798 ut
667 1733 750 1798 iHriss
769 1738 941 1822 presentia
964 1738 1064 1823 magis
1086 1737 1171 1814 usui,

101 1862 198 1926 quum
223 1838 463 1926 mpedimento,
490 1840 626 1901 consiliis
653 1838 866 1901 communibus
877 1836 1001 1924 sutum
1026 1841 1074 1902 sit.
1099 1839 1175 1902 Ilaee

104 1940 251 2003 simulata
275 1957 345 2023 turp
363 1940 519 2027 temporis
535 1963 553 2002 a
570 1940 717 2020 Boccho,
737 1964 835 2026 quarn
853 1938 982 2004 decreta
998 1941 1096 2003 fuisse
1116 1964 1175 2027 pu·

106 2059 190 2124 tant;
205 2024 314 2128 quuni
321 2042 515 2129 proditionis
531 2058 655 2122 certus,
668 2042 702 2106 id
718 2059 863 2122 tantum,
877 2058 989 2105 utrum
1005 2040 1174 2129 proderet,

107 2167 220 2229 parum
237 2141 412 2229 expediret.
431 2143 552 2206 Sullam
571 2144 738 2232 Iugurthae
757 2143 838 2206 tradi
855 2143 1011 2206 suadebat
1026 2142 1176 2223 animus3

105 2262 138 2306 at
156 2260 268 2307 contra
288 2260 393 2307 mettas
412 2245 614 2331 imperabat:
641 2243 772 2308 tandem
791 2245 824 2307 in
848 2243 972 2331 perfido
995 2260 1027 2307 et
1048 2244 1103 2308 vili
1125 2245 1176 2327 itr-

105 2346 202 2434 genio
218 2345 353 2408 allectus
367 2368 481 2408 omnes
496 2347 596 2409 timor
614 2346 700 2409 vicit.

150 2448 265 2510 XLVI.
289 2448 396 2526 Sulla,
418 2447 513 2509 sicuti
537 2470 611 2510 cum
634 2448 758 2510 Dabare
778 2465 1024 2535 composuerat,
1037 2447 1079 2511 ad
1095 2451 1177 2513 Boe·

107 2549 204 2610 cltum
229 2547 425 2635 perductus,
449 2548 571 2636 palam,
595 2565 752 2634 praesente
769 2551 865 2613 etiam
880 2555 1000 2637 Aspare
1016 2549 1178 2630 Numida,

107 2673 138 2711 se
153 2653 279 2712 missum
299 2674 320 2711 α
345 2648 471 2711 consule
491 2649 588 2727 dicit,
609 2651 790 2733 quesitum,
815 2647 970 2712 bellumne
986 2673 1046 2711 rex
1061 2674 1103 2712 an
1116 2672 1179 2738 po-

107 2772 173 2811 ecm
195 2773 267 2811 cum
285 2749 435 2811 Romanis
452 2748 565 2810 habere
581 2747 699 2809 mallet.
724 2749 801 2826 Ille,
823 2748 905 2810 nihil
921 2772 953 2810 se
973 2749 1051 2811 dum
1065 2753 1180 2814 consti·

108 2854 217 2927 tuisse,
245 2848 432 2935 respondit,
456 2848 616 2934 jubetque
630 2863 704 2934 post
717 2849 799 2910 diem
815 2848 968 2912 decimum
989 2853 1108 2916 reverti.
1128 2851 1180 2915 sic

110 2952 142 3012 in
161 2974 218 3014 sua
237 2950 375 3037 quIsque
399 2966 501 3014 castra
523 2948 763 3038 digrediuntur.
787 2949 851 3014 Sed
877 2954 978 3016 multa
994 2952 1059 3032 jam
1084 2971 1180 3019 noete

109 3053 195 3116 Sulla
223 3078 241 3115 a
264 3053 393 3116 Roccho
421 3053 548 3118 occulte
575 3053 767 3132 arcessitur,
794 3054 943 3134 nemine,
965 3070 1193 3144 praeterquam*

110 3153 180 3217 fidis
209 3154 461 3242 interpretibus,
489 3172 523 3217 et
551 3154 755 3218 internuntio
782 3155 882 3219 totius
910 3158 1029 3246 negotii
1057 3159 1181 3223 Dabare

111 3256 266 3322 adhibito.
297 3258 363 3322 Rex
391 3257 487 3323 Sullae
512 3259 628 3347 gratias
651 3258 788 3323 comiter
812 3250 895 3348 opit,
917 3263 957 3325 ob
980 3287 1017 3327 ea
1030 3310 1041 3342 ,
1060 3286 1133 3352 quoe
1147 3267 1182 3328 in

111 3375 249 3421 oratores
262 3381 334 3422 suos
345 3361 474 3447 berrigru
487 3358 713 3448 liberaliterque
712 3358 843 3447 fecisset
850 3408 860 3439 ,
875 3363 1020 3452 quodque
1030 3388 1080 3427 eos
1093 3363 1184 3452 apud

111 3462 326 3545 inperatorem
341 3478 373 3526 et
383 3477 525 3526 serratum
537 3464 647 3549 gratia
665 3462 856 3551 corrsr'lrbque-
858 3464 998 3552 juvisset.
1025 3463 1122 3551 Quod
1137 3465 1184 3529 ad

113 3560 233 3646 reliqua
249 3566 410 3641 sturzeter,
427 3564 589 3628 Il'umidr'ae
595 3577 709 3650 parte,
724 3586 821 3650 quam
834 3587 855 3626 a
867 3564 1028 3653 Iugurtha
1040 3568 1179 3653 cepisset,

112 3658 239 3722 dimissa
247 3709 257 3739 ,
273 3685 370 3749 neqroe
386 3664 575 3729 Mulucham
575 3665 723 3750 flumen,
741 3668 910 3751 antiquum
924 3669 1083 3755 utriusque
1095 3672 1186 3755 regni

114 3757 261 3838 limium,
286 3784 502 3848 egressurum,
523 3788 623 3853 neque
644 3767 837 3852 Iugurtham
855 3768 974 3830 r'rrtrare
989 3792 1179 3855 passurum,

115 3860 293 3948 pollicetur.

158 3963 292 4026 XLVII.
316 3961 367 4027 Ad
391 3987 426 4027 ea
451 3966 536 4030 Sulla
562 3967 603 4032 de
626 3991 660 4032 se
680 3968 821 4032 breviter
836 3992 873 4032 ac
889 3971 1052 4052 modeste,
1071 3970 1112 4034 de
1130 3993 1183 4035 re·

115 4065 243 4153 publiea
269 4065 379 4128 multis
403 4066 573 4131 disseruit:
590 4092 654 4132 uon
673 4068 741 4133 alia
764 4071 929 4134 concedere
945 4096 1066 4158 regem,
1086 4094 1185 4160 quam

115 4167 171 4230 vel
192 4170 287 4231 invito
308 4191 344 4230 eo
364 4167 500 4256 populus
522 4191 673 4234 romanus
691 4175 787 4234 armis
807 4173 965 4235 obtineret.
989 4172 1055 4236 Sed
1067 4176 1096 4235 sr'
1108 4175 1189 4263 quid

151 4365 167 4429 S
183 4369 273 4415 XLIV.
290 4367 387 4415 Sallust.
405 4393 440 4402 —-
459 4365 583 4415 Plutarch.
597 4368 623 4415 in
641 4369 723 4416 Mario
739 4381 764 4418 et
781 4370 807 4418 in
823 4370 902 4426 Sulla,
919 4386 972 4435 cap.
988 4372 1012 4420 3.
1026 4371 1089 4437 —S
1107 4374 1184 4426 XLV.

119 4447 238 4496 I‘lutarcb.
254 4476 288 4486 -
303 4451 400 4498 sallust.
