2594 4980
331 720 382 786 IN
411 710 520 788 LOC.
547 719 643 786 LIB.
669 720 738 786 LX
766 714 992 787 LIVIANI.
1125 712 1194 789 363

138 839 348 919 absorbebat,
366 862 433 903 non
451 839 491 903 nd
511 840 680 904 utilitatem
695 840 813 929 magis,
830 861 928 926 quam
942 839 1074 927 gratiam
1089 854 1122 903 et
1136 837 1196 903 de·

135 962 260 1021 eorem,
280 941 434 1004 omnibus
452 957 560 1004 exacte
574 940 748 1028 dispositis.

179 1042 293 1106 XLVI.
312 1042 521 1106 Ducebantur
537 1044 720 1106 rectissimae
733 1065 791 1131 per
803 1065 897 1131 agros
908 1043 977 1122 viae,
987 1041 1103 1129 partim
1118 1063 1195 1105 saxo

135 1143 309 1229 quadrato,
324 1145 397 1207 alibi
413 1145 517 1233 glarea
529 1161 633 1209 stratae
649 1168 656 1208 :
673 1144 731 1207 ubi
747 1159 872 1207 torrens
888 1161 944 1207 aut
954 1165 1089 1206 caverna
1105 1163 1197 1229 rupe·

135 1260 183 1307 rat
195 1245 273 1325 iter,
288 1262 404 1332 pontes
414 1247 685 1333 imponebantur,
701 1260 758 1307 aut
770 1244 1017 1331 complebantur
1029 1242 1194 1331 depressa,

136 1343 240 1408 donec
264 1360 370 1408 totum
396 1369 479 1434 opus
505 1347 661 1434 aequalem
686 1345 791 1409 ubivis
817 1346 932 1409 faciem
956 1345 1129 1433 praeferret.
1156 1341 1195 1407 Id

135 1443 254 1508 deinde
273 1446 462 1509 milliaribus
478 1446 759 1537 distinguebatur:
775 1468 918 1538 quorum
932 1461 1024 1509 notas
1039 1459 1072 1507 et
1085 1464 1196 1506 nume·

135 1568 208 1608 rum
223 1545 316 1624 justis
333 1548 506 1611 intervallis
520 1550 632 1636 positae
646 1571 685 1612 ex
698 1545 803 1635 la'pide
816 1547 976 1610 columnae
990 1544 1194 1609 indicabant:

134 1646 231 1732 paulo
245 1648 353 1710 minus
369 1662 444 1710 octo
454 1647 564 1712 stadiis
577 1650 611 1712 in
628 1649 753 1738 singula
768 1647 913 1711 milliaria
922 1646 1136 1710 tribuebatur.
1144 1644 1195 1709 Ad

138 1746 201 1808 hoc
215 1746 399 1833 frequentes
417 1746 598 1811 secundum
610 1751 695 1837 viam
709 1765 822 1810 erectae
844 1763 935 1811 erant
952 1748 1042 1835 pilae,
1056 1768 1194 1833 quarum

137 1868 209 1932 ope,
224 1848 280 1932 qui
295 1848 354 1910 iter
368 1849 526 1930 facerent,
540 1847 745 1912 commodius
759 1845 949 1910 inscendere
961 1848 995 1909 in
1010 1869 1122 1933 equos,
1132 1869 1196 1911 usu
1230 1850 1233 1855 “

138 1947 182 2009 ita
199 1949 342 2028 ferente,
359 1963 501 2035 possent.

178 2053 309 2117 XLVII.
329 2055 405 2117 Haec
421 2053 546 2140 aliaque
563 2075 622 2140 per
635 2075 669 2116 se
685 2053 836 2134 curabat,
854 2053 935 2116 mire
953 2052 1134 2118 sufficiente
1146 2054 1195 2117 vi·

135 2177 213 2242 gore
225 2156 369 2242 corporis
383 2154 423 2218 ad
439 2156 564 2234 omnia,
582 2177 654 2242 quae
666 2155 792 2219 animus
810 2155 1019 2241 imperasset:
1033 2155 1195 2218 miraban-

136 2269 255 2341 turque
286 2279 360 2319 cum
389 2257 562 2338 homines,
586 2280 661 2320 cum
688 2258 895 2346 legatorum,
923 2258 1194 2348 magistratuum,

135 2355 357 2439 eruditorum,
375 2359 535 2439 militum,
552 2358 706 2445 opificum
724 2376 850 2423 caterva
865 2359 1090 2440 incedentem,
1108 2357 1197 2422 suffi-

135 2458 340 2546 cientemque
360 2482 463 2522 unum
487 2460 659 2542 omnibus,
681 2475 714 2522 et
733 2483 878 2524 amorem
903 2460 1128 2523 universorum
1152 2460 1195 2523 ita

135 2575 279 2622 tuentem
298 2560 518 2640 humanitate,
536 2576 573 2622 ut
593 2576 701 2623 tamen
721 2561 907 2648 gravitatem
930 2552 998 2639 ejus
1014 2560 1124 2623 cuncti
1142 2581 1196 2633 re·

134 2679 332 2725 vererentur.
355 2661 416 2724 Sed
438 2662 497 2724 ista
516 2664 671 2741 majorem
689 2662 801 2741 juveni
825 2660 978 2723 invidiam
997 2660 1195 2740 excitabant,

137 2789 238 2852 quum
258 2767 337 2828 nibil
360 2767 516 2828 intactum
534 2767 795 2850 intentatumque
812 2764 995 2850 relinquere
1011 2764 1195 2843 videretur,

135 2889 201 2952 quo
218 2867 280 2930 sibi
295 2888 424 2953 magnas
443 2887 538 2952 opes,
555 2866 715 2952 regiaeque
732 2888 842 2952 parem
859 2867 1057 2954 potentiam,
1075 2866 1195 2929 auxilio

134 2969 236 3055 plebis
249 2968 455 3055 rogationum
469 2966 581 3030 talium
593 2968 740 3029 inescatae
758 2966 946 3047 dulcedine,
963 2982 1172 3055 compararet.

179 3070 325 3133 XLVIII.
351 3067 455 3155 quue
478 3068 618 3132 atrocius
643 3069 744 3131 metui
769 3085 930 3157 coeptnm,
949 3069 1025 3150 ubi,
1050 3084 1195 3155 tempore

136 3174 339 3262 magistratus
360 3171 428 3250 ejus
451 3173 553 3234 ferme
571 3186 785 3259 consumpto,
802 3172 846 3235 M.
862 3171 996 3235 Fulvius
1015 3169 1102 3234 haud
1116 3169 1194 3234 obs·

136 3296 213 3336 cure
231 3273 423 3354 disserebat,
441 3271 541 3337 altero
559 3274 589 3336 ei
603 3273 764 3336 tribunatu
777 3273 825 3335 ad
832 3272 1039 3362 perficienda,
1055 3295 1127 3361 quoe
1144 3274 1195 3335 in·

136 3376 294 3453 sciuisset,
312 3399 388 3464 opus
403 3397 465 3438 esse
480 3399 492 3438 .·
507 3397 614 3462 neque
632 3374 752 3438 dubius
768 3391 837 3438 erat
849 3375 961 3463 populi
977 3375 1068 3438 favor
1082 3397 1090 3438 ε
1105 3391 1138 3437 et
1152 3395 1195 3437 ne

136 3474 300 3560 prohiberi
317 3477 452 3540 omnino
468 3492 592 3563 posset,
611 3477 681 3566 lege
695 3477 884 3557 juvabatur,
903 3497 1074 3563 perquam
1088 3475 1194 3538 tribu·

138 3573 224 3636 nitiis
239 3575 392 3657 comitiis,
409 3577 435 3638 si
454 3574 494 3639 ad
509 3600 684 3641 numerum
700 3577 824 3640 tribuni
839 3599 905 3639 non
921 3593 1045 3657 essent,
1062 3577 1114 3655 jus
1128 3591 1197 3640 erat

137 3675 260 3761 populo
273 3698 311 3737 ex
321 3677 491 3757 omnibus,
502 3700 600 3764 quem
610 3679 722 3758 vellet,
734 3676 901 3765 allegendi.
917 3677 985 3740 lam
998 3699 1076 3766 ergo
1088 3677 1196 3740 miuus

139 3774 179 3837 de
205 3775 390 3856 tribunatu,
409 3775 466 3839 sed
489 3776 611 3865 aliquid
633 3799 756 3840 novum
776 3792 932 3862 atroxque
951 3777 1145 3840 timebatur:
1162 3792 1196 3841 et

138 3892 245 3957 erant,
267 3876 323 3963 qui
346 3876 606 3963 suspicarentur,
628 3877 773 3965 simplici.
786 3891 945 3963 potestate
968 3899 1036 3940 non
1058 3892 1196 3941 conten·

137 3995 224 4059 tum,
239 3977 361 4041 tribuni
380 3977 478 4041 simul
493 3979 700 4064 consulisque
720 3999 840 4040 nomen
859 3999 896 4040 ac
916 3977 1195 4066 imperium-inra-

138 4079 213 4143 dere
230 4079 389 4142 statuisse.

78 4291 84 4301 ⁸
172 4296 188 4361 S
200 4298 278 4344 xtv.
289 4295 354 4343 Flor.
366 4322 398 4330 -
410 4293 489 4358 Agell.
498 4294 549 4352 xl,
564 4252 603 4341 ro.
612 4319 648 4330 -
657 4292 779 4342 Plutarch.
790 4293 896 4341 -Vett
909 4317 944 4328 -
957 4290 1010 4338 Liv.
1024 4291 1089 4356 Epit.
1098 4317 1134 4328 —
1142 4289 1195 4340 Cic.

139 4377 169 4424 de
180 4377 253 4427 Offic.
265 4379 301 4435 II,
316 4393 365 4435 ar,
379 4389 404 4425 ct
415 4393 461 4443 pro
471 4377 568 4438 Sextio,
587 4393 609 4424 c.
619 4377 661 4436 48.
672 4403 709 4415 —
719 4377 826 4442 Appian.
838 4376 911 4425 civit.
924 4374 967 4422 lib.
980 4376 1002 4422 1.
1017 4401 1052 4411 —
1064 4373 1081 4440 5
1093 4376 1207 4445 mm

141 4459 205 4508 vell.
216 4487 250 4498 -
263 4461 371 4526 Appian.
380 4460 452 4512 civit.
463 4460 506 4509 lib.
516 4463 536 4531 1.
549 4490 584 4499 -
601 4459 617 4526 5
632 4462 747 4510 mm.
762 4459 886 4509 Plutarch.
