2594 4980
121 737 169 812 66
297 736 734 810 J0.FREINSHEM11
767 733 1009 803 SUPPLEM.

121 865 186 931 tius
202 863 357 942 libertati,
375 883 472 948 quam
493 861 559 924 suis
578 859 724 939 delictis,
741 859 933 921 irascuntur.
953 857 1084 945 Itaque,
1097 859 1184 925 velut

121 966 209 1056 grati
226 964 342 1044 injuria
357 963 467 1043 laesus,
486 981 600 1050 agrum
617 975 794 1048 permutat,
813 957 973 1046 oppidum
995 958 1182 1025 circumval-

120 1067 186 1131 lare
197 1063 392 1154 aggreditur,
403 1077 436 1126 et
452 1084 553 1151 saepe,
571 1063 727 1125 instructa
742 1061 810 1126 acie
825 1082 1031 1149 progressus,
1042 1077 1182 1148 potesta·

121 1185 187 1232 tem
196 1166 296 1253 aequis
308 1164 386 1228 locis
399 1162 565 1253 pugnandi
585 1163 729 1226 hostium
746 1160 885 1225 ducibus
897 1161 1108 1225 facitverum
1120 1162 1182 1243 illi,

119 1270 242 1334 levibus
255 1266 369 1356 praeliis
378 1266 461 1329 vires
474 1265 611 1352 experiri
626 1263 788 1345 contenti,
799 1262 840 1327 ad
857 1263 1038 1351 periculum
1049 1261 1091 1328 de
1100 1285 1185 1328 sunr-

119 1393 172 1435 ma
186 1392 295 1433 rerum
314 1366 431 1431 adduci
452 1389 517 1430 non
534 1366 749 1456 patiebantur.
769 1366 815 1429 Ea
833 1386 935 1452 quum
951 1386 1033 1454 saepe
1051 1364 1181 1446 fierent,

119 1472 357 1538 Intercatiensis
376 1468 527 1557 quidam,
540 1467 716 1558 splendidis
736 1467 832 1533 armis
848 1482 1000 1549 ornatus,
1016 1489 1101 1555 stepe
1117 1469 1180 1531 llo·

120 1597 235 1639 manos
252 1571 465 1662 provocabat,
484 1572 510 1635 si
528 1571 601 1659 quis
618 1571 771 1660 singulari
790 1568 965 1633 certamine
985 1569 1082 1633 vellet
1103 1591 1182 1633 oon·

119 1676 229 1768 gredi:
246 1691 294 1751 et,
311 1675 442 1738 nemine
459 1689 572 1737 contra
587 1687 746 1751 exeunte,
759 1667 959 1751 discedebat,
972 1669 1070 1734 irrisu
1086 1685 1120 1734 et
1134 1669 1182 1734 lu·

78 1827 83 1834 .
119 1776 232 1842 dibriis
251 1775 411 1865 ignaviam
431 1774 576 1838 bostium
593 1774 765 1863 exagitans.

163 1879 270 1942 XXII.
289 1876 364 1940 Non
381 1876 456 1939 tulit
469 1874 693 1964 indignitatem
708 1874 754 1938 rei
767 1874 804 1938 P.
820 1873 944 1963 Scipio,
964 1872 1021 1961 qui
1037 1889 1109 1938 tum
1123 1873 1183 1937 sub

119 1980 255 2045 Lucullo
274 1978 443 2059 tribunus,
459 1999 535 2040 cum
550 2000 586 2041 ea
605 1976 827 2066 magnitudine
842 1975 961 2056 animi,
981 1997 1079 2064 quam
1096 1973 1181 2038 haud

118 2081 222 2152 multo
239 2094 313 2167 post
334 2079 539 2166 amplissimis
557 2079 653 2167 gestis
671 2077 744 2141 orbi
766 2077 1003 2141 testatissimam
1024 2075 1181 2157 reddidit,

117 2180 263 2268 eorporis
277 2179 372 2243 etiam
387 2178 513 2269 insigne
529 2179 641 2255 robur,
659 2201 728 2243 rara
744 2178 895 2242 felicitate
914 2178 1136 2258 conjunxerat.
1151 2178 1181 2241 ls

117 2280 226 2369 igitur,
240 2302 350 2368 pugna
361 2302 436 2342 cum
448 2295 660 2368 provocatore
669 2295 816 2343 conserta
826 2329 835 2362 ,
846 2280 1020 2367 prostravit
1036 2278 1181 2359 bostem,

117 2382 188 2469 pari
204 2383 427 2444 Romanorum
440 2380 566 2463 loetitia,
577 2396 610 2444 et
622 2380 767 2443 hostium
782 2395 924 2463 terrore,
936 2379 1027 2466 quod
1042 2380 1182 2469 ingentis

117 2482 262 2569 corporis
281 2481 405 2562 virum,
426 2481 573 2544 modicus
595 2482 665 2570 ipse
688 2496 816 2545 staturus
838 2480 1012 2562 dejecisset
1033 2481 1183 2546 Proxima

119 2603 184 2644 nox
197 2604 312 2645 vanam
324 2583 357 2645 in
370 2581 482 2646 eastris
496 2581 743 2669 trepidationem
756 2582 857 2647 movit
869 2606 979 2648 errore
991 2584 1107 2648 incerti
1119 2583 1181 2648 cla·

117 2683 234 2763 moris,
251 2685 307 2768 qui
324 2684 444 2769 pariter
458 2705 498 2746 ex
516 2683 597 2746 urbe
616 2683 803 2771 campisque
820 2684 993 2751 accidebat.
1011 2686 1182 2773 Equitatus

116 2784 204 2847 enim
226 2784 451 2857 Vaceaeorum,
472 2784 545 2869 qui,
566 2784 628 2847 sub
647 2783 821 2849 adventurn
844 2787 969 2851 Luculli
991 2786 1181 2875 pabulatum

116 2906 280 2973 egressus,
295 2881 412 2947 deinde
429 2881 596 2944 hostilium
610 2886 776 2972 copiarum
790 2886 922 2964 objectu
936 2889 1086 2952 exclusus
1103 2888 1182 2952 urbe

116 2987 240 3065 fuerat,
257 2984 375 3073 passim
394 2981 588 3068 obequitans
604 2984 765 3046 altissimis
783 2986 917 3049 vocibus
934 2988 1117 3074 strepebat:
1131 2989 1181 3052 cui

116 3108 220 3174 quum
238 3108 277 3149 er
295 3083 377 3147 urbe
392 3105 451 3170 par
464 3081 584 3145 clamor
601 3081 801 3164 redderetur,
814 3086 1047 3171 percellebatur
1063 3090 1181 3152 Roma·

115 3210 179 3251 nus
193 3189 314 3250 incerta
324 3182 549 3262 aestimatione,
559 3181 716 3269 quidnam
725 3183 786 3248 sibi
798 3186 933 3272 periculi
946 3187 1090 3250 tumultu
1103 3189 1180 3268 isto,

59 3317 62 3320 ⁴
116 3303 149 3353 et
161 3285 248 3350 unde
262 3282 521 3372 portenderetur.
535 3282 706 3372 Augebant
715 3301 838 3348 metum
853 3284 998 3348 invalidas
1012 3289 1178 3364 stationes,

116 3386 208 3476 quod
220 3385 262 3450 ad
275 3383 429 3448 obeunda
440 3382 561 3445 militioe
577 3385 705 3466 munia,
717 3401 833 3473 praeter
848 3384 966 3449 damna
978 3387 1180 3473 praeliorum,

114 3489 212 3554 etiam
227 3485 347 3551 morbis
361 3485 553 3549 imminutus
568 3487 725 3551 exercitus
741 3503 819 3552 erat.
837 3488 996 3553 Carnibus
1011 3490 1100 3552 enim
1114 3511 1181 3554 cer-

113 3612 231 3655 vorum
243 3590 458 3675 leporumque
470 3587 539 3650 sine
550 3588 614 3651 sale
627 3589 840 3653 vescebantur
855 3589 924 3676 (sal
935 3612 1034 3654 omne
1049 3591 1180 3656 vinum·

115 3713 198 3780 que,
212 3711 288 3754 cum
299 3707 407 3770 aceto,
422 3705 455 3752 et
466 3690 538 3753 oleo
552 3689 742 3778 defecerat);
758 3705 792 3753 et
804 3690 855 3754 his
868 3691 1028 3755 alimentis
1041 3710 1182 3782 coeperat

114 3791 233 3858 tentari
244 3789 382 3854 militum
394 3790 561 3871 valetudo,
572 3793 731 3880 multique
741 3793 858 3880 passim
870 3792 1033 3880 profluvio
1041 3796 1104 3858 alvi
1114 3817 1182 3859 mo-

113 3892 290 3956 riebantur.
307 3891 411 3980 Ergo,
421 3910 593 3980 postquam
609 3895 769 3958 tumultus
785 3895 845 3958 iste
859 3895 1012 3976 cessarit,
1026 3911 1119 3960 tanto
1132 3897 1180 3960 in·

114 3993 235 4058 tentius
251 3992 404 4079 operibus
418 3994 535 4058 institit
551 3996 684 4072 consul,
701 3995 923 4083 machinisque
937 3994 1076 4060 admotis
1095 3994 1180 4060 muri

113 4095 269 4186 perfregit
284 4111 419 4184 partem.

148 4316 165 4382 s
178 4318 251 4366 m.
264 4317 354 4384 Polyb.
367 4317 434 4383 apud
448 4317 528 4367 strab.
541 4317 729 4382 l.111‚p.162.
743 4345 778 4356 -
789 4320 898 4386 Appirn.
913 4346 950 4358 -
962 4318 1027 4369 atta.
1039 4319 1177 4377 mvn,

119 4400 245 4450 1.-v21.
257 4403 327 4450 Mu.
338 4402 389 4463 ΙΙΙ,
397 4417 411 4448 a
420 4435 428 4459 ,
437 4403 462 4449 6.
474 4427 510 4438 —
519 4401 572 4449 mv.
582 4401 647 4466 Epir.
658 4400 717 4466 -s
729 4403 812 4451 xxlt.
822 4402 897 4453 Diod.
908 4403 976 4468 apud
984 4401 1177 4454 Valet—Hm

110 4486 151 4543 ΙΙ,
167 4494 253 4546 172·-
263 4485 372 4549 Appius.
382 4483 524 4547 -Vottt,
536 4499 574 4530 ra.
