2594 4980
297 714 348 782 m
378 713 489 781 noc.
515 714 609 781 Lm.
636 715 804 784 nxrm
835 716 1047 791 trvmru.
1133 719 1201 821 557

185 833 320 896 XXXV.
335 832 369 896 L.
377 833 547 919 Apuleius,
559 833 649 913 cujus
658 834 794 898 maxime
806 860 903 923 opera
912 840 949 903 C.
960 839 1097 907 Marium
1108 868 1201 933 quan

142 950 210 996 tum
222 934 388 998 consulem
399 933 520 998 lactum
535 933 684 1016 diximus,
696 936 737 999 ab
749 935 860 1000 eadem
872 941 1021 1024 amicitia,
1033 946 1072 1025 Q.
1080 946 1202 1013 Metelli

141 1036 315 1099 acerrimus
331 1058 423 1116 osor,
443 1058 609 1100 censorem
625 1053 766 1101 creatum
784 1036 882 1102 domo
899 1065 956 1129 per
971 1045 1034 1106 vim
1053 1062 1198 1113 extraxe-

142 1153 208 1216 rat,
223 1137 300 1200 etin
314 1137 510 1224 Capitolium
523 1139 764 1228 confugientem
776 1157 894 1204 armata
905 1166 1003 1207 manu
1015 1145 1200 1232 obsederat3

143 1235 248 1299 donec
269 1238 415 1324 equitum
434 1260 644 1301 romanorum
664 1238 902 1328 indignatione,
920 1266 985 1307 non
1008 1248 1078 1309 sine
1101 1251 1203 1316 multa

142 1336 227 1400 caede
245 1339 381 1418 rejectus
404 1354 451 1401 est
469 1361 476 1402 ε
495 1360 570 1400 eum
596 1362 672 1428 ergo
696 1341 885 1427 Apuleium,
909 1366 1011 1431 quum
1035 1347 1202 1414 tribunatu

141 1439 277 1519 abisset,
302 1441 443 1527 itemque
465 1440 675 1527 opprobrium
702 1441 798 1504 curiae
822 1445 856 1506 C.
879 1444 1043 1509 Glauciam
1068 1448 1108 1531 Q.
1131 1450 1225 1530 Meg

142 1540 235 1603 tellus
255 1563 369 1604 censor
388 1541 538 1604 notabat:
554 1540 639 1604 idem
660 1527 828 1606 insititiuni
845 1546 879 1608 C.
898 1545 1082 1612 Gracchum
1100 1573 1201 1616 censu

141 1641 353 1727 prohibebat:
372 1640 462 1728 quod
481 1657 657 1728 utrumque
675 1643 876 1706 multitudini
892 1646 1080 1731 adversum,
1100 1655 1202 1716 maxi·

143 1765 257 1805 masin
277 1759 404 1806 civitate
422 1758 646 1806 contentiones
664 1759 821 1808 excitavit.

185 1843 336 1908 XXXVI.
349 1845 383 1907 L.
395 1842 525 1930 quidam
538 1844 686 1931 Equitius
699 1845 810 1909 Gaium
818 1846 936 1909 Tiberii
950 1846 1085 1913 Gracchi
1098 1851 1200 1918 filium

142 1968 210 2009 esse
228 1945 413 2025 simulabat,
431 1943 683 2032 favente-plebe,
701 1960 733 2008 et
749 1945 790 2008 ad
806 1969 859 2028 ea,
877 1969 949 2033 quae
966 1950 1110 2034 volebat,
1129 1966 1200 2017 cre'·

141 2045 246 2110 denda
261 2046 354 2110 facili.
367 2044 430 2110 Sed
442 2066 557 2108 censor
570 2059 629 2108 tres
640 2043 962 2134 omrrinofilrbsfurlrse
976 2048 1096 2114 Tiberr‘o
1109 2052 1202 2118 dicti·

142 2162 229 2227 tans,
245 2168 376 2234 quorem
389 2168 466 2209 urrus
481 2148 514 2208 in
528 2144 677 2209 Sardinia
693 2146 797 2226 miles,
812 2147 895 2210 alter
908 2148 1062 2213 Proeneste
1076 2152 1199 2238 try‘am,

141 2250 414 2335 tertiuspostrunus
434 2249 540 2310 ttomoe
555 2247 744 2326 decessissem
759 2270 855 2335 neque
871 2247 1200 2338 clarissimoefamt‘lrie

128 2346 295 2435 fulgorem
309 2350 431 2412 obscuri
440 2349 655 2412 homuncionis
666 2349 806 2412 sordibus
820 2352 982 2438 inquinari
992 2369 1148 2441 oportere,
1164 2356 1200 2420 iu

141 2452 298 2514 sententia
314 2451 520 2539 persistebat,
536 2450 617 2513 adeo
635 2451 848 2514 incalescente
867 2452 950 2531 rixa,
972 2467 1009 2514 ut
1031 2452 1072 2516 ad
1092 2471 1198 2520 extre·

141 2575 231 2615 mum
248 2552 407 2640 lapidibus
423 2575 441 2615 a
458 2552 586 2616 furente
605 2553 703 2640 vulgo
720 2552 938 2637 impeteretur.

184 2653 350 2715 XXXVll.
368 2652 431 2716 Sed
447 2668 480 2715 et
495 2667 606 2737 postea
624 2652 672 2712 vir
688 2652 816 2713 illorum
834 2666 1017 2738 temporum
1036 2656 1199 2720 sanctissi-

142 2774 213 2813 mus
241 2752 452 2814 seditionibus
477 2751 565 2837 vulgi
590 2766 738 2829 vexatus,
766 2766 798 2812 et
822 2749 862 2812 ad
889 2773 1048 2814 summam
1073 2755 1200 2821 civitate

140 2852 252 2937 pulsus
268 2866 338 2912 est:
357 2853 392 2913 L.
405 2850 530 2936 Apuleii
548 2851 688 2938 primum
707 2849 892 2929 tribunatu,
907 2848 1024 2914 deinde
1041 2853 1076 2918 P.
1091 2855 1200 2940 Furii,

141 2951 194 3012 cui
214 2971 334 3035 equum
353 2948 519 3036 publicum
540 2971 656 3011 censor
671 2947 855 3012 ademerat:
881 2950 937 3014 sed
956 2966 1025 3015 tum
1044 2977 1062 3018 a
1078 2957 1200 3049 collega

140 3050 304 3113 Numidici
325 3049 476 3130 Metello,
500 3047 631 3112 Glaucia
652 3065 685 3112 et
706 3049 860 3137 Apuleius
881 3054 1021 3139 exempti
1045 3073 1146 3135 notae,
1166 3076 1199 3124 et

141 3153 173 3213 in
196 3166 309 3214 senatu
326 3151 442 3214 retenti
460 3165 545 3213 sunt.
564 3149 678 3236 Neque
694 3149 832 3213 dubium
849 3167 914 3232 est,
936 3153 1015 3240 quin
1035 3156 1120 3221 idem
1137 3182 1199 3248 po·

141 3253 299 3341 pularium
314 3251 495 3316 studiorum
510 3266 574 3313 tam
591 3267 755 3333 metuens,
770 3252 865 3317 etiarn
880 3277 896 3317 a
915 3256 951 3318 C.
963 3254 1110 3324 Graccho
1123 3284 1200 3327 cen·

141 3376 212 3415 sum
231 3355 404 3441 acceperit:
420 3375 481 3440 pro
494 3351 585 3430 cujus
597 3351 768 3416 asserendo
782 3369 865 3418 statu
878 3355 1106 3425 violentissime
1119 3384 1198 3428 con-

141 3455 233 3516 citata
248 3453 438 3538 multitudo,
455 3476 551 3541 supra
565 3469 752 3517 consuetam
766 3457 973 3542 pervicaciam
988 3461 1176 3530 insaniebat.

184 3555 367 3619 XXXVlll.
388 3556 490 3644 Igitur
505 3572 538 3618 et
554 3553 776 3618 Gracchorum
793 3579 938 3621 sororem
958 3561 1198 3650 Semproniam,

141 3654 298 3740 Scipionis
309 3655 472 3718 AEmiliani
483 3653 630 3736 viduam,
647 3654 817 3718 tribunitio
829 3659 923 3735 jussu
940 3658 973 3720 in
984 3663 1104 3748 ,populi
1120 3686 1199 3728 oon·

142 3757 268 3818 cionem
294 3754 464 3819 adductam
490 3756 653 3846 legimns:
682 3754 738 3821 sed
762 3756 928 3839 eamdem,
947 3758 1021 3822 licet
1044 3762 1111 3849 ipsa
1138 3764 1201 3826 lori

142 3858 253 3937 facies,
269 3858 322 3920 vix
341 3857 534 3944 primoribus
550 3858 625 3919 viris
641 3857 710 3919 sine
727 3856 862 3919 horrore
878 3857 1025 3941 ferenda,
1041 3863 1201 3951 minaeque

142 3959 343 4046 amplissimae
365 3959 546 4047 potestatis,
573 3974 605 4021 et
625 3957 869 4021 innumerabilis
896 3961 1007 4047 populi
1034 3963 1199 4046 fremitus,

142 4061 267 4141 objecta
285 4059 410 4123 mulieri
427 4059 574 4121 omnium
596 4079 706 4122 earum
731 4079 839 4121 rerum
858 4058 992 4122 insuetae
1016 4076 1137 4143 essent,
1153 4079 1202 4129 ta·

163 4272 191 4337 s
204 4269 313 4321 mv.
327 4271 437 4328 Orod,
454 4285 496 4339 17,
511 4297 545 4306 —-
563 4271 713 4336 §xxm
733 4272 784 4321 Cic.
798 4286 844 4335 pro
859 4272 925 4319 Sext.
937 4287 990 4336 cap.
1003 4279 1045 4331 47,
1059 4285 1083 4321 et
1092 4274 1198 4330 deor-ar.

143 4357 191 4413 111,
203 4365 243 4413 ῆι,
256 4383 292 4396 --
303 4357 409 4420 Αρρίιιι.
421 4381 456 4392 -
464 4358 538 4404 Auct.
549 4355 580 4402 de
590 4357 643 4404 vir.
654 4355 742 4404 illustr.
752 4370 805 4420 cap.
819 4355 860 4414 73.
869 4382 904 4393 —-
914 4355 979 4404 Flor.
991 4356 1043 4413 111,
1054 4359 1094 4408 ro.
1104 4362 1198 4413 -Υιι,

87 4448 91 4455 ·
142 4438 289 4501 Mn.1x,7
305 4451 330 4488 et
344 4441 383 4486 1⁵.
394 4466 428 4476 -
441 4438 515 4486 Diod.
526 4440 591 4504 apud
600 4439 681 4489 Valeo.
694 4439 757 4505 -S
770 4440 903 4488 mvn.
912 4439 1043 4490 vitum
1053 4441 1104 4501 111,
1116 4445 1140 4492 8.
