2594 4980
164 719 232 789 360
330 722 399 785 10.
428 715 771 786 FllElNSlIEMII
806 712 1049 783 SUPPLEM.

163 839 324 901 concitare
337 837 486 899 voluisse.
499 834 583 899 Illud
594 835 689 898 ctiam
698 832 937 914 incredibilius,
948 833 1091 897 venienti
1103 834 1145 897 ab
1158 836 1230 899 alto

162 960 302 1001 romanae
317 936 422 1017 classi,
440 935 529 1021 quod
545 933 686 1022 praedam
702 949 869 1022 putarent,
883 935 970 998 ultro
987 934 1180 1000 occurrisse.

204 1039 373 1101 XXXVII.
392 1038 491 1120 Quod
503 1038 577 1100 satis
588 1052 714 1100 certum
727 1057 795 1116 est,
810 1036 876 1098 rim
892 1035 1081 1122 propulsare
1094 1037 1226 1117 conati,

162 1140 307 1228 praelium
321 1160 393 1201 acre
409 1138 576 1213 lecerunt,
595 1153 720 1201 terrore
737 1153 844 1201 tamen
862 1136 999 1216 majore,
1016 1156 1114 1222 quam
1130 1135 1226 1201 dam·

161 1263 222 1320 n03
240 1240 315 1327 quia
331 1239 479 1302 Metellus
498 1262 596 1325 super
609 1239 750 1302 tabulata
764 1239 893 1302 navium
907 1238 1006 1325 pelles
1019 1236 1224 1320 extenderat,

161 1344 280 1430 quibus
307 1358 438 1429 excepta
459 1341 602 1404 hostium
625 1341 756 1406 missilia
779 1341 910 1404 innoxia
932 1338 1094 1404 caderent.
1117 1339 1225 1428 Igitur

160 1445 256 1509 simul
274 1444 422 1508 cominus
434 1459 588 1524 ventum,
606 1458 640 1506 et
653 1441 807 1507 adversus
824 1440 930 1506 nudos
946 1441 1009 1529 pila
1025 1439 1141 1520 conjici
1157 1464 1222 1505 coc·

160 1569 253 1633 pere,
266 1543 429 1634 pecudum
441 1546 473 1606 in
486 1567 610 1608 morem
622 1545 751 1609 sublato
763 1545 903 1608 clamore
914 1542 1042 1631 dilapsi,
1055 1543 1223 1631 sparsique

161 1650 194 1710 in
223 1647 388 1735 proximos
416 1647 575 1729 tumulos,
598 1646 718 1726 majore
744 1644 861 1710 deinde
884 1644 995 1709 labore
1017 1643 1221 1725 inveniendi,

160 1772 257 1836 quarn
279 1746 429 1811 vincendi
452 1747 612 1813 fuerunt:
636 1746 725 1812 uude
746 1748 894 1812 infestior
910 1747 1017 1829 miles,
1042 1745 1221 1833 plurimum

160 1852 283 1936 ubique
299 1849 463 1937 sanguinis
480 1848 574 1914 fudit.

203 1951 388 2014 XXXVIII.
417 1952 559 2032 Consul,
581 1951 673 2015 facile
693 1951 812 2040 pacatis
838 1950 1039 2025 Balearibus,
1058 1947 1220 2036 reliquum

160 2051 285 2137 imperii
298 2067 425 2139 tempus
436 2052 573 2116 urbibus
583 2051 761 2117 condendis
772 2051 983 2140 consumpsit.
995 2049 1104 2113 Palma
1114 2049 1222 2114 orien-

161 2167 225 2213 tem
240 2175 369 2233 vcrsus,
384 2152 417 2214 in
437 2153 574 2217 occidua
588 2169 680 2242 parte
692 2155 804 2217 insula
820 2153 977 2217 Pollentia
989 2167 1037 2215 est
1050 2151 1165 2239 posita.
1182 2153 1221 2214 Iu

159 2254 265 2315 haser
280 2254 413 2317 coloniis
429 2255 548 2317 civium
565 2277 793 2336 romanorum,
808 2277 880 2341 quae
892 2254 927 2316 in
941 2252 1095 2339 Hispania
1114 2266 1220 2331 erant,

159 2353 218 2415 tria
239 2354 384 2415 virorum
408 2354 505 2416 millia
531 2354 658 2441 scripta.
683 2356 794 2418 Ilourae
819 2353 1023 2441 triumphum
1048 2352 1113 2417 hoc
1133 2374 1221 2415 anno

158 2453 204 2516 M.
224 2454 355 2516 Fulvius
374 2456 568 2540 proconsule
590 2453 702 2537 duxit,
723 2477 825 2541 quem
850 2454 1103 2518 Massiliensibus
1127 2452 1222 2516 sociis

158 2553 328 2617 adversum
343 2556 478 2618 infestos
495 2572 527 2618 et
538 2571 752 2644 praepotentes
768 2555 891 2619 accolas
905 2555 1023 2618 auxilio
1035 2555 1220 2642 profectum

159 2654 257 2717 fuisse
268 2656 300 2716 in
314 2657 484 2718 consulatu
497 2655 647 2721 diximus.
663 2657 793 2721 Salluvii
805 2657 964 2745 praecipue
975 2656 1148 2720 Massiliam
1163 2677 1221 2718 ur·

159 2755 299 2842 gabant,
314 2776 456 2841 quorum
465 2757 498 2817 in
510 2778 587 2844 agro
599 2756 745 2838 condita,
761 2780 850 2822 nuuc
861 2755 980 2820 invidia
991 2756 1221 2837 finitimorum,

161 2879 251 2920 nunc
262 2873 370 2938 metu,
384 2881 552 2943 nunquam
567 2880 633 2920 uon
646 2856 723 2921 odio
736 2858 952 2945 premebatur.
964 2857 1098 2920 Fulvius
1112 2873 1220 2922 tamen

159 2981 210 3019 res
234 2958 322 3020 haud
340 2980 416 3021 sane
433 2980 564 3045 magnas
581 2958 626 3019 ibi
641 2972 797 3046 gesserat,
816 2958 981 3046 magisque
996 2957 1114 3022 ominis
1124 2981 1221 3022 causa

158 3057 344 3143 triumphus
358 3058 386 3118 ei
400 3056 495 3119 (latus
508 3057 610 3120 videri
619 3072 743 3144 potest,
757 3056 847 3143 quod
859 3080 896 3122 ea
907 3058 1011 3144 prima
1023 3073 1110 3121 trans
1122 3060 1220 3147 Alpes

158 3155 320 3243 expeditio
338 3179 471 3218 romana
488 3157 558 3219 suit.
1095 3235 1097 3239 .

203 3261 357 3321 XXXIX.
375 3258 581 3336 Atljuvcrunt
595 3257 796 3324 hauddubie
811 3283 884 3348 spes
895 3261 1015 3348 plebis,
1031 3276 1144 3325 erectae
1153 3261 1219 3340 jam

155 3360 189 3419 C.
205 3358 340 3421 Gracchi
361 3358 549 3438 tribunatu,
566 3360 775 3448 patronisque
792 3362 859 3426 suis
877 3362 962 3425 hanc
986 3360 1061 3425 dare
1084 3362 1217 3451 gratim

155 3454 334 3535 studentis,
349 3480 415 3517 non
432 3457 531 3544 magis
544 3460 713 3546 praemium
729 3462 893 3548 prioribus
906 3463 1106 3544 actionibus,
1120 3487 1218 3551 quarn

158 3556 406 3619 incitamentum
423 3559 538 3622 futuris
551 3582 559 3622 :
573 3576 605 3622 et
618 3578 767 3642 senatus,
782 3586 879 3649 quern
895 3558 992 3626 adiini
1003 3585 1099 3650 posse
1110 3564 1219 3629 hono·

154 3679 221 3717 rem
244 3657 452 3743 desperabat,
469 3683 577 3747 perse
599 3663 708 3749 potius
725 3663 868 3728 tribuere
885 3665 1006 3728 maluit.
1022 3666 1219 3755 Triumpha-

155 3759 202 3820 vit
222 3782 288 3822 non
308 3760 348 3823 de
367 3762 513 3825 Salluviis
535 3763 656 3846 modo,
675 3763 733 3828 sed
755 3766 852 3829 etiam
869 3765 909 3829 de
927 3766 1102 3855 Liguribus
1120 3783 1220 3855 atque

154 3861 340 3941 Vocontiis,
358 3865 413 3950 qui
431 3867 513 3929 forte
529 3889 587 3953 per
603 3888 716 3955 agrum
731 3888 827 3930 suum
846 3866 978 3932 ducenti
996 3886 1218 3933 occurrerant.

150 3959 306 4023 Secundae
325 3963 369 4024 Ill.
385 3964 490 4027 Fulvii
514 3988 583 4046 res,
603 3981 806 4059 momentum
825 3969 862 4031 C.
876 3968 1024 4032 Graccho
1043 3992 1148 4057 quum
1176 3969 1218 4034 ad

184 4186 199 4245 s
220 4189 339 4235 xxxvi.
361 4190 424 4237 r'lor.
440 4193 492 4247 111,
508 4192 531 4237 s.
548 4217 583 4226 -
603 4192 681 4239 suth.
700 4219 735 4228 -
751 4193 918 4257 §xxxvia
938 4195 1004 4244 rlor.
1023 4223 1058 4232 -
1076 4197 1159 4245 suat.
1182 4224 1220 4235 -

150 4266 165 4327 S
184 4270 329 4318 XXXVIII.
349 4274 419 4318 Oros.
435 4274 466 4329 V,
486 4275 525 4320 13.
541 4300 573 4310 -
592 4274 671 4323 strab.
692 4303 727 4313 -
747 4280 868 4342 Pompon.
888 4279 960 4327 Mola.
979 4307 1013 4316 -
1032 4280 1143 4345 Appiam
1161 4281 1219 4330 civ.

151 4350 193 4394 lib.
211 4354 227 4398 Ι.
245 4380 279 4389 -
299 4357 361 4402 Fasti
379 4357 485 4418 Capitol.
500 4385 533 4393 -
544 4359 597 4406 Liv.
608 4359 674 4423 Epir.
688 4387 722 4407 -,
736 4362 789 4409 Liv.
800 4364 832 4421 V,
847 4366 888 4420 34.
903 4391 936 4401 -
951 4364 1088 4414 Marcellin.
1100 4367 1160 4425 XV,
1174 4383 1223 4429 ap.

152 4459 185 4467 ”—
197 4434 261 4480 Flos.
274 4439 324 4492 Ill,
339 4454 362 4482 2.
