<?xml version="1.0" encoding="UTF-8"?>
<!DOCTYPE html PUBLIC "-//W3C//DTD XHTML 1.0 Transitional//EN"
    "http://www.w3.org/TR/xhtml1/DTD/xhtml1-transitional.dtd">
<html xmlns="http://www.w3.org/1999/xhtml" xml:lang="en" lang="en">
 <head>
  <title>
</title>
<meta http-equiv="Content-Type" content="text/html;charset=utf-8" />
  <meta name='ocr-system' content='tesseract 3.04.00' />
  <meta name='ocr-capabilities' content='ocr_page ocr_carea ocr_par ocr_line ocrx_word'/>
</head>
<body>
  <div class='ocr_page' id='page_1' title='image "./titusliviuspata00freigoog_0069.png"; bbox 0 0 2594 4980; ppageno 0'>
   <div class='ocr_carea' id='block_1_1' title="bbox 113 796 998 896">
    <p class='ocr_par' dir='ltr' id='par_1_1' title="bbox 113 796 998 896">
     <span class='ocr_line' id='line_1_1' title="bbox 113 796 998 896; baseline -0.006 -27"><span class='ocrx_word' id='word_1_1' title='bbox 113 796 159 896; x_wconf 87' lang='lat'><strong>76</strong></span> <span class='ocrx_word' id='word_1_2' title='bbox 286 801 355 867; x_wconf 89' lang='lat' dir='ltr'><strong>JO.</strong></span> <span class='ocrx_word' id='word_1_3' title='bbox 381 800 722 868; x_wconf 85' lang='lat' dir='ltr'><strong>FREINSHEMII</strong></span> <span class='ocrx_word' id='word_1_4' title='bbox 754 799 998 868; x_wconf 84' lang='lat' dir='ltr'><strong>SUPPLEM.</strong></span> 
     </span>
    </p>
   </div>
   <div class='ocr_carea' id='block_1_2' title="bbox 114 917 1219 4612">
    <p class='ocr_par' dir='ltr' id='par_1_2' title="bbox 114 917 1219 4612">
     <span class='ocr_line' id='line_1_2' title="bbox 145 917 1159 991; baseline -0.003 -19"><span class='ocrx_word' id='word_1_5' title='bbox 145 920 211 984; x_wconf 89' lang='lat' dir='ltr'><strong>mis,</strong></span> <span class='ocrx_word' id='word_1_6' title='bbox 221 919 395 990; x_wconf 88' lang='lat' dir='ltr'><strong>omnibusque</strong></span> <span class='ocrx_word' id='word_1_7' title='bbox 405 919 585 973; x_wconf 81' lang='lat' dir='ltr'><strong>instrumentis</strong></span> <span class='ocrx_word' id='word_1_8' title='bbox 597 919 712 983; x_wconf 77' lang='lat' dir='ltr'><strong>bellicis,</strong></span> <span class='ocrx_word' id='word_1_9' title='bbox 722 919 743 971; x_wconf 94' lang='lat' dir='ltr'><strong>si</strong></span> <span class='ocrx_word' id='word_1_10' title='bbox 755 938 808 991; x_wconf 84' lang='lat' dir='ltr'><strong>qua</strong></span> <span class='ocrx_word' id='word_1_11' title='bbox 820 917 981 990; x_wconf 78' lang='lat' dir='ltr'><strong>Carthagine</strong></span> <span class='ocrx_word' id='word_1_12' title='bbox 994 928 1082 979; x_wconf 84' lang='lat' dir='ltr'><strong>erant;</strong></span> <span class='ocrx_word' id='word_1_13' title='bbox 1090 927 1159 978; x_wconf 88' lang='lat' dir='ltr'><strong>tunc,</strong></span> 
     </span>
     <span class='ocr_line' id='line_1_3' title="bbox 147 1001 1162 1078; baseline -0.004 -22"><span class='ocrx_word' id='word_1_14' title='bbox 147 1023 229 1077; x_wconf 89' lang='lat' dir='ltr'><strong>quum</strong></span> <span class='ocrx_word' id='word_1_15' title='bbox 250 1024 280 1057; x_wconf 83' lang='lat' dir='ltr'><strong>ex</strong></span> <span class='ocrx_word' id='word_1_16' title='bbox 301 1004 456 1057; x_wconf 87' lang='lat' dir='ltr'><strong>auctoritate</strong></span> <span class='ocrx_word' id='word_1_17' title='bbox 477 1005 584 1058; x_wconf 80' lang='lat' dir='ltr'><strong>Patruus</strong></span> <span class='ocrx_word' id='word_1_18' title='bbox 604 1005 744 1078; x_wconf 85' lang='lat' dir='ltr'><strong>juberent,</strong></span> <span class='ocrx_word' id='word_1_19' title='bbox 759 1017 788 1057; x_wconf 90' lang='lat' dir='ltr'><strong>ut</strong></span> <span class='ocrx_word' id='word_1_20' title='bbox 803 1005 831 1056; x_wconf 90' lang='lat' dir='ltr'><strong>iu</strong></span> <span class='ocrx_word' id='word_1_21' title='bbox 851 1004 934 1058; x_wconf 86' lang='lat' dir='ltr'><strong>alium</strong></span> <span class='ocrx_word' id='word_1_22' title='bbox 956 1004 1060 1064; x_wconf 83' lang='lat' dir='ltr'><strong>locum,</strong></span> <span class='ocrx_word' id='word_1_23' title='bbox 1073 1001 1132 1054; x_wconf 91' lang='lat' dir='ltr'><strong>dum</strong></span> <span class='ocrx_word' id='word_1_24' title='bbox 1149 1017 1162 1052; x_wconf 90' lang='grc' dir='ltr'>ι</span> 
     </span>
     <span class='ocr_line' id='line_1_4' title="bbox 147 1080 1219 1159; baseline -0.005 -19"><span class='ocrx_word' id='word_1_25' title='bbox 147 1089 212 1140; x_wconf 82' lang='lat' dir='ltr'><strong>mari</strong></span> <span class='ocrx_word' id='word_1_26' title='bbox 227 1087 317 1142; x_wconf 87' lang='lat' dir='ltr'><strong>decem</strong></span> <span class='ocrx_word' id='word_1_27' title='bbox 330 1086 414 1140; x_wconf 87' lang='lat' dir='ltr'><strong>millia</strong></span> <span class='ocrx_word' id='word_1_28' title='bbox 427 1106 568 1158; x_wconf 80' lang='lat' dir='ltr'><strong>passuum,</strong></span> <span class='ocrx_word' id='word_1_29' title='bbox 582 1107 616 1141; x_wconf 85' lang='lat' dir='ltr'><strong>ne</strong></span> <span class='ocrx_word' id='word_1_30' title='bbox 626 1088 728 1151; x_wconf 89' lang='lat' dir='ltr'><strong>minus,</strong></span> <span class='ocrx_word' id='word_1_31' title='bbox 741 1098 887 1151; x_wconf 89' lang='lat' dir='ltr'><strong>remotum,</strong></span> <span class='ocrx_word' id='word_1_32' title='bbox 901 1084 1030 1159; x_wconf 88' lang='lat' dir='ltr'><strong>oppidum</strong></span> <span class='ocrx_word' id='word_1_33' title='bbox 1044 1085 1165 1144; x_wconf 80' lang='lat' dir='ltr'><strong>facerent,</strong></span> <span class='ocrx_word' id='word_1_34' title='bbox 1217 1080 1219 1090; x_wconf 89' lang='lat'>&#39;</span> 
     </span>
     <span class='ocr_line' id='line_1_5' title="bbox 147 1165 1171 1244; baseline -0.005 -20"><span class='ocrx_word' id='word_1_35' title='bbox 147 1171 301 1243; x_wconf 79' lang='lat' dir='ltr'><strong>indignitate</strong></span> <span class='ocrx_word' id='word_1_36' title='bbox 318 1173 357 1224; x_wconf 87' lang='lat' dir='ltr'><strong>rei</strong></span> <span class='ocrx_word' id='word_1_37' title='bbox 373 1171 407 1225; x_wconf 89' lang='lat' dir='ltr'><strong>ad</strong></span> <span class='ocrx_word' id='word_1_38' title='bbox 428 1172 581 1225; x_wconf 85' lang='lat' dir='ltr'><strong>bellandum</strong></span> <span class='ocrx_word' id='word_1_39' title='bbox 599 1172 829 1244; x_wconf 79' lang='lat' dir='ltr'><strong>Carthaginienses</strong></span> <span class='ocrx_word' id='word_1_40' title='bbox 847 1170 1042 1243; x_wconf 80' lang='lat' dir='ltr'><strong>compulerunt.</strong></span> <span class='ocrx_word' id='word_1_41' title='bbox 1055 1165 1171 1223; x_wconf 71' lang='lat' dir='ltr'><strong>obsideri</strong></span> 
     </span>
     <span class='ocr_line' id='line_1_6' title="bbox 146 1255 1171 1329; baseline -0.001 -21"><span class='ocrx_word' id='word_1_42' title='bbox 146 1256 347 1328; x_wconf 85' lang='lat' dir='ltr'><strong>oppugnarique</strong></span> <span class='ocrx_word' id='word_1_43' title='bbox 365 1268 447 1329; x_wconf 85' lang='lat' dir='ltr'><strong>coepta</strong></span> <span class='ocrx_word' id='word_1_44' title='bbox 467 1269 505 1309; x_wconf 89' lang='lat' dir='ltr'><strong>est</strong></span> <span class='ocrx_word' id='word_1_45' title='bbox 523 1257 655 1329; x_wconf 82' lang='lat' dir='ltr'><strong>Carthago</strong></span> <span class='ocrx_word' id='word_1_46' title='bbox 672 1259 706 1309; x_wconf 88' lang='lat' dir='ltr'><strong>ab</strong></span> <span class='ocrx_word' id='word_1_47' title='bbox 723 1259 755 1310; x_wconf 85' lang='lat' dir='ltr'><strong>L.</strong></span> <span class='ocrx_word' id='word_1_48' title='bbox 765 1256 883 1321; x_wconf 84' lang='lat' dir='ltr'><strong>Marcio,</strong></span> <span class='ocrx_word' id='word_1_49' title='bbox 897 1257 943 1309; x_wconf 83' lang='grc' dir='ltr'><strong>Μ’.</strong></span> <span class='ocrx_word' id='word_1_50' title='bbox 955 1255 1067 1309; x_wconf 85' lang='lat' dir='ltr'><strong>Manilio</strong></span> <span class='ocrx_word' id='word_1_51' title='bbox 1079 1271 1171 1308; x_wconf 76' lang='lat' dir='ltr'><strong>coum·</strong></span> 
     </span>
     <span class='ocr_line' id='line_1_7' title="bbox 146 1336 1184 1414; baseline 0.001 -25"><span class='ocrx_word' id='word_1_52' title='bbox 146 1337 222 1391; x_wconf 83' lang='lat' dir='ltr'><strong>libus.</strong></span> <span class='ocrx_word' id='word_1_53' title='bbox 241 1341 271 1390; x_wconf 93' lang='lat' dir='ltr'><strong>ln</strong></span> <span class='ocrx_word' id='word_1_54' title='bbox 285 1358 338 1411; x_wconf 84' lang='lat' dir='ltr'><strong>qua</strong></span> <span class='ocrx_word' id='word_1_55' title='bbox 356 1339 556 1412; x_wconf 76' lang='lat' dir='ltr'><strong>oppugnatione</strong></span> <span class='ocrx_word' id='word_1_56' title='bbox 568 1360 652 1412; x_wconf 89' lang='lat' dir='ltr'><strong>quum</strong></span> <span class='ocrx_word' id='word_1_57' title='bbox 669 1341 802 1414; x_wconf 84' lang='lat' dir='ltr'><strong>neglectos</strong></span> <span class='ocrx_word' id='word_1_58' title='bbox 818 1342 852 1393; x_wconf 88' lang='lat' dir='ltr'><strong>ab</strong></span> <span class='ocrx_word' id='word_1_59' title='bbox 866 1360 919 1393; x_wconf 87' lang='lat' dir='ltr'><strong>una</strong></span> <span class='ocrx_word' id='word_1_60' title='bbox 932 1353 1008 1412; x_wconf 89' lang='lat' dir='ltr'><strong>parte</strong></span> <span class='ocrx_word' id='word_1_61' title='bbox 1020 1357 1109 1392; x_wconf 85' lang='lat' dir='ltr'><strong>muros</strong></span> <span class='ocrx_word' id='word_1_62' title='bbox 1120 1336 1184 1390; x_wconf 89' lang='lat' dir='ltr'><strong>dno</strong></span> 
     </span>
     <span class='ocr_line' id='line_1_8' title="bbox 145 1420 1192 1497; baseline 0 -25"><span class='ocrx_word' id='word_1_63' title='bbox 145 1420 245 1473; x_wconf 90' lang='lat' dir='ltr'><strong>tribuni</strong></span> <span class='ocrx_word' id='word_1_64' title='bbox 259 1434 357 1475; x_wconf 88' lang='lat' dir='ltr'><strong>temere</strong></span> <span class='ocrx_word' id='word_1_65' title='bbox 372 1442 434 1475; x_wconf 87' lang='lat' dir='ltr'><strong>curn</strong></span> <span class='ocrx_word' id='word_1_66' title='bbox 449 1423 603 1477; x_wconf 86' lang='lat' dir='ltr'><strong>cohortibus</strong></span> <span class='ocrx_word' id='word_1_67' title='bbox 618 1425 670 1478; x_wconf 89' lang='lat' dir='ltr'><strong>suis</strong></span> <span class='ocrx_word' id='word_1_68' title='bbox 684 1425 858 1497; x_wconf 87' lang='lat' dir='ltr'><strong>irrupissent,</strong></span> <span class='ocrx_word' id='word_1_69' title='bbox 874 1437 899 1477; x_wconf 92' lang='lat' dir='ltr'><strong>et</strong></span> <span class='ocrx_word' id='word_1_70' title='bbox 915 1426 950 1478; x_wconf 91' lang='lat' dir='ltr'><strong>ab</strong></span> <span class='ocrx_word' id='word_1_71' title='bbox 967 1423 1106 1497; x_wconf 88' lang='lat' dir='ltr'><strong>oppidanis</strong></span> <span class='ocrx_word' id='word_1_72' title='bbox 1118 1438 1192 1494; x_wconf 79' lang='lat' dir='ltr'><strong>gra·</strong></span> 
     </span>
     <span class='ocr_line' id='line_1_9' title="bbox 145 1503 1196 1582; baseline 0.002 -26"><span class='ocrx_word' id='word_1_73' title='bbox 145 1503 211 1556; x_wconf 83' lang='lat' dir='ltr'><strong>viter</strong></span> <span class='ocrx_word' id='word_1_74' title='bbox 227 1504 408 1569; x_wconf 75' lang='lat' dir='ltr'><strong>crederentur,</strong></span> <span class='ocrx_word' id='word_1_75' title='bbox 426 1525 441 1559; x_wconf 86' lang='lat' dir='ltr'><strong>a</strong></span> <span class='ocrx_word' id='word_1_76' title='bbox 461 1507 582 1579; x_wconf 86' lang='lat' dir='ltr'><strong>Scipione</strong></span> <span class='ocrx_word' id='word_1_77' title='bbox 603 1509 729 1563; x_wconf 75' lang='lat' dir='ltr'><strong>Africano</strong></span> <span class='ocrx_word' id='word_1_78' title='bbox 749 1509 862 1582; x_wconf 82' lang='lat' dir='ltr'><strong>expliciti</strong></span> <span class='ocrx_word' id='word_1_79' title='bbox 886 1520 946 1562; x_wconf 93' lang='lat' dir='ltr'><strong>sunt</strong></span> <span class='ocrx_word' id='word_1_80' title='bbox 964 1527 971 1560; x_wconf 92' lang='lat'><strong>:</strong></span> <span class='ocrx_word' id='word_1_81' title='bbox 987 1529 1035 1580; x_wconf 82' lang='lat' dir='ltr'><strong>per</strong></span> <span class='ocrx_word' id='word_1_82' title='bbox 1055 1526 1133 1581; x_wconf 86' lang='lat' dir='ltr'><strong>quem</strong></span> <span class='ocrx_word' id='word_1_83' title='bbox 1148 1512 1196 1558; x_wconf 74' lang='lat' dir='ltr'><strong>et</strong></span> 
     </span>
     <span class='ocr_line' id='line_1_10' title="bbox 145 1588 1203 1666; baseline 0.002 -25"><span class='ocrx_word' id='word_1_84' title='bbox 145 1588 280 1642; x_wconf 86' lang='lat' dir='ltr'><strong>castellum</strong></span> <span class='ocrx_word' id='word_1_85' title='bbox 302 1592 498 1656; x_wconf 84' lang='lat' dir='ltr'><strong>Romanorum,</strong></span> <span class='ocrx_word' id='word_1_86' title='bbox 517 1591 590 1663; x_wconf 92' lang='lat' dir='ltr'><strong>quod</strong></span> <span class='ocrx_word' id='word_1_87' title='bbox 609 1605 687 1647; x_wconf 89' lang='lat' dir='ltr'><strong>nocte</strong></span> <span class='ocrx_word' id='word_1_88' title='bbox 707 1595 911 1666; x_wconf 86' lang='lat' dir='ltr'><strong>expugnabant,</strong></span> <span class='ocrx_word' id='word_1_89' title='bbox 931 1594 1024 1666; x_wconf 91' lang='lat' dir='ltr'><strong>paucis</strong></span> <span class='ocrx_word' id='word_1_90' title='bbox 1045 1591 1203 1664; x_wconf 66' lang='lat' dir='ltr'><strong>equitibufl</strong></span> 
     </span>
     <span class='ocr_line' id='line_1_11' title="bbox 144 1674 1208 1753; baseline 0.003 -29"><span class='ocrx_word' id='word_1_91' title='bbox 144 1674 315 1745; x_wconf 80' lang='lat' dir='ltr'><strong>juvantibus,</strong></span> <span class='ocrx_word' id='word_1_92' title='bbox 331 1674 469 1727; x_wconf 88' lang='lat' dir='ltr'><strong>liberatum</strong></span> <span class='ocrx_word' id='word_1_93' title='bbox 485 1688 543 1740; x_wconf 87' lang='lat' dir='ltr'><strong>est;</strong></span> <span class='ocrx_word' id='word_1_94' title='bbox 559 1689 777 1749; x_wconf 69' lang='lat' dir='ltr'><strong>corporumque,</strong></span> <span class='ocrx_word' id='word_1_95' title='bbox 792 1697 851 1748; x_wconf 75' lang='lat' dir='ltr'><strong>que</strong></span> <span class='ocrx_word' id='word_1_96' title='bbox 866 1675 1110 1753; x_wconf 77' lang='lat' dir='ltr'><strong>Carthaginienses,</strong></span> <span class='ocrx_word' id='word_1_97' title='bbox 1121 1693 1208 1727; x_wconf 79' lang='lat' dir='ltr'><strong>om·</strong></span> 
     </span>
     <span class='ocr_line' id='line_1_12' title="bbox 145 1755 1210 1835; baseline 0.003 -27"><span class='ocrx_word' id='word_1_98' title='bbox 145 1755 223 1808; x_wconf 88' lang='lat' dir='ltr'><strong>nibus</strong></span> <span class='ocrx_word' id='word_1_99' title='bbox 234 1756 317 1827; x_wconf 90' lang='lat' dir='ltr'><strong>copiis</strong></span> <span class='ocrx_word' id='word_1_100' title='bbox 328 1759 362 1809; x_wconf 90' lang='lat' dir='ltr'><strong>ab</strong></span> <span class='ocrx_word' id='word_1_101' title='bbox 375 1760 439 1811; x_wconf 89' lang='lat' dir='ltr'><strong>urbe</strong></span> <span class='ocrx_word' id='word_1_102' title='bbox 450 1760 547 1830; x_wconf 90' lang='lat' dir='ltr'><strong>pariter</strong></span> <span class='ocrx_word' id='word_1_103' title='bbox 561 1762 674 1832; x_wconf 84' lang='lat' dir='ltr'><strong>egressi,</strong></span> <span class='ocrx_word' id='word_1_104' title='bbox 690 1763 880 1835; x_wconf 81' lang='lat' dir='ltr'><strong>oppugnabant</strong></span> <span class='ocrx_word' id='word_1_105' title='bbox 890 1800 898 1826; x_wconf 94' lang='lat'><strong>,</strong></span> <span class='ocrx_word' id='word_1_106' title='bbox 907 1762 1078 1814; x_wconf 85' lang='lat' dir='ltr'><strong>liberatorum</strong></span> <span class='ocrx_word' id='word_1_107' title='bbox 1091 1760 1113 1812; x_wconf 89' lang='lat' dir='ltr'><strong>is</strong></span> <span class='ocrx_word' id='word_1_108' title='bbox 1124 1759 1210 1830; x_wconf 72' lang='lat' dir='ltr'><strong>ipse</strong></span> 
     </span>
     <span class='ocr_line' id='line_1_13' title="bbox 144 1841 1210 1918; baseline 0.005 -26"><span class='ocrx_word' id='word_1_109' title='bbox 144 1841 303 1912; x_wconf 73' lang='lat' dir='ltr'><strong>praecipuam</strong></span> <span class='ocrx_word' id='word_1_110' title='bbox 313 1842 425 1912; x_wconf 82' lang='lat' dir='ltr'><strong>glot-iam</strong></span> <span class='ocrx_word' id='word_1_111' title='bbox 436 1844 504 1896; x_wconf 88' lang='lat' dir='ltr'><strong>tulit.</strong></span> <span class='ocrx_word' id='word_1_112' title='bbox 517 1845 662 1909; x_wconf 80' lang='lat' dir='ltr'><strong>Praeterea,</strong></span> <span class='ocrx_word' id='word_1_113' title='bbox 675 1865 758 1917; x_wconf 92' lang='lat' dir='ltr'><strong>quum</strong></span> <span class='ocrx_word' id='word_1_114' title='bbox 771 1847 806 1898; x_wconf 89' lang='lat' dir='ltr'><strong>ab</strong></span> <span class='ocrx_word' id='word_1_115' title='bbox 823 1846 896 1899; x_wconf 82' lang='lat' dir='ltr'><strong>irrita</strong></span> <span class='ocrx_word' id='word_1_116' title='bbox 906 1844 1107 1918; x_wconf 83' lang='lat' dir='ltr'><strong>oppugnatione</strong></span> <span class='ocrx_word' id='word_1_117' title='bbox 1118 1848 1210 1897; x_wconf 56' lang='lat' dir='ltr'><strong>car-r</strong></span> 
     </span>
     <span class='ocr_line' id='line_1_14' title="bbox 146 1925 1216 1999; baseline 0.002 -21"><span class='ocrx_word' id='word_1_118' title='bbox 146 1925 262 1995; x_wconf 84' lang='lat' dir='ltr'><strong>thaginis</strong></span> <span class='ocrx_word' id='word_1_119' title='bbox 272 1928 364 1979; x_wconf 88' lang='lat' dir='ltr'><strong>consul</strong></span> <span class='ocrx_word' id='word_1_120' title='bbox 375 1928 453 1996; x_wconf 84' lang='lat' dir='ltr'><strong>(alter</strong></span> <span class='ocrx_word' id='word_1_121' title='bbox 466 1929 536 1981; x_wconf 90' lang='lat' dir='ltr'><strong>enim</strong></span> <span class='ocrx_word' id='word_1_122' title='bbox 548 1932 659 1983; x_wconf 82' lang='lat' dir='ltr'><strong>Romam</strong></span> <span class='ocrx_word' id='word_1_123' title='bbox 669 1929 704 1982; x_wconf 88' lang='lat' dir='ltr'><strong>ad</strong></span> <span class='ocrx_word' id='word_1_124' title='bbox 713 1930 821 1984; x_wconf 88' lang='lat' dir='ltr'><strong>comitia</strong></span> <span class='ocrx_word' id='word_1_125' title='bbox 833 1929 908 1999; x_wconf 83' lang='lat' dir='ltr'><strong>ierat)</strong></span> <span class='ocrx_word' id='word_1_126' title='bbox 919 1929 1061 1982; x_wconf 86' lang='lat' dir='ltr'><strong>exercitum</strong></span> <span class='ocrx_word' id='word_1_127' title='bbox 1072 1925 1216 1980; x_wconf 73' lang='lat' dir='ltr'><strong>duceret</strong></span> 
     </span>
     <span class='ocr_line' id='line_1_15' title="bbox 146 2009 1210 2085; baseline 0.001 -23"><span class='ocrx_word' id='word_1_128' title='bbox 146 2009 274 2065; x_wconf 82' lang='lat' dir='ltr'><strong>adversus</strong></span> <span class='ocrx_word' id='word_1_129' title='bbox 291 2011 502 2077; x_wconf 86' lang='lat' dir='ltr'><strong>Hasdrubalem,</strong></span> <span class='ocrx_word' id='word_1_130' title='bbox 518 2014 563 2085; x_wconf 89' lang='lat' dir='ltr'><strong>qui</strong></span> <span class='ocrx_word' id='word_1_131' title='bbox 583 2033 644 2067; x_wconf 90' lang='lat' dir='ltr'><strong>cum</strong></span> <span class='ocrx_word' id='word_1_132' title='bbox 662 2014 744 2068; x_wconf 84' lang='lat' dir='ltr'><strong>altera</strong></span> <span class='ocrx_word' id='word_1_133' title='bbox 765 2033 846 2070; x_wconf 84' lang='lat' dir='ltr'><strong>manu</strong></span> <span class='ocrx_word' id='word_1_134' title='bbox 866 2014 987 2084; x_wconf 90' lang='lat' dir='ltr'><strong>iniquum</strong></span> <span class='ocrx_word' id='word_1_135' title='bbox 1002 2013 1097 2065; x_wconf 90' lang='lat' dir='ltr'><strong>saltum</strong></span> <span class='ocrx_word' id='word_1_136' title='bbox 1110 2011 1210 2063; x_wconf 59' lang='lat' dir='ltr'><strong>inse*</strong></span> 
     </span>
     <span class='ocr_line' id='line_1_16' title="bbox 147 2094 1207 2171; baseline -0.002 -23"><span class='ocrx_word' id='word_1_137' title='bbox 147 2095 237 2159; x_wconf 86' lang='lat' dir='ltr'><strong>derat,</strong></span> <span class='ocrx_word' id='word_1_138' title='bbox 254 2099 334 2151; x_wconf 86' lang='lat' dir='ltr'><strong>suasit</strong></span> <span class='ocrx_word' id='word_1_139' title='bbox 348 2099 432 2169; x_wconf 88' lang='lat' dir='ltr'><strong>primo</strong></span> <span class='ocrx_word' id='word_1_140' title='bbox 447 2100 568 2163; x_wconf 88' lang='lat' dir='ltr'><strong>consuli,</strong></span> <span class='ocrx_word' id='word_1_141' title='bbox 583 2120 617 2152; x_wconf 90' lang='lat' dir='ltr'><strong>ne</strong></span> <span class='ocrx_word' id='word_1_142' title='bbox 630 2115 684 2155; x_wconf 90' lang='lat' dir='ltr'><strong>tam</strong></span> <span class='ocrx_word' id='word_1_143' title='bbox 705 2101 796 2171; x_wconf 90' lang='lat' dir='ltr'><strong>iniquo</strong></span> <span class='ocrx_word' id='word_1_144' title='bbox 814 2099 874 2154; x_wconf 88' lang='lat' dir='ltr'><strong>loco</strong></span> <span class='ocrx_word' id='word_1_145' title='bbox 893 2097 1047 2170; x_wconf 86' lang='lat' dir='ltr'><strong>confligeret</strong></span> <span class='ocrx_word' id='word_1_146' title='bbox 1064 2113 1079 2171; x_wconf 85' lang='lat'><strong>:¹</strong></span> <span class='ocrx_word' id='word_1_147' title='bbox 1092 2094 1207 2148; x_wconf 65' lang='lat' dir='ltr'><strong>sicma</strong></span> 
     </span>
     <span class='ocr_line' id='line_1_17' title="bbox 146 2179 1206 2257; baseline -0.002 -24"><span class='ocrx_word' id='word_1_148' title='bbox 146 2179 242 2234; x_wconf 89' lang='lat' dir='ltr'><strong>deinde</strong></span> <span class='ocrx_word' id='word_1_149' title='bbox 256 2184 449 2253; x_wconf 87' lang='lat' dir='ltr'><strong>complurium,</strong></span> <span class='ocrx_word' id='word_1_150' title='bbox 463 2185 510 2255; x_wconf 95' lang='lat' dir='ltr'><strong>qui</strong></span> <span class='ocrx_word' id='word_1_151' title='bbox 524 2194 549 2237; x_wconf 92' lang='lat' dir='ltr'><strong>et</strong></span> <span class='ocrx_word' id='word_1_152' title='bbox 563 2183 709 2255; x_wconf 78' lang='lat' dir='ltr'><strong>prudentiss</strong></span> <span class='ocrx_word' id='word_1_153' title='bbox 722 2185 779 2257; x_wconf 85' lang='lat' dir='ltr'><strong>rjus</strong></span> <span class='ocrx_word' id='word_1_154' title='bbox 795 2197 820 2237; x_wconf 94' lang='lat' dir='ltr'><strong>et</strong></span> <span class='ocrx_word' id='word_1_155' title='bbox 832 2182 921 2236; x_wconf 80' lang='lat' dir='ltr'><strong>virtuti</strong></span> <span class='ocrx_word' id='word_1_156' title='bbox 935 2180 1109 2245; x_wconf 84' lang='lat' dir='ltr'><strong>invidebant,</strong></span> <span class='ocrx_word' id='word_1_157' title='bbox 1121 2197 1206 2232; x_wconf 53' lang='lat' dir='ltr'><strong>seu*</strong></span> 
     </span>
     <span class='ocr_line' id='line_1_18' title="bbox 147 2264 1199 2340; baseline -0.001 -23"><span class='ocrx_word' id='word_1_158' title='bbox 147 2266 250 2329; x_wconf 88' lang='lat' dir='ltr'><strong>tentiis,</strong></span> <span class='ocrx_word' id='word_1_159' title='bbox 270 2278 295 2319; x_wconf 91' lang='lat' dir='ltr'><strong>et</strong></span> <span class='ocrx_word' id='word_1_160' title='bbox 319 2267 374 2339; x_wconf 89' lang='lat' dir='ltr'><strong>ipse</strong></span> <span class='ocrx_word' id='word_1_161' title='bbox 396 2270 491 2321; x_wconf 89' lang='lat' dir='ltr'><strong>saltum</strong></span> <span class='ocrx_word' id='word_1_162' title='bbox 515 2269 649 2340; x_wconf 85' lang='lat' dir='ltr'><strong>ingressus</strong></span> <span class='ocrx_word' id='word_1_163' title='bbox 674 2281 729 2331; x_wconf 88' lang='lat' dir='ltr'><strong>eat;</strong></span> <span class='ocrx_word' id='word_1_164' title='bbox 751 2287 904 2340; x_wconf 88' lang='lat' dir='ltr'><strong>quumque,</strong></span> <span class='ocrx_word' id='word_1_165' title='bbox 925 2268 993 2319; x_wconf 92' lang='lat' dir='ltr'><strong>sicut</strong></span> <span class='ocrx_word' id='word_1_166' title='bbox 1009 2264 1199 2338; x_wconf 70' lang='lat' dir='ltr'><strong>predixerat,</strong></span> 
     </span>
     <span class='ocr_line' id='line_1_19' title="bbox 147 2348 1204 2423; baseline 0 -23"><span class='ocrx_word' id='word_1_167' title='bbox 147 2348 222 2400; x_wconf 78' lang='lat' dir='ltr'><strong>lusus</strong></span> <span class='ocrx_word' id='word_1_168' title='bbox 235 2350 394 2423; x_wconf 83' lang='lat' dir='ltr'><strong>fugatusque</strong></span> <span class='ocrx_word' id='word_1_169' title='bbox 407 2364 474 2404; x_wconf 90' lang='lat' dir='ltr'><strong>esset</strong></span> <span class='ocrx_word' id='word_1_170' title='bbox 488 2370 614 2405; x_wconf 86' lang='lat' dir='ltr'><strong>romanus</strong></span> <span class='ocrx_word' id='word_1_171' title='bbox 628 2353 773 2415; x_wconf 85' lang='lat' dir='ltr'><strong>exercitus,</strong></span> <span class='ocrx_word' id='word_1_172' title='bbox 789 2365 814 2404; x_wconf 90' lang='lat' dir='ltr'><strong>et</strong></span> <span class='ocrx_word' id='word_1_173' title='bbox 832 2350 892 2405; x_wconf 77' lang='lat' dir='ltr'><strong>dua</strong></span> <span class='ocrx_word' id='word_1_174' title='bbox 912 2350 1034 2403; x_wconf 89' lang='lat' dir='ltr'><strong>cobortes</strong></span> <span class='ocrx_word' id='word_1_175' title='bbox 1052 2349 1086 2402; x_wconf 88' lang='lat' dir='ltr'><strong>ab</strong></span> <span class='ocrx_word' id='word_1_176' title='bbox 1106 2348 1204 2401; x_wconf 69' lang='lat' dir='ltr'><strong>hoste</strong></span> 
     </span>
     <span class='ocr_line' id='line_1_20' title="bbox 147 2430 1205 2505; baseline -0.001 -21"><span class='ocrx_word' id='word_1_177' title='bbox 147 2431 348 2498; x_wconf 85' lang='lat' dir='ltr'><strong>obsiderentur,</strong></span> <span class='ocrx_word' id='word_1_178' title='bbox 365 2454 425 2487; x_wconf 92' lang='lat' dir='ltr'><strong>cum</strong></span> <span class='ocrx_word' id='word_1_179' title='bbox 447 2434 548 2505; x_wconf 85' lang='lat' dir='ltr'><strong>exiguis</strong></span> <span class='ocrx_word' id='word_1_180' title='bbox 571 2437 689 2505; x_wconf 87' lang='lat' dir='ltr'><strong>equitum</strong></span> <span class='ocrx_word' id='word_1_181' title='bbox 715 2435 808 2487; x_wconf 90' lang='lat' dir='ltr'><strong>turmis</strong></span> <span class='ocrx_word' id='word_1_182' title='bbox 829 2435 855 2486; x_wconf 94' lang='lat' dir='ltr'><strong>in</strong></span> <span class='ocrx_word' id='word_1_183' title='bbox 880 2434 975 2485; x_wconf 90' lang='lat' dir='ltr'><strong>saltum</strong></span> <span class='ocrx_word' id='word_1_184' title='bbox 996 2450 1134 2495; x_wconf 82' lang='lat' dir='ltr'><strong>reversus,</strong></span> <span class='ocrx_word' id='word_1_185' title='bbox 1152 2430 1205 2483; x_wconf 54' lang='lat' dir='ltr'><strong>li*</strong></span> 
     </span>
     <span class='ocr_line' id='line_1_21' title="bbox 147 2514 1206 2590; baseline 0.001 -23"><span class='ocrx_word' id='word_1_186' title='bbox 147 2514 250 2567; x_wconf 85' lang='lat' dir='ltr'><strong>beravit</strong></span> <span class='ocrx_word' id='word_1_187' title='bbox 264 2535 326 2579; x_wconf 90' lang='lat' dir='ltr'><strong>eas,</strong></span> <span class='ocrx_word' id='word_1_188' title='bbox 340 2530 366 2569; x_wconf 92' lang='lat' dir='ltr'><strong>et</strong></span> <span class='ocrx_word' id='word_1_189' title='bbox 381 2517 526 2569; x_wconf 87' lang='lat' dir='ltr'><strong>incolumes</strong></span> <span class='ocrx_word' id='word_1_190' title='bbox 542 2515 657 2570; x_wconf 87' lang='lat' dir='ltr'><strong>reduxit.</strong></span> <span class='ocrx_word' id='word_1_191' title='bbox 675 2518 763 2582; x_wconf 85' lang='lat' dir='ltr'><strong>Quam</strong></span> <span class='ocrx_word' id='word_1_192' title='bbox 778 2518 902 2570; x_wconf 88' lang='lat' dir='ltr'><strong>virtutem</strong></span> <span class='ocrx_word' id='word_1_193' title='bbox 919 2520 974 2590; x_wconf 86' lang='lat' dir='ltr'><strong>ejus</strong></span> <span class='ocrx_word' id='word_1_194' title='bbox 992 2527 1017 2568; x_wconf 91' lang='lat' dir='ltr'><strong>et</strong></span> <span class='ocrx_word' id='word_1_195' title='bbox 1037 2516 1122 2580; x_wconf 86' lang='lat' dir='ltr'><strong>Cato,</strong></span> <span class='ocrx_word' id='word_1_196' title='bbox 1142 2514 1206 2568; x_wconf 76' lang='lat' dir='ltr'><strong>vir</strong></span> 
     </span>
     <span class='ocr_line' id='line_1_22' title="bbox 147 2598 1197 2673; baseline 0 -23"><span class='ocrx_word' id='word_1_197' title='bbox 147 2599 314 2669; x_wconf 85' lang='lat' dir='ltr'><strong>promptioris</strong></span> <span class='ocrx_word' id='word_1_198' title='bbox 333 2598 368 2651; x_wconf 84' lang='lat' dir='ltr'><strong>ad</strong></span> <span class='ocrx_word' id='word_1_199' title='bbox 386 2598 592 2670; x_wconf 83' lang='lat' dir='ltr'><strong>vituperandum</strong></span> <span class='ocrx_word' id='word_1_200' title='bbox 606 2600 718 2671; x_wconf 86' lang='lat' dir='ltr'><strong>linguas,</strong></span> <span class='ocrx_word' id='word_1_201' title='bbox 734 2601 762 2652; x_wconf 90' lang='lat' dir='ltr'><strong>in</strong></span> <span class='ocrx_word' id='word_1_202' title='bbox 778 2611 871 2653; x_wconf 86' lang='lat' dir='ltr'><strong>senatu</strong></span> <span class='ocrx_word' id='word_1_203' title='bbox 889 2600 925 2653; x_wconf 89' lang='lat' dir='ltr'><strong>sic</strong></span> <span class='ocrx_word' id='word_1_204' title='bbox 937 2609 1115 2673; x_wconf 87' lang='lat' dir='ltr'><strong>prosequutus</strong></span> <span class='ocrx_word' id='word_1_205' title='bbox 1125 2609 1197 2661; x_wconf 76' lang='lat' dir='ltr'><strong>est,</strong></span> 
     </span>
     <span class='ocr_line' id='line_1_23' title="bbox 147 2681 1203 2752; baseline 0.001 -18"><span class='ocrx_word' id='word_1_206' title='bbox 147 2694 175 2734; x_wconf 93' lang='lat' dir='ltr'><strong>ut</strong></span> <span class='ocrx_word' id='word_1_207' title='bbox 189 2681 302 2746; x_wconf 87' lang='lat' dir='ltr'><strong>diceret,</strong></span> <span class='ocrx_word' id='word_1_208' title='bbox 312 2686 430 2750; x_wconf 84' lang='lat' dir='ltr'><strong>reliquos,</strong></span> <span class='ocrx_word' id='word_1_209' title='bbox 447 2687 490 2750; x_wconf 83' lang='lat' dir='ltr'><strong>qui</strong></span> <span class='ocrx_word' id='word_1_210' title='bbox 503 2686 527 2733; x_wconf 82' lang='lat' dir='ltr'><strong>in</strong></span> <span class='ocrx_word' id='word_1_211' title='bbox 542 2685 631 2752; x_wconf 80' lang='lat' dir='ltr'><strong>Africa</strong></span> <span class='ocrx_word' id='word_1_212' title='bbox 645 2687 794 2746; x_wconf 82' lang='lat' dir='ltr'><strong>militarent,</strong></span> <span class='ocrx_word' id='word_1_213' title='bbox 807 2690 905 2736; x_wconf 84' lang='lat' dir='ltr'><strong>umbras</strong></span> <span class='ocrx_word' id='word_1_214' title='bbox 918 2687 1036 2745; x_wconf 82' lang='lat' dir='ltr'><strong>militare,</strong></span> <span class='ocrx_word' id='word_1_215' title='bbox 1046 2687 1203 2752; x_wconf 63' lang='lat' dir='ltr'><strong>Septem»</strong></span> 
     </span>
     <span class='ocr_line' id='line_1_24' title="bbox 147 2764 1201 2840; baseline 0.002 -22"><span class='ocrx_word' id='word_1_216' title='bbox 147 2771 248 2836; x_wconf 49' lang='lat' dir='ltr'><strong>vigern-</strong></span> <span class='ocrx_word' id='word_1_217' title='bbox 262 2779 286 2820; x_wconf 91' lang='lat' dir='ltr'><strong>et</strong></span> <span class='ocrx_word' id='word_1_218' title='bbox 297 2764 410 2838; x_wconf 75' lang='lat' dir='ltr'><strong>populns</strong></span> <span class='ocrx_word' id='word_1_219' title='bbox 422 2786 548 2820; x_wconf 86' lang='lat' dir='ltr'><strong>romanus</strong></span> <span class='ocrx_word' id='word_1_220' title='bbox 560 2787 592 2819; x_wconf 88' lang='lat' dir='ltr'><strong>eo</strong></span> <span class='ocrx_word' id='word_1_221' title='bbox 606 2769 697 2822; x_wconf 88' lang='lat' dir='ltr'><strong>favore</strong></span> <span class='ocrx_word' id='word_1_222' title='bbox 710 2770 878 2840; x_wconf 86' lang='lat' dir='ltr'><strong>complexus,</strong></span> <span class='ocrx_word' id='word_1_223' title='bbox 893 2780 923 2821; x_wconf 93' lang='lat' dir='ltr'><strong>ut</strong></span> <span class='ocrx_word' id='word_1_224' title='bbox 936 2767 1049 2820; x_wconf 90' lang='lat' dir='ltr'><strong>comitiis</strong></span> <span class='ocrx_word' id='word_1_225' title='bbox 1062 2767 1201 2838; x_wconf 66' lang='lat' dir='ltr'><strong>plurimu</strong></span> 
     </span>
     <span class='ocr_line' id='line_1_25' title="bbox 148 2851 1193 2925; baseline 0.002 -21"><span class='ocrx_word' id='word_1_226' title='bbox 148 2870 209 2904; x_wconf 89' lang='lat' dir='ltr'><strong>eum</strong></span> <span class='ocrx_word' id='word_1_227' title='bbox 228 2851 311 2905; x_wconf 89' lang='lat' dir='ltr'><strong>tribus</strong></span> <span class='ocrx_word' id='word_1_228' title='bbox 329 2852 464 2904; x_wconf 90' lang='lat' dir='ltr'><strong>consulem</strong></span> <span class='ocrx_word' id='word_1_229' title='bbox 481 2852 640 2915; x_wconf 80' lang='lat' dir='ltr'><strong>scriberent,</strong></span> <span class='ocrx_word' id='word_1_230' title='bbox 656 2871 740 2924; x_wconf 89' lang='lat' dir='ltr'><strong>quum</strong></span> <span class='ocrx_word' id='word_1_231' title='bbox 758 2853 810 2906; x_wconf 93' lang='lat' dir='ltr'><strong>hoc</strong></span> <span class='ocrx_word' id='word_1_232' title='bbox 829 2871 877 2925; x_wconf 89' lang='lat' dir='ltr'><strong>per</strong></span> <span class='ocrx_word' id='word_1_233' title='bbox 893 2863 995 2906; x_wconf 80' lang='lat' dir='ltr'><strong>atatem</strong></span> <span class='ocrx_word' id='word_1_234' title='bbox 1010 2870 1066 2904; x_wconf 89' lang='lat' dir='ltr'><strong>uon</strong></span> <span class='ocrx_word' id='word_1_235' title='bbox 1083 2851 1193 2906; x_wconf 79' lang='lat' dir='ltr'><strong>liceret-</strong></span> 
     </span>
     <span class='ocr_line' id='line_1_26' title="bbox 146 2936 1203 3009; baseline 0 -21"><span class='ocrx_word' id='word_1_236' title='bbox 146 2936 238 3000; x_wconf 86' lang='lat' dir='ltr'><strong>Quum</strong></span> <span class='ocrx_word' id='word_1_237' title='bbox 250 2939 281 2990; x_wconf 91' lang='lat' dir='ltr'><strong>L.</strong></span> <span class='ocrx_word' id='word_1_238' title='bbox 295 2937 448 2991; x_wconf 86' lang='lat' dir='ltr'><strong>Scribonius</strong></span> <span class='ocrx_word' id='word_1_239' title='bbox 463 2936 584 2990; x_wconf 85' lang='lat' dir='ltr'><strong>tribunus</strong></span> <span class='ocrx_word' id='word_1_240' title='bbox 596 2937 679 3008; x_wconf 88' lang='lat' dir='ltr'><strong>plebis</strong></span> <span class='ocrx_word' id='word_1_241' title='bbox 689 2937 854 3009; x_wconf 88' lang='lat' dir='ltr'><strong>rogationem</strong></span> <span class='ocrx_word' id='word_1_242' title='bbox 867 2938 1077 3008; x_wconf 83' lang='lat' dir='ltr'><strong>promulgasset,</strong></span> <span class='ocrx_word' id='word_1_243' title='bbox 1089 2947 1121 2990; x_wconf 88' lang='lat' dir='ltr'><strong>ut</strong></span> <span class='ocrx_word' id='word_1_244' title='bbox 1131 2936 1203 2988; x_wconf 74' lang='lat' dir='ltr'><strong>Lu-</strong></span> 
     </span>
     <span class='ocr_line' id='line_1_27' title="bbox 148 3019 1202 3093; baseline -0.001 -19"><span class='ocrx_word' id='word_1_245' title='bbox 148 3020 243 3084; x_wconf 83' lang='lat' dir='ltr'><strong>sitani,</strong></span> <span class='ocrx_word' id='word_1_246' title='bbox 257 3021 322 3092; x_wconf 89' lang='lat' dir='ltr'><strong>qui,</strong></span> <span class='ocrx_word' id='word_1_247' title='bbox 343 3021 371 3072; x_wconf 90' lang='lat' dir='ltr'><strong>in</strong></span> <span class='ocrx_word' id='word_1_248' title='bbox 387 3019 466 3073; x_wconf 85' lang='lat' dir='ltr'><strong>fidern</strong></span> <span class='ocrx_word' id='word_1_249' title='bbox 487 3021 580 3093; x_wconf 88' lang='lat' dir='ltr'><strong>populi</strong></span> <span class='ocrx_word' id='word_1_250' title='bbox 599 3023 703 3075; x_wconf 89' lang='lat' dir='ltr'><strong>romani</strong></span> <span class='ocrx_word' id='word_1_251' title='bbox 720 3021 821 3086; x_wconf 86' lang='lat' dir='ltr'><strong>dediti,</strong></span> <span class='ocrx_word' id='word_1_252' title='bbox 837 3041 853 3075; x_wconf 87' lang='lat' dir='ltr'><strong>a</strong></span> <span class='ocrx_word' id='word_1_253' title='bbox 870 3022 927 3075; x_wconf 87' lang='lat' dir='ltr'><strong>Ser.</strong></span> <span class='ocrx_word' id='word_1_254' title='bbox 944 3021 1031 3074; x_wconf 82' lang='lat' dir='ltr'><strong>Galba</strong></span> <span class='ocrx_word' id='word_1_255' title='bbox 1048 3021 1078 3073; x_wconf 92' lang='lat' dir='ltr'><strong>in</strong></span> <span class='ocrx_word' id='word_1_256' title='bbox 1097 3019 1202 3074; x_wconf 61' lang='lat' dir='ltr'><strong>cattia</strong></span> 
     </span>
     <span class='ocr_line' id='line_1_28' title="bbox 148 3103 1207 3169; baseline -0.002 -11"><span class='ocrx_word' id='word_1_257' title='bbox 148 3107 300 3167; x_wconf 83' lang='lat' dir='ltr'><strong>venissent,</strong></span> <span class='ocrx_word' id='word_1_258' title='bbox 317 3104 343 3157; x_wconf 91' lang='lat' dir='ltr'><strong>in</strong></span> <span class='ocrx_word' id='word_1_259' title='bbox 358 3107 504 3158; x_wconf 87' lang='lat' dir='ltr'><strong>libertatem</strong></span> <span class='ocrx_word' id='word_1_260' title='bbox 517 3105 731 3169; x_wconf 86' lang='lat' dir='ltr'><strong>restituerentur,</strong></span> <span class='ocrx_word' id='word_1_261' title='bbox 750 3106 789 3157; x_wconf 74' lang='lat' dir='ltr'><strong>nt.</strong></span> <span class='ocrx_word' id='word_1_262' title='bbox 804 3107 870 3158; x_wconf 85' lang='lat' dir='ltr'><strong>Cato</strong></span> <span class='ocrx_word' id='word_1_263' title='bbox 884 3104 1013 3158; x_wconf 85' lang='lat' dir='ltr'><strong>acerrime</strong></span> <span class='ocrx_word' id='word_1_264' title='bbox 1026 3103 1109 3158; x_wconf 88' lang='lat' dir='ltr'><strong>suasit</strong></span> <span class='ocrx_word' id='word_1_265' title='bbox 1123 3121 1131 3156; x_wconf 91' lang='lat'><strong>:</strong></span> <span class='ocrx_word' id='word_1_266' title='bbox 1145 3121 1207 3156; x_wconf 66' lang='lat' dir='ltr'><strong>eae</strong></span> 
     </span>
     <span class='ocr_line' id='line_1_29' title="bbox 149 3187 1204 3261; baseline 0 -20"><span class='ocrx_word' id='word_1_267' title='bbox 149 3197 200 3241; x_wconf 79' lang='lat' dir='ltr'><strong>stat</strong></span> <span class='ocrx_word' id='word_1_268' title='bbox 213 3189 298 3241; x_wconf 90' lang='lat' dir='ltr'><strong>oratio</strong></span> <span class='ocrx_word' id='word_1_269' title='bbox 309 3189 336 3240; x_wconf 94' lang='lat' dir='ltr'><strong>in</strong></span> <span class='ocrx_word' id='word_1_270' title='bbox 351 3188 498 3241; x_wconf 81' lang='lat' dir='ltr'><strong>Annalibus</strong></span> <span class='ocrx_word' id='word_1_271' title='bbox 511 3191 570 3261; x_wconf 85' lang='lat' dir='ltr'><strong>ejus</strong></span> <span class='ocrx_word' id='word_1_272' title='bbox 583 3189 695 3243; x_wconf 85' lang='lat' dir='ltr'><strong>inclusa.</strong></span> <span class='ocrx_word' id='word_1_273' title='bbox 710 3191 744 3255; x_wconf 88' lang='lat' dir='ltr'><strong>Q.</strong></span> <span class='ocrx_word' id='word_1_274' title='bbox 759 3190 869 3242; x_wconf 87' lang='lat' dir='ltr'><strong>Fulvius</strong></span> <span class='ocrx_word' id='word_1_275' title='bbox 879 3188 1017 3251; x_wconf 84' lang='lat' dir='ltr'><strong>Nobilior,</strong></span> <span class='ocrx_word' id='word_1_276' title='bbox 1031 3199 1058 3240; x_wconf 86' lang='lat' dir='ltr'><strong>et</strong></span> <span class='ocrx_word' id='word_1_277' title='bbox 1071 3207 1141 3260; x_wconf 73' lang='lat' dir='ltr'><strong>sape</strong></span> <span class='ocrx_word' id='word_1_278' title='bbox 1154 3187 1204 3241; x_wconf 70' lang='lat' dir='ltr'><strong>ab</strong></span> 
     </span>
     <span class='ocr_line' id='line_1_30' title="bbox 148 3271 1204 3346; baseline 0.001 -22"><span class='ocrx_word' id='word_1_279' title='bbox 148 3272 217 3325; x_wconf 87' lang='lat' dir='ltr'><strong>eoin</strong></span> <span class='ocrx_word' id='word_1_280' title='bbox 230 3285 322 3325; x_wconf 88' lang='lat' dir='ltr'><strong>senatu</strong></span> <span class='ocrx_word' id='word_1_281' title='bbox 331 3273 476 3335; x_wconf 85' lang='lat' dir='ltr'><strong>laceratus,</strong></span> <span class='ocrx_word' id='word_1_282' title='bbox 488 3272 626 3346; x_wconf 85' lang='lat' dir='ltr'><strong>respondit</strong></span> <span class='ocrx_word' id='word_1_283' title='bbox 635 3292 684 3345; x_wconf 88' lang='lat' dir='ltr'><strong>pro</strong></span> <span class='ocrx_word' id='word_1_284' title='bbox 695 3273 781 3327; x_wconf 85' lang='lat' dir='ltr'><strong>Galba</strong></span> <span class='ocrx_word' id='word_1_285' title='bbox 793 3291 800 3325; x_wconf 73' lang='grc' dir='ltr'><strong>ε</strong></span> <span class='ocrx_word' id='word_1_286' title='bbox 810 3273 865 3346; x_wconf 87' lang='lat' dir='ltr'><strong>ipsc</strong></span> <span class='ocrx_word' id='word_1_287' title='bbox 875 3291 981 3345; x_wconf 88' lang='lat' dir='ltr'><strong>quoque</strong></span> <span class='ocrx_word' id='word_1_288' title='bbox 989 3271 1093 3337; x_wconf 81' lang='lat' dir='ltr'><strong>Galba,</strong></span> <span class='ocrx_word' id='word_1_289' title='bbox 1102 3290 1204 3343; x_wconf 70' lang='lat' dir='ltr'><strong>quum</strong></span> 
     </span>
     <span class='ocr_line' id='line_1_31' title="bbox 149 3353 1207 3430; baseline 0.002 -22"><span class='ocrx_word' id='word_1_290' title='bbox 149 3374 177 3408; x_wconf 93' lang='lat' dir='ltr'><strong>se</strong></span> <span class='ocrx_word' id='word_1_291' title='bbox 198 3355 319 3409; x_wconf 89' lang='lat' dir='ltr'><strong>damnari</strong></span> <span class='ocrx_word' id='word_1_292' title='bbox 340 3356 456 3420; x_wconf 84' lang='lat' dir='ltr'><strong>videret,</strong></span> <span class='ocrx_word' id='word_1_293' title='bbox 472 3358 625 3430; x_wconf 88' lang='lat' dir='ltr'><strong>complexus</strong></span> <span class='ocrx_word' id='word_1_294' title='bbox 646 3357 714 3411; x_wconf 89' lang='lat' dir='ltr'><strong>dnos</strong></span> <span class='ocrx_word' id='word_1_295' title='bbox 734 3358 804 3411; x_wconf 83' lang='lat' dir='ltr'><strong>lilios</strong></span> <span class='ocrx_word' id='word_1_296' title='bbox 825 3368 1007 3429; x_wconf 72' lang='lat' dir='ltr'><strong>praetextatos,</strong></span> <span class='ocrx_word' id='word_1_297' title='bbox 1031 3367 1057 3410; x_wconf 87' lang='lat' dir='ltr'><strong>et</strong></span> <span class='ocrx_word' id='word_1_298' title='bbox 1077 3353 1207 3428; x_wconf 67' lang='lat' dir='ltr'><strong>Sulpicii</strong></span> 
     </span>
     <span class='ocr_line' id='line_1_32' title="bbox 151 3438 1203 3514; baseline 0.001 -23"><span class='ocrx_word' id='word_1_299' title='bbox 151 3438 220 3492; x_wconf 81' lang='lat' dir='ltr'><strong>Galli</strong></span> <span class='ocrx_word' id='word_1_300' title='bbox 234 3440 335 3504; x_wconf 77' lang='lat' dir='ltr'><strong>fitium,</strong></span> <span class='ocrx_word' id='word_1_301' title='bbox 351 3444 426 3514; x_wconf 87' lang='lat' dir='ltr'><strong>cujus</strong></span> <span class='ocrx_word' id='word_1_302' title='bbox 437 3453 509 3494; x_wconf 87' lang='lat' dir='ltr'><strong>tutor</strong></span> <span class='ocrx_word' id='word_1_303' title='bbox 518 3455 589 3506; x_wconf 87' lang='lat' dir='ltr'><strong>erat,</strong></span> <span class='ocrx_word' id='word_1_304' title='bbox 604 3444 640 3496; x_wconf 88' lang='lat' dir='ltr'><strong>ita</strong></span> <span class='ocrx_word' id='word_1_305' title='bbox 653 3442 837 3496; x_wconf 72' lang='lat' dir='ltr'><strong>mismabiliter</strong></span> <span class='ocrx_word' id='word_1_306' title='bbox 847 3460 896 3514; x_wconf 93' lang='lat' dir='ltr'><strong>pro</strong></span> <span class='ocrx_word' id='word_1_307' title='bbox 907 3460 935 3493; x_wconf 89' lang='lat' dir='ltr'><strong>se</strong></span> <span class='ocrx_word' id='word_1_308' title='bbox 947 3441 1075 3512; x_wconf 88' lang='lat' dir='ltr'><strong>loquutus</strong></span> <span class='ocrx_word' id='word_1_309' title='bbox 1088 3450 1144 3503; x_wconf 85' lang='lat' dir='ltr'><strong>eat,</strong></span> <span class='ocrx_word' id='word_1_310' title='bbox 1159 3451 1203 3492; x_wconf 76' lang='lat' dir='ltr'><strong>ut</strong></span> 
     </span>
     <span class='ocr_line' id='line_1_33' title="bbox 149 3524 1201 3599; baseline 0.002 -23"><span class='ocrx_word' id='word_1_311' title='bbox 149 3524 253 3593; x_wconf 81' lang='lat' dir='ltr'><strong>rogatio</strong></span> <span class='ocrx_word' id='word_1_312' title='bbox 267 3525 466 3595; x_wconf 85' lang='lat' dir='ltr'><strong>antiquaretur:</strong></span> <span class='ocrx_word' id='word_1_313' title='bbox 479 3539 580 3580; x_wconf 85' lang='lat' dir='ltr'><strong>exstant</strong></span> <span class='ocrx_word' id='word_1_314' title='bbox 591 3540 643 3582; x_wconf 88' lang='lat' dir='ltr'><strong>tres</strong></span> <span class='ocrx_word' id='word_1_315' title='bbox 655 3528 787 3588; x_wconf 85' lang='lat' dir='ltr'><strong>orationes</strong></span> <span class='ocrx_word' id='word_1_316' title='bbox 801 3530 875 3599; x_wconf 81' lang='lat' dir='ltr'><strong>ejus3</strong></span> <span class='ocrx_word' id='word_1_317' title='bbox 890 3525 950 3580; x_wconf 80' lang='lat' dir='ltr'><strong>dun</strong></span> <span class='ocrx_word' id='word_1_318' title='bbox 964 3524 1093 3580; x_wconf 81' lang='lat' dir='ltr'><strong>adversus</strong></span> <span class='ocrx_word' id='word_1_319' title='bbox 1107 3525 1201 3578; x_wconf 66' lang='lat' dir='ltr'><strong>[thoe</strong></span> 
     </span>
     <span class='ocr_line' id='line_1_34' title="bbox 149 3609 1201 3688; baseline 0.001 -27"><span class='ocrx_word' id='word_1_320' title='bbox 149 3626 212 3661; x_wconf 77' lang='lat' dir='ltr'><strong>netu</strong></span> <span class='ocrx_word' id='word_1_321' title='bbox 228 3609 365 3660; x_wconf 86' lang='lat' dir='ltr'><strong>tribunum</strong></span> <span class='ocrx_word' id='word_1_322' title='bbox 382 3610 464 3680; x_wconf 87' lang='lat' dir='ltr'><strong>plebis</strong></span> <span class='ocrx_word' id='word_1_323' title='bbox 477 3612 698 3686; x_wconf 82' lang='lat' dir='ltr'><strong>rogationemque</strong></span> <span class='ocrx_word' id='word_1_324' title='bbox 711 3617 766 3688; x_wconf 84' lang='lat' dir='ltr'><strong>ejus</strong></span> <span class='ocrx_word' id='word_1_325' title='bbox 774 3651 782 3676; x_wconf 92' lang='lat'><strong>,</strong></span> <span class='ocrx_word' id='word_1_326' title='bbox 797 3610 896 3665; x_wconf 76' lang='lat' dir='ltr'><strong>habita</strong></span> <span class='ocrx_word' id='word_1_327' title='bbox 912 3610 946 3663; x_wconf 91' lang='lat' dir='ltr'><strong>de</strong></span> <span class='ocrx_word' id='word_1_328' title='bbox 960 3609 1095 3663; x_wconf 86' lang='lat' dir='ltr'><strong>Lusitanis</strong></span> <span class='ocrx_word' id='word_1_329' title='bbox 1108 3627 1117 3673; x_wconf 70' lang='grc' dir='ltr'><strong>ς</strong></span> <span class='ocrx_word' id='word_1_330' title='bbox 1135 3629 1201 3663; x_wconf 63' lang='lat' dir='ltr'><strong>unu</strong></span> 
     </span>
     <span class='ocr_line' id='line_1_35' title="bbox 114 3694 1201 3770; baseline -0.001 -23"><span class='ocrx_word' id='word_1_331' title='bbox 114 3726 116 3730; x_wconf 34' lang='grc' dir='ltr'><em>ν</em></span> <span class='ocrx_word' id='word_1_332' title='bbox 150 3706 241 3747; x_wconf 81' lang='lat' dir='ltr'><strong>contra</strong></span> <span class='ocrx_word' id='word_1_333' title='bbox 256 3696 287 3746; x_wconf 91' lang='lat' dir='ltr'><strong>L.</strong></span> <span class='ocrx_word' id='word_1_334' title='bbox 299 3694 453 3748; x_wconf 89' lang='lat' dir='ltr'><strong>Cornelium</strong></span> <span class='ocrx_word' id='word_1_335' title='bbox 465 3697 627 3770; x_wconf 87' lang='lat' dir='ltr'><strong>Cethegum,</strong></span> <span class='ocrx_word' id='word_1_336' title='bbox 644 3701 739 3770; x_wconf 90' lang='lat' dir='ltr'><strong>inqua</strong></span> <span class='ocrx_word' id='word_1_337' title='bbox 752 3697 893 3751; x_wconf 80' lang='lat' dir='ltr'><strong>Lusitanos</strong></span> <span class='ocrx_word' id='word_1_338' title='bbox 906 3707 1013 3767; x_wconf 86' lang='lat' dir='ltr'><strong>propter</strong></span> <span class='ocrx_word' id='word_1_339' title='bbox 1027 3711 1084 3746; x_wconf 85' lang='lat' dir='ltr'><strong>sese</strong></span> <span class='ocrx_word' id='word_1_340' title='bbox 1098 3707 1201 3747; x_wconf 70' lang='lat' dir='ltr'><strong>castra</strong></span> 
     </span>
     <span class='ocr_line' id='line_1_36' title="bbox 149 3775 1202 3856; baseline 0.003 -29"><span class='ocrx_word' id='word_1_341' title='bbox 149 3775 277 3829; x_wconf 88' lang='lat' dir='ltr'><strong>babentes</strong></span> <span class='ocrx_word' id='word_1_342' title='bbox 288 3797 368 3831; x_wconf 86' lang='lat' dir='ltr'><strong>caesos</strong></span> <span class='ocrx_word' id='word_1_343' title='bbox 380 3779 486 3844; x_wconf 80' lang='lat' dir='ltr'><strong>fatetur,</strong></span> <span class='ocrx_word' id='word_1_344' title='bbox 496 3780 570 3852; x_wconf 90' lang='lat' dir='ltr'><strong>quod</strong></span> <span class='ocrx_word' id='word_1_345' title='bbox 581 3795 746 3856; x_wconf 79' lang='lat' dir='ltr'><strong>compertum</strong></span> <span class='ocrx_word' id='word_1_346' title='bbox 756 3781 897 3844; x_wconf 87' lang='lat' dir='ltr'><strong>babuerit,</strong></span> <span class='ocrx_word' id='word_1_347' title='bbox 912 3797 981 3851; x_wconf 90' lang='lat' dir='ltr'><strong>equo</strong></span> <span class='ocrx_word' id='word_1_348' title='bbox 990 3790 1071 3849; x_wconf 88' lang='lat' dir='ltr'><strong>atque</strong></span> <span class='ocrx_word' id='word_1_349' title='bbox 1079 3776 1202 3831; x_wconf 71' lang='lat' dir='ltr'><strong>homine</strong></span> 
     </span>
     <span class='ocr_line' id='line_1_37' title="bbox 151 3860 1203 3939; baseline 0.004 -27"><span class='ocrx_word' id='word_1_350' title='bbox 151 3880 200 3913; x_wconf 87' lang='lat' dir='ltr'><strong>suo</strong></span> <span class='ocrx_word' id='word_1_351' title='bbox 213 3860 266 3914; x_wconf 89' lang='lat' dir='ltr'><strong>ritu</strong></span> <span class='ocrx_word' id='word_1_352' title='bbox 276 3863 418 3916; x_wconf 88' lang='lat' dir='ltr'><strong>immolatis</strong></span> <span class='ocrx_word' id='word_1_353' title='bbox 428 3901 436 3927; x_wconf 90' lang='lat'><strong>,</strong></span> <span class='ocrx_word' id='word_1_354' title='bbox 446 3882 494 3937; x_wconf 87' lang='lat' dir='ltr'><strong>per</strong></span> <span class='ocrx_word' id='word_1_355' title='bbox 504 3867 617 3938; x_wconf 86' lang='lat' dir='ltr'><strong>speciem</strong></span> <span class='ocrx_word' id='word_1_356' title='bbox 628 3868 700 3939; x_wconf 83' lang='lat' dir='ltr'><strong>pacis</strong></span> <span class='ocrx_word' id='word_1_357' title='bbox 711 3866 808 3920; x_wconf 85' lang='lat' dir='ltr'><strong>adoriri</strong></span> <span class='ocrx_word' id='word_1_358' title='bbox 818 3866 960 3919; x_wconf 83' lang='lat' dir='ltr'><strong>exercitum</strong></span> <span class='ocrx_word' id='word_1_359' title='bbox 969 3881 1047 3915; x_wconf 89' lang='lat' dir='ltr'><strong>snum</strong></span> <span class='ocrx_word' id='word_1_360' title='bbox 1056 3863 1087 3915; x_wconf 89' lang='lat' dir='ltr'><strong>in</strong></span> <span class='ocrx_word' id='word_1_361' title='bbox 1098 3862 1203 3916; x_wconf 69' lang='lat' dir='ltr'><strong>enimv</strong></span> 
     </span>
     <span class='ocr_line' id='line_1_38' title="bbox 150 3944 1199 4022; baseline 0.006 -26"><span class='ocrx_word' id='word_1_362' title='bbox 150 3944 283 3999; x_wconf 87' lang='lat' dir='ltr'><strong>habuisse.</strong></span> <span class='ocrx_word' id='word_1_363' title='bbox 301 3947 447 4002; x_wconf 81' lang='lat' dir='ltr'><strong>Andriscus</strong></span> <span class='ocrx_word' id='word_1_364' title='bbox 468 3949 595 4022; x_wconf 86' lang='lat' dir='ltr'><strong>quidam,</strong></span> <span class='ocrx_word' id='word_1_365' title='bbox 618 3950 717 4004; x_wconf 75' lang='lat' dir='ltr'><strong>ultima</strong></span> <span class='ocrx_word' id='word_1_366' title='bbox 738 3951 815 4003; x_wconf 88' lang='lat' dir='ltr'><strong>sortis</strong></span> <span class='ocrx_word' id='word_1_367' title='bbox 838 3950 937 4012; x_wconf 86' lang='lat' dir='ltr'><strong>borno,</strong></span> <span class='ocrx_word' id='word_1_368' title='bbox 959 3947 1047 3999; x_wconf 83' lang='lat' dir='ltr'><strong>Persei</strong></span> <span class='ocrx_word' id='word_1_369' title='bbox 1068 3946 1142 4018; x_wconf 87' lang='lat' dir='ltr'><strong>regis</strong></span> <span class='ocrx_word' id='word_1_370' title='bbox 1162 3967 1199 4002; x_wconf 77' lang='lat' dir='ltr'><strong>se</strong></span> 
     </span>
     <span class='ocr_line' id='line_1_39' title="bbox 151 4029 1206 4107; baseline 0.002 -24"><span class='ocrx_word' id='word_1_371' title='bbox 151 4029 235 4084; x_wconf 86' lang='lat' dir='ltr'><strong>lilium</strong></span> <span class='ocrx_word' id='word_1_372' title='bbox 255 4034 358 4098; x_wconf 88' lang='lat' dir='ltr'><strong>ferens,</strong></span> <span class='ocrx_word' id='word_1_373' title='bbox 377 4047 403 4086; x_wconf 90' lang='lat' dir='ltr'><strong>et</strong></span> <span class='ocrx_word' id='word_1_374' title='bbox 421 4047 523 4088; x_wconf 88' lang='lat' dir='ltr'><strong>mutato</strong></span> <span class='ocrx_word' id='word_1_375' title='bbox 541 4037 649 4089; x_wconf 81' lang='lat' dir='ltr'><strong>nomine</strong></span> <span class='ocrx_word' id='word_1_376' title='bbox 668 4033 804 4107; x_wconf 88' lang='lat' dir='ltr'><strong>Philippus</strong></span> <span class='ocrx_word' id='word_1_377' title='bbox 820 4045 947 4096; x_wconf 82' lang='lat' dir='ltr'><strong>vocatus,</strong></span> <span class='ocrx_word' id='word_1_378' title='bbox 966 4049 1050 4104; x_wconf 90' lang='lat' dir='ltr'><strong>quum</strong></span> <span class='ocrx_word' id='word_1_379' title='bbox 1069 4033 1106 4086; x_wconf 90' lang='lat' dir='ltr'><strong>ab</strong></span> <span class='ocrx_word' id='word_1_380' title='bbox 1123 4032 1206 4085; x_wconf 62' lang='lat' dir='ltr'><strong>urbo</strong></span> 
     </span>
     <span class='ocr_line' id='line_1_40' title="bbox 151 4113 1199 4191; baseline -0.001 -23"><span class='ocrx_word' id='word_1_381' title='bbox 151 4133 276 4180; x_wconf 86' lang='lat' dir='ltr'><strong>ronrana,</strong></span> <span class='ocrx_word' id='word_1_382' title='bbox 290 4137 344 4190; x_wconf 91' lang='lat' dir='ltr'><strong>quo</strong></span> <span class='ocrx_word' id='word_1_383' title='bbox 358 4119 432 4172; x_wconf 89' lang='lat' dir='ltr'><strong>illurn</strong></span> <span class='ocrx_word' id='word_1_384' title='bbox 447 4120 611 4182; x_wconf 88' lang='lat' dir='ltr'><strong>Demetrius,</strong></span> <span class='ocrx_word' id='word_1_385' title='bbox 623 4118 703 4191; x_wconf 77' lang='lat' dir='ltr'><strong>Syriae</strong></span> <span class='ocrx_word' id='word_1_386' title='bbox 715 4137 777 4182; x_wconf 87' lang='lat' dir='ltr'><strong>rex,</strong></span> <span class='ocrx_word' id='word_1_387' title='bbox 795 4119 830 4170; x_wconf 93' lang='lat' dir='ltr'><strong>ob</strong></span> <span class='ocrx_word' id='word_1_388' title='bbox 844 4117 896 4169; x_wconf 91' lang='lat' dir='ltr'><strong>boc</strong></span> <span class='ocrx_word' id='word_1_389' title='bbox 915 4115 1003 4189; x_wconf 85' lang='lat' dir='ltr'><strong>ipsum</strong></span> <span class='ocrx_word' id='word_1_390' title='bbox 1015 4113 1199 4169; x_wconf 75' lang='lat' dir='ltr'><strong>mendacium</strong></span> 
     </span>
     <span class='ocr_line' id='line_1_41' title="bbox 151 4195 1200 4276; baseline -0.002 -22"><span class='ocrx_word' id='word_1_391' title='bbox 151 4201 272 4264; x_wconf 87' lang='lat' dir='ltr'><strong>miserat,</strong></span> <span class='ocrx_word' id='word_1_392' title='bbox 289 4203 357 4256; x_wconf 87' lang='lat' dir='ltr'><strong>clam</strong></span> <span class='ocrx_word' id='word_1_393' title='bbox 373 4204 550 4276; x_wconf 78' lang='lat' dir='ltr'><strong>profugisset,</strong></span> <span class='ocrx_word' id='word_1_394' title='bbox 568 4203 659 4255; x_wconf 87' lang='lat' dir='ltr'><strong>multis</strong></span> <span class='ocrx_word' id='word_1_395' title='bbox 677 4201 712 4255; x_wconf 86' lang='lat' dir='ltr'><strong>ad</strong></span> <span class='ocrx_word' id='word_1_396' title='bbox 730 4201 824 4256; x_wconf 79' lang='lat' dir='ltr'><strong>falsam</strong></span> <span class='ocrx_word' id='word_1_397' title='bbox 842 4202 899 4272; x_wconf 87' lang='lat' dir='ltr'><strong>ejus</strong></span> <span class='ocrx_word' id='word_1_398' title='bbox 917 4199 1052 4262; x_wconf 82' lang='lat' dir='ltr'><strong>fabulam,</strong></span> <span class='ocrx_word' id='word_1_399' title='bbox 1070 4195 1200 4252; x_wconf 75' lang='lat' dir='ltr'><strong>velutad</strong></span> 
     </span>
     <span class='ocr_line' id='line_1_42' title="bbox 153 4283 1201 4351; baseline 0.001 -15"><span class='ocrx_word' id='word_1_400' title='bbox 153 4304 254 4350; x_wconf 84' lang='lat' dir='ltr'><strong>veram,</strong></span> <span class='ocrx_word' id='word_1_401' title='bbox 267 4289 439 4351; x_wconf 89' lang='lat' dir='ltr'><strong>coeuntibus,</strong></span> <span class='ocrx_word' id='word_1_402' title='bbox 453 4299 590 4340; x_wconf 87' lang='lat' dir='ltr'><strong>contracto</strong></span> <span class='ocrx_word' id='word_1_403' title='bbox 599 4287 730 4351; x_wconf 83' lang='lat' dir='ltr'><strong>exercitu,</strong></span> <span class='ocrx_word' id='word_1_404' title='bbox 742 4299 824 4340; x_wconf 90' lang='lat' dir='ltr'><strong>totam</strong></span> <span class='ocrx_word' id='word_1_405' title='bbox 835 4283 1022 4339; x_wconf 85' lang='lat' dir='ltr'><strong>Macedoniam</strong></span> <span class='ocrx_word' id='word_1_406' title='bbox 1033 4295 1081 4336; x_wconf 87' lang='lat' dir='ltr'><strong>aut</strong></span> <span class='ocrx_word' id='word_1_407' title='bbox 1093 4283 1201 4337; x_wconf 77' lang='lat' dir='ltr'><strong>volun-</strong></span> 
     </span>
     <span class='ocr_line' id='line_1_43' title="bbox 154 4366 1195 4444; baseline 0 -23"><span class='ocrx_word' id='word_1_408' title='bbox 154 4381 207 4422; x_wconf 87' lang='lat' dir='ltr'><strong>tate</strong></span> <span class='ocrx_word' id='word_1_409' title='bbox 219 4370 406 4436; x_wconf 82' lang='lat' dir='ltr'><strong>incolentium,</strong></span> <span class='ocrx_word' id='word_1_410' title='bbox 418 4384 463 4425; x_wconf 84' lang='lat' dir='ltr'><strong>aut</strong></span> <span class='ocrx_word' id='word_1_411' title='bbox 475 4373 554 4426; x_wconf 87' lang='lat' dir='ltr'><strong>armis</strong></span> <span class='ocrx_word' id='word_1_412' title='bbox 563 4372 713 4444; x_wconf 83' lang='lat' dir='ltr'><strong>occupavit.</strong></span> <span class='ocrx_word' id='word_1_413' title='bbox 724 4369 852 4424; x_wconf 83' lang='lat' dir='ltr'><strong>Fabulam</strong></span> <span class='ocrx_word' id='word_1_414' title='bbox 865 4379 953 4422; x_wconf 86' lang='lat' dir='ltr'><strong>antem</strong></span> <span class='ocrx_word' id='word_1_415' title='bbox 965 4366 1045 4420; x_wconf 90' lang='lat' dir='ltr'><strong>talem</strong></span> <span class='ocrx_word' id='word_1_416' title='bbox 1055 4366 1195 4422; x_wconf 81' lang='lat' dir='ltr'><strong>finxerat:</strong></span> 
     </span>
     <span class='ocr_line' id='line_1_44' title="bbox 154 4452 1200 4528; baseline -0.003 -21"><span class='ocrx_word' id='word_1_417' title='bbox 154 4473 185 4507; x_wconf 84' lang='lat' dir='ltr'><strong>ex</strong></span> <span class='ocrx_word' id='word_1_418' title='bbox 197 4455 292 4526; x_wconf 84' lang='lat' dir='ltr'><strong>pellice</strong></span> <span class='ocrx_word' id='word_1_419' title='bbox 302 4477 329 4510; x_wconf 92' lang='lat' dir='ltr'><strong>se</strong></span> <span class='ocrx_word' id='word_1_420' title='bbox 342 4468 367 4510; x_wconf 88' lang='lat' dir='ltr'><strong>ct</strong></span> <span class='ocrx_word' id='word_1_421' title='bbox 381 4457 476 4510; x_wconf 86' lang='lat' dir='ltr'><strong>Perseo</strong></span> <span class='ocrx_word' id='word_1_422' title='bbox 486 4475 546 4528; x_wconf 89' lang='lat' dir='ltr'><strong>rege</strong></span> <span class='ocrx_word' id='word_1_423' title='bbox 562 4468 664 4519; x_wconf 86' lang='lat' dir='ltr'><strong>ortum,</strong></span> <span class='ocrx_word' id='word_1_424' title='bbox 677 4453 804 4508; x_wconf 86' lang='lat' dir='ltr'><strong>traditum</strong></span> <span class='ocrx_word' id='word_1_425' title='bbox 819 4452 987 4506; x_wconf 89' lang='lat' dir='ltr'><strong>educandum</strong></span> <span class='ocrx_word' id='word_1_426' title='bbox 1002 4452 1125 4505; x_wconf 90' lang='lat' dir='ltr'><strong>Cretensi</strong></span> <span class='ocrx_word' id='word_1_427' title='bbox 1136 4453 1200 4505; x_wconf 84' lang='lat' dir='ltr'><strong>cui-</strong></span> 
     </span>
     <span class='ocr_line' id='line_1_45' title="bbox 155 4533 1194 4612; baseline -0.001 -21"><span class='ocrx_word' id='word_1_428' title='bbox 155 4537 217 4592; x_wconf 87' lang='lat' dir='ltr'><strong>dam</strong></span> <span class='ocrx_word' id='word_1_429' title='bbox 231 4560 302 4604; x_wconf 87' lang='lat' dir='ltr'><strong>esse,</strong></span> <span class='ocrx_word' id='word_1_430' title='bbox 314 4542 382 4595; x_wconf 89' lang='lat' dir='ltr'><strong>utin</strong></span> <span class='ocrx_word' id='word_1_431' title='bbox 394 4541 457 4593; x_wconf 90' lang='lat' dir='ltr'><strong>belli</strong></span> <span class='ocrx_word' id='word_1_432' title='bbox 468 4560 566 4607; x_wconf 76' lang='lat' dir='ltr'><strong>casus,</strong></span> <span class='ocrx_word' id='word_1_433' title='bbox 578 4538 651 4612; x_wconf 91' lang='lat' dir='ltr'><strong>quod</strong></span> <span class='ocrx_word' id='word_1_434' title='bbox 665 4540 711 4591; x_wconf 84' lang='lat' dir='ltr'><strong>illc</strong></span> <span class='ocrx_word' id='word_1_435' title='bbox 725 4558 789 4592; x_wconf 87' lang='lat' dir='ltr'><strong>cum</strong></span> <span class='ocrx_word' id='word_1_436' title='bbox 800 4538 925 4592; x_wconf 85' lang='lat' dir='ltr'><strong>Romanis</strong></span> <span class='ocrx_word' id='word_1_437' title='bbox 938 4547 1059 4608; x_wconf 83' lang='lat' dir='ltr'><strong>gereret,</strong></span> <span class='ocrx_word' id='word_1_438' title='bbox 1075 4533 1194 4610; x_wconf 79' lang='lat' dir='ltr'><strong>aliquod</strong></span> 
     </span>
    </p>
   </div>
   <div class='ocr_carea' id='block_1_3' title="bbox 0 0 1313 4980">
    <p class='ocr_par' dir='ltr' id='par_1_3' title="bbox 0 0 1313 4980">
     <span class='ocr_line' id='line_1_46' title="bbox 0 0 1313 4980; baseline 0 0"><span class='ocrx_word' id='word_1_439' title='bbox 0 0 1313 4980; x_wconf 95' lang='lat' dir='ltr'><strong> </strong></span> 
     </span>
    </p>
   </div>
  </div>
 </body>
</html>
