2594 4980
139 750 1153 780 ΜΜΜΜΜΜΒΜΜΜΜΜΜἮΜ

244 948 541 1042 JOANNIS
578 946 1049 1037 FREINSHEMII

179 1192 1106 1334 SUPPLEMENTORUM
1145 1110 1148 1115 ’

285 1475 962 1631 1ιινῑΑ]κῑ()Βωκ4

469 1731 646 1809 LIBER
679 1731 830 1809 XXIV

309 1944 356 1998 ΙΝ
381 1941 534 1998 LOCUM
559 1942 680 1997 LIBRI
704 1941 783 1997 LIX
806 1940 991 1995 LIVIANI.

453 2177 842 2209 ψ-

528 2383 769 2451 ΕΡΙΤΟΜΕ

298 2547 428 2603 nrssl
458 2542 850 2616 Qulnoosoesrrtr
879 2543 1007 2601 rom.

122 2691 286 2754 Numantini,
296 2691 469 2755 farne-coacti,
478 2690 528 2762 ipsi
534 2708 562 2742 se
568 2708 614 2761 per
622 2691 705 2742 vicem
714 2688 845 2743 tradentes
853 2689 1056 2742 trucidaverunt.
1065 2690 1175 2759 Coptnm

159 2776 250 2829 urbem
264 2775 351 2847 Scipio
363 2775 502 2827 Africanus
516 2773 628 2835 delevit,
642 2784 668 2824 et
680 2773 714 2827 de
728 2791 757 2825 ee
771 2773 959 2844 triumphavit,
977 2771 1175 2843 quartodecimo

158 2877 228 2911 anno
246 2872 305 2931 post
325 2857 510 2928 Carthaginem
528 2856 650 2909 deletam.
672 2857 702 2909 P.
718 2857 835 2927 Rupilius
850 2856 944 2910 consul
964 2858 992 2908 in
1010 2855 1176 2910 sicilianum

158 2943 271 3014 fugitivis
282 2942 428 2996 debellavit.
441 2940 618 3003 Aristonicus,
634 2941 703 3011 regis
716 2941 841 2993 Eumenis
855 2940 949 3002 idios,-
960 2940 1048 2993 Asiam
1062 2955 1175 3008 occupe-

158 3028 194 3077 vit
205 3045 212 3089 ;
224 3046 324 3097 quum,
338 3036 494 3078 testamento
503 3023 582 3076 Attali
593 3023 661 3094 regis
673 3024 758 3095 legate
772 3024 871 3097 populo
885 3043 1011 3086 romano,
1026 3023 1106 3075 libers
1119 3040 1175 3076 erte

158 3110 272 3162 deberet.
286 3109 417 3162 Adversus
432 3128 492 3161 eum
505 3109 534 3161 P.
548 3107 664 3160 Licinius
678 3107 787 3160 Crassm
804 3108 912 3170 consul,
926 3125 1008 3178 quum
1024 3104 1095 3157 idem
1111 3122 1177 3175 pon-

156 3193 218 3244 tifex
229 3194 355 3246 maximus
368 3204 434 3245 esset
445 3190 528 3264 (quod
542 3209 678 3261 nonquam
694 3202 771 3245 antea
783 3191 881 3243 factum
895 3195 975 3261 erat),
988 3200 1060 3242 extre
1071 3188 1175 3244 ltaliam

156 3277 304 3345 profectus,
324 3276 414 3349 prelio
431 3276 514 3329 victus
533 3286 560 3327 et
578 3274 680 3328 occisus
696 3286 744 3328 ost.
764 3275 802 3349 Μ.
819 3275 950 3346 Perperna
969 3274 1061 3328 consul
1077 3274 1175 3327 victum

154 3360 330 3413 Aristonicum
343 3362 370 3415 in
384 3359 544 3413 deditionem
557 3359 666 3430 accepit.
682 3360 717 3425 Q.
728 3358 867 3430 Pompeius
876 3370 902 3412 et
914 3360 948 3423 Q.
960 3358 1098 3421 Metellus,
1111 3369 1176 3411 tnnc

154 3443 267 3512 primum
280 3458 390 3516 uterque
402 3464 433 3497 ex
447 3444 523 3516 plebe
536 3443 599 3496 fecti
611 3460 748 3507 censores,
763 3443 875 3497 lustrum
890 3441 1075 3496 condiderunt.
1092 3443 1177 3498 censa

155 3541 215 3579 sunt
234 3529 332 3581 civium
349 3530 433 3600 cspits
452 3540 568 3582 trecenta
586 3526 710 3580 tredecim
730 3526 813 3580 millio
829 3526 983 3598 octingenta
998 3526 1089 3597 viginti
1107 3526 1174 3592 tria,

154 3622 246 3677 pretor
258 3610 371 3681 pupillos
386 3616 412 3663 et'
422 3604 526 3665 viduos.
539 3612 573 3677 Q.
587 3610 709 3664 Metellus
721 3628 815 3663 censor
828 3610 943 3675 censuit,
955 3622 984 3662 ut
996 3628 1087 3663 omnes
1101 3627 1175 3683 coge·

154 3703 244 3743 rentur
254 3692 350 3745 ducere
360 3713 454 3748 uxores
467 3695 608 3747 liberorum
620 3692 793 3747 creandorum
805 3711 884 3746 censo
896 3712 902 3745 ε
917 3706 999 3746 exstat
1009 3694 1093 3748 oratio
1103 3696 1175 3766 ejus,

153 3792 233 3844 quam
245 3779 377 3845 Augustus
385 3778 487 3841 Cesar,
501 3788 584 3850 epium
597 3778 631 3830 de
644 3776 797 3830 maritandis
808 3775 943 3843 ordinibus
952 3790 1053 3848 egeret,
1066 3777 1176 3831 velutin

153 3859 208 3910 haec
226 3872 345 3929 ternpore
363 3862 485 3932 scriptam
502 3862 530 3914 in
544 3873 636 3916 senatu
649 3859 777 3923 recitavit.
792 3860 824 3911 C.
834 3859 937 3912 Atinius
951 3861 1040 3913 Labeo
1055 3859 1176 3913 tribunus

154 3942 236 4013 plebis
250 3944 285 4007 Q.
303 3943 439 3997 Metellum
457 3964 612 4009 censorem,
628 3963 645 3997 a
663 3961 717 4015 qno
739 3943 768 3994 in
787 3954 878 3994 renstu
899 3942 1012 4016 legendo
1031 3943 1180 4015 proteritur

153 4039 226 4088 crat,
240 4026 346 4081 desero
358 4026 435 4101 dejici
444 4027 538 4100 jussit:
551 4027 624 4101 quod
637 4046 670 4080 ne
683 4026 773 4089 fieret,
783 4026 869 4079 ceteri
880 4026 1071 4099 tribuniplebis
1081 4025 1178 4079 aumlio

152 4110 268 4163 suerunt.
287 4112 376 4176 Quum
397 4110 484 4165 Carbo
502 4110 723 4182 tribunusplebis
740 4110 904 4182 rogationem
921 4110 1037 4172 tulisset,
1058 4120 1086 4160 ut
1100 4128 1174 4162 eum·

152 4191 214 4243 dem
228 4195 363 4246 tribunum
378 4193 479 4266 plebis,
497 4195 599 4266 quoties
611 4193 706 4257 vellet,
721 4212 812 4247 oreore
826 4193 933 4257 liceret;
946 4194 1108 4264 rogationem
1122 4194 1179 4267 ejus

150 4275 179 4327 P.
191 4277 330 4330 Africanus
342 4277 498 4349 gravissima
513 4278 632 4331 oratione
645 4276 782 4343 dianam
793 4278 820 4331 in
833 4296 887 4351 qua
900 4276 976 4340 dixit,
990 4279 1025 4326 Ti.
1038 4278 1175 4329 Gracchum

146 4362 203 4424 jure
212 4380 299 4413 casum
308 4365 397 4414 videri.
404 4361 541 4415 Gracchus
551 4372 643 4416 contre
653 4362 735 4417 sursit
743 4362 920 4435 rogationem
930 4356 977 4411 sed
985 4356 1073 4428 Scipio
1082 4358 1174 4414 tenuit.

152 4441 225 4497 Bella
236 4445 303 4500 inter
312 4446 473 4501 Antiochum
482 4447 580 4521 Syrie,
589 4459 615 4502 et
622 4446 754 4502 Phraaten
762 4445 919 4502 Parthorum
928 4458 1017 4514 regem
1028 4454 1116 4553 rufis
1127 4462 1176 4497 ¹¹00
