2594 4980
305 650 360 721 IN
388 649 504 718 LOC.
531 648 624 717 LIB.
649 653 679 718 L
708 653 926 723 LIVIANI.
1085 682 1150 755 127

121 773 233 861 quicum
249 769 445 860 octingentis
462 769 636 834 numidicis
654 773 818 858 equitibus
840 798 857 838 a
878 776 1016 842 Gulussa
1035 778 1154 845 disces·

121 892 199 941 serat:
218 875 362 964 Micipsae
385 892 418 938 et
440 874 664 938 Manastabalis
690 875 866 961 promissa,
894 898 968 941 nam
996 880 1152 947 Romanis

121 1000 183 1043 arua
200 994 228 1043 et
249 978 404 1068 pecunias
426 992 518 1041 erant
542 976 695 1065 polliciti,
722 976 847 1040 differri
871 977 1043 1063 videbant,
1064 984 1155 1050 haud

120 1076 192 1144 dubie
204 1081 301 1144 futuri
318 1101 396 1144 cura
415 1079 535 1169 regulis
552 1102 620 1142 rem
638 1080 892 1145 extrahentibus.

149 1182 260 1247 xxvtl.
281 1182 369 1272 Ergo
393 1182 559 1270 regionem
584 1182 654 1245 sine
673 1199 763 1246 metu
783 1198 1012 1271 peragrantes,
1034 1209 1155 1275 oppor-

101 1260 180 1347 ⁸tutta
192 1284 251 1349 lota
271 1284 559 1364 communiebant,
582 1299 614 1348 et
633 1285 751 1372 passim
777 1284 809 1347 in
834 1286 1048 1351 concionibus
1068 1291 1155 1377 apud

122 1381 193 1448 urbes
208 1385 424 1450 Romanorum
444 1386 562 1448 famam
581 1385 764 1450 lacerabant
781 1410 789 1450 ε
806 1403 913 1450 castra
931 1388 980 1450 ad
994 1390 1156 1477 Nepherim

124 1482 313 1574 &mideber
327 1500 467 1567 tentata,
490 1501 521 1550 et
539 1511 660 1552 vanam
680 1487 775 1552 modo
800 1488 847 1551 ad
860 1490 1055 1578 qupagreta
1073 1493 1157 1556 obsi·

123 1582 226 1669 datan,
244 1588 526 1678 Carthagtitemque
548 1591 667 1677 ipsam,
685 1580 756 1654 licet
773 1594 937 1673 inermem,
949 1591 1083 1680 frustra
1097 1619 1155 1686 op·

119 1704 256 1775 matam
270 1691 512 1779 exprobrantes.
531 1692 634 1756 Simul
650 1708 684 1755 et
700 1692 741 1757 ad
755 1693 916 1757 Numidiae
930 1716 1041 1784 reges,
1061 1712 1094 1760 et
1111 1696 1153 1761 ad

124 1785 273 1857 lltumrum
293 1793 410 1858 liberas
433 1794 577 1859 civitates
599 1792 735 1858 dimissae
763 1794 955 1884 legationes,
979 1797 1028 1859 ad
1048 1812 1154 1863 exter·

124 1908 180 1953 nm
188 1892 288 1958 bosam
299 1893 417 1982 Afra‘ea
425 1894 642 1984 depellendum
653 1896 884 1978 hortabantur,
896 1896 1067 1980 docentes,
1082 1903 1155 1989 ipsis

124 2008 212 2079 Μαι
226 1997 381 2059 emmim
398 1987 552 2060 servitium
568 2020 591 2059 a
607 1997 776 2073 Romami,
800 2000 829 2060 si
851 1999 1074 2085 Carthaginem
1093 2025 1154 2066 aar·

124 2089 198 2153 mdc·
203 2097 291 2181 quieti
302 2111 500 2184 paterentur.
513 2097 619 2161 Etiam
633 2097 826 2162 Andriscum
840 2099 920 2163 adiri
932 2102 1071 2188 placuit,
1085 2102 1155 2169 bel·

126 2182 175 2252 lum
189 2214 250 2259 cum
267 2196 422 2260 Romanis
440 2197 481 2261 de
499 2197 689 2262 Macedonia
706 2216 891 2287 gerentem,
911 2218 943 2264 et
961 2225 1066 2290 nuper
1082 2228 1152 2269 ma·

126 2297 275 2381 enopraelio
293 2297 450 2362 victorem
464 2322 471 2362 :
487 2322 562 2362 cum
576 2300 640 2364 hoc
656 2323 675 2363 a
692 2302 803 2390 legatis
817 2303 851 2364 in
864 2303 948 2366 hanc
960 2306 1152 2371 seutentiam

126 2407 224 2462 stium:

156 2491 283 2566 Xxvsst.
303 2502 405 2584 «Quo
424 2517 570 2591 tempore
592 2504 735 2591 primum
755 2503 794 2567 ad
815 2526 874 2568 nos
892 2508 975 2570 fama
990 2511 1154 2595 pervenit,

126 2589 260 2690 *Plllippe
284 2626 359 2684 rex,
383 2603 554 2691 antiquum
582 2604 779 2668 Macedoniae
805 2629 919 2693 regum
943 2611 1153 2698 sanguinem,

126 2690 215 2765 ‘instar
224 2706 333 2768 excisae
345 2704 470 2768 arboris
486 2705 655 2769 subnatoa
669 2706 768 2793 stirpe
784 2708 915 2771 surcido
934 2707 1154 2794 reflorescere,

126 2796 233 2888 'uigere
251 2807 377 2870 animos
394 2807 567 2895 coepimus,
585 2808 681 2886 certi,
701 2830 767 2870 non
789 2808 829 2871 ad
850 2809 1002 2897 exiguum
1023 2812 1156 2899 aliquod

125 2906 276 2986 opnaed
292 2908 388 2999 plane¹
404 2908 524 2973 clamm
540 2924 573 2973 et
585 2908 792 2989 admirabile,
811 2926 876 2972 tarn
887 2911 1040 2999 singulari
1054 2912 1154 2977 deum

122 3007 245 3072 ‘cnsilio
263 3025 296 3073 te
311 3027 471 3074 servatum
491 3033 570 3075 esse.
588 2998 762 3091 Caeterum,
777 3011 883 3097 qualia
899 3034 976 3074 mox
993 3036 1011 3075 a
1031 3030 1062 3077 te
1081 3037 1155 3102 per·

120 3090 296 3196 ‘fffllasunm
309 3135 352 3176 ne
365 3112 508 3176 divinare
525 3110 675 3199 quidem,
692 3129 749 3176 aut
762 3113 788 3176 si
806 3136 947 3201 quorum
961 3114 993 3177 in
1012 3133 1154 3181 mentem

118 3204 264 3289 “missen
282 3212 416 3277 credere
429 3213 647 3301 potuissemus
663 3237 670 3279 :
689 3213 771 3278 adeo
788 3238 878 3302 spem
898 3238 1030 3302 quoque
1045 3217 1155 3282 faven-

114 3292 284 3404 ‘fiflm,qua
295 3315 377 3379 nibil
390 3315 472 3378 solet
486 3338 554 3378 esse
568 3316 601 3378 in
612 3315 833 3403 promittendo
846 3316 1026 3398 liberalius,
1042 3321 1155 3384 merita

111 3392 259 3481 'Qum
279 3417 481 3480 antevenisti.
502 3417 564 3479 Vix
582 3418 615 3480 in
633 3404 738 3480 lucem
759 3433 791 3480 te
811 3417 968 3507 prodiisse
986 3418 1155 3484 audivera-

107 3513 207 3597 ‘mus’
220 3540 321 3606 quum
337 3534 370 3583 te
384 3520 520 3583 Romam
531 3519 566 3581 in
578 3519 714 3583 vinculis
728 3518 802 3583 duci
820 3521 1004 3583 nuntiatum
1021 3537 1087 3585 cst:
1102 3524 1155 3586 vix

104 3614 296 3684 ''aeltimus
315 3635 467 3708 captum,
480 3643 583 3709 quum
599 3636 631 3682 te
648 3643 713 3682 non
732 3619 831 3683 modo
847 3620 1018 3684 liberatum
1033 3621 1154 3701 injusto

102 3716 323 3802 ‘Quested
334 3723 431 3786 etiam
441 3737 627 3809 recuperata
638 3720 828 3784 Macedonia
836 3722 960 3808 paterni
967 3723 1057 3810 regni
1068 3744 1155 3786 com·

101 3815 225 3904 'intem
242 3823 480 3888 intelleximus:
501 3840 599 3911 atque
613 3824 680 3887 haec
700 3822 793 3909 (quis
810 3822 958 3908 credatl)
975 3823 1016 3886 ab
1036 3847 1103 3888 uno
1122 3840 1156 3887 et

99 3914 248 4004 ¹Rhene,
262 3924 388 3987 tantillo
406 3941 568 4014 tempore,
580 3939 702 4012 patrata
714 3940 807 4004 sunt,
827 3941 862 3987 ut
876 3924 1155 3989 callidissimorum

100 3994 283 4090 ⁸l⁰¹1tinum
305 4041 411 4091 astum
436 4027 586 4115 ingenio,
606 4024 905 4115 potentissimorum
931 4026 1014 4089 vires
1038 4025 1157 4090 virtute

100 4120 300 4210 '‘upottre53
324 4151 432 4216 neque
456 4129 599 4193 extanti
623 4128 715 4217 regni
735 4127 938 4215 possessione
963 4124 1158 4213 quidquam,

102 4220 233 4290 *baar
243 4229 489 4295 admirationem
503 4247 568 4295 tam
581 4230 646 4294 cito
662 4227 835 4317 deperditae
845 4227 1053 4315 relinqueres.
1067 4229 1157 4310 Quid

130 4396 252 4475 lxm,
264 4430 354 4477 zona.
372 4454 405 4464 -
421 4427 497 4477 aod.
509 4430 600 4492 eegr.
615 4442 689 4476 uera.
703 4452 738 4465 -
756 4424 860 4490 appan.
