2594 4980
283 738 339 809 IN
369 736 485 806 LOC.
512 737 611 805 LlB.
639 732 812 804 LXXVI
843 732 1072 803 LIVIANI.
1140 730 1206 826 731

143 890 156 917 ι
166 861 294 943 muisti,
308 875 347 924 ut
359 859 414 923 alii
422 858 481 924 tibi
493 880 560 922 non
570 857 711 921 obscure
723 854 880 933 serviant,
895 852 949 916 alii
962 853 1097 919 nomine
1107 854 1212 919 socio·

144 992 157 1019 α
168 985 242 1027 rum
258 960 372 1028 eedem
387 961 491 1026 ferme
507 955 1063 1046 famant‚qumvictisimperanu1r‚

188 1065 266 1130 XIV
269 1113 277 1129 .
291 1095 306 1121 α
315 1064 399 1128 Nam
412 1063 536 1127 vicinos
552 1058 685 1150 quidem
704 1079 816 1148 reges,
835 1057 898 1121 nisi
912 1056 1032 1145 quibus
1050 1078 1164 1146 paoem
1178 1072 1213 1122 et

144 1167 339 1231 «amicitiam
356 1179 504 1254 prostes,
527 1162 573 1227 sic
588 1161 785 1226 assuefactos
803 1157 922 1240 habes,
944 1174 1000 1239 ut,
1017 1159 1143 1246 placato
1158 1173 1211 1241 te,

143 1299 157 1323 «
167 1290 302 1358 regnare
314 1266 375 1331 illis
387 1267 499 1347 lices13
516 1286 619 1353 quum
636 1264 738 1329 iratus
754 1261 870 1342 fueris,
885 1260 947 1325 sibi
963 1261 1106 1326 sentiunt
1118 1282 1213 1325 exsu-

144 1369 303 1434 «lendum
319 1391 399 1434 esse.
418 1371 526 1457 Atque
543 1366 632 1431 idern
645 1365 751 1430 emico
768 1379 868 1451 etque
882 1361 972 1426 affini
986 1362 1126 1452 Tigmne
1138 1376 1213 1426 ute-

145 1504 159 1529 «
168 1473 229 1554 ris,
242 1493 310 1560 quo
319 1492 418 1536 nemo
429 1492 543 1561 regum
556 1470 616 1534 tibi
626 1483 676 1534 est
684 1464 911 1556 magnitudine
923 1486 1033 1528 rerum
1048 1479 1212 1553 gesturum

145 1589 202 1637 «et
219 1574 349 1662 imperii
370 1572 518 1637 similior.
542 1569 607 1637 sed
630 1570 700 1634 haec
723 1584 832 1632 tamen
855 1565 967 1629 omnia
989 1565 1212 1655 nequidquam

145 1674 335 1757 «adessent,
354 1676 418 1740 nisi
430 1692 488 1739 tus
501 1673 671 1764 singularis
690 1686 724 1736 et
736 1692 828 1759 paene
842 1667 953 1733 divina
966 1665 1140 1757 prudentia
1153 1667 1214 1732 tibi

144 1805 160 1832 ι
168 1775 303 1840 dictaret
310 1791 346 1841 et
355 1792 484 1864 tempus
497 1773 629 1856 utendi,
646 1790 680 1838 et
693 1770 842 1836 modum.
857 1772 926 1834 lam
939 1771 1017 1834 olim
1028 1771 1111 1858 (nec
1125 1771 1213 1834 enim

145 1908 158 1935 ι
167 1879 315 1943 abstruse
328 1894 388 1942 cut
402 1877 554 1967 ambigue
564 1873 768 1965 loquimur),
782 1872 880 1953 olim,
895 1871 1050 1960 inquam,
1063 1887 1097 1935 te
1109 1871 1213 1936 ambi·

144 1978 265 2043 «tionis
284 1996 318 2044 et
332 1979 472 2043 sraritioe
489 2000 632 2042 romanu
647 1977 761 2065 piget:
780 1972 904 2037 idcirco
921 1990 956 2038 ct
974 1973 1084 2063 legetis
1098 1994 1214 2037 eorum

145 2110 158 2136 ι
168 2101 253 2168 supe
269 2080 404 2144 viriliter
419 2078 633 2168 respondisti,
646 2093 680 2142 et
692 2098 796 2165 quum
808 2073 923 2139 eadem
937 2091 1047 2140 tecum
1062 2074 1215 2164 superbio

144 2209 157 2233 ι
167 2181 286 2244 vellent
300 2203 411 2270 cgere,
429 2202 494 2269 qun
506 2196 639 2245 caetcros
654 2195 777 2244 terrem
789 2192 1047 2260 consueverunt,
1062 2177 1213 2256 ell'ecisti,

144 2314 158 2338 «
169 2298 207 2347 ut
221 2283 457 2374 intelligerent,
470 2283 530 2347 sibi
543 2305 620 2348 cum
632 2283 737 2347 libero
750 2301 826 2369 rege
838 2281 1003 2367 plenoque
1013 2281 1215 2366 animorum,

145 2383 258 2448 «etad
274 2386 383 2449 omnia
396 2401 528 2474 parato,
547 2385 714 2476 negotium
731 2386 812 2450 fore.

187 2484 260 2550 XV.
278 2486 393 2569 «Quin
410 2502 445 2550 et
464 2488 595 2551 illorum
614 2486 727 2574 iniqua
744 2484 874 2554 decreta
891 2487 981 2553 haud
1003 2487 1104 2551 semel
1127 2486 1213 2550 ferro

145 2586 326 2651 «rescidisti
344 2611 353 2652 ε
373 2605 410 2652 ut
427 2589 548 2652 scirent
561 2587 660 2651 ricini
676 2610 788 2676 reges,
807 2591 917 2655 minus
941 2590 1002 2653 illis
1022 2590 1056 2652 in
1075 2587 1215 2652 amicitis

145 2709 301 2751 ammana
321 2688 477 2775 presidii,
494 2712 593 2775 quam
615 2689 651 2751 in
675 2704 732 2752 tus
748 2690 874 2754 offensa
896 2689 1032 2779 periculi
1051 2711 1131 2754 esse.
1149 2689 1214 2753 Pro

147 2819 160 2844 «
170 2788 290 2876 quibus
302 2790 408 2871 susis,
424 2812 496 2877 quae
510 2789 569 2853 tibi
581 2790 646 2854 sint
657 2789 746 2876 apud
756 2793 918 2880 populum
930 2812 1104 2855 romanum
1118 2812 1215 2878 repo·

146 2919 160 2945 «
169 2889 231 2953 sita
245 2890 393 2977 prumia,
409 2891 507 2953 simul
521 2890 575 2955 ille
590 2912 744 2955 recuusa
761 2894 971 2982 propioribus
984 2892 1076 2957 bellis
1095 2892 1214 2972 fuerit,

146 2990 300 3080 signarus
315 3012 384 3055 esse
399 3012 467 3055 non
481 3006 585 3079 potes.
603 2992 657 3057 sic
670 3015 804 3081 quoque
820 2995 915 3084 legati
926 2995 1010 3059 illius
1021 3011 1120 3083 atque
1137 3016 1216 3082 pro·

147 3120 160 3146 ⁸
169 3092 319 3158 consides
339 3094 522 3175 minantur,
538 3095 698 3178 fremunt,
712 3096 807 3184 plane
822 3119 888 3185 prce
901 3120 936 3161 se
949 3097 1060 3161 ferunt
1075 3096 1216 3177 bellum,

147 3217 244 3260 «suas
260 3197 403 3285 copiolas
419 3212 551 3285 parant,
568 3198 701 3262 sociales
723 3199 865 3263 excitant
880 3221 888 3264 ε
903 3200 947 3263 its
968 3214 1069 3288 agunt
1087 3196 1215 3282 omnis,

147 3315 226 3380 «ut,
242 3299 390 3386 mmsis
407 3297 553 3364 deridens
570 3314 742 3382 conatum,
756 3301 885 3365 animus
901 3316 1010 3364 tamen
1025 3314 1187 3389 apparent.

191 3401 280 3465 XVI.
296 3431 310 3458 ι
320 3402 395 3466 Non
409 3401 543 3483 dubito,
558 3402 639 3490 quin
652 3403 737 3466 inter
753 3403 813 3467 ists
828 3401 1033 3483 memineris,
1050 3423 1149 3488 quum
1164 3422 1216 3465 ar·

148 3531 162 3556 a
171 3518 324 3590 roganter
336 3502 414 3566 olim
428 3503 568 3584 Marius,
582 3502 702 3567 deinde
712 3505 817 3585 Sulla,
831 3520 940 3568 tecum
955 3503 1099 3592 egerint;
1115 3524 1215 3591 quum
1253 3581 1262 3604 Ι

149 3635 162 3659 ι
172 3625 241 3667 non
255 3619 341 3668 tecte
356 3603 621 3668 denuntiaverint
635 3605 695 3670 tibi
708 3606 908 3694 periculum,
925 3604 1102 3669 indixerint
1114 3604 1216 3668 servi·

149 3720 294 3785 «tutem,
320 3705 383 3768 nisi
406 3703 534 3770 dederis
557 3728 708 3795 opernm,
735 3723 774 3771 ut
796 3730 890 3795 aeque
909 3706 1006 3771 armis
1027 3728 1064 3769 ac
1083 3705 1158 3786 jure
1172 3705 1217 3769 sis

148 3805 290 3892 «potior.
309 3807 418 3892 Atque
433 3806 503 3871 huc
519 3806 586 3886 jam
602 3825 761 3873 noverant
780 3808 896 3897 populi
911 3808 1141 3898 principesque
1157 3828 1217 3872 no·

148 3906 248 3987 «stri3
270 3929 331 3971 nos
350 3909 444 3996 plura
465 3909 563 3973 etiam
582 3925 615 3975 et
636 3911 773 3975 certiora
791 3911 1019 3998 usurpavimus
1038 3910 1160 3990 oculis,
1178 3925 1217 3973 ut

148 4005 234 4085 «jam
246 4028 380 4093 prorsus
390 4009 602 4092 centisimus,
614 4033 681 4075 non
696 4011 846 4076 inutilem
855 4013 1050 4101 legationem
1061 4027 1217 4094 nostrum,

148 4131 281 4196 «neque
296 4110 504 4176 metuendam
528 4111 695 4178 desideriis
718 4114 874 4178 nostrisa
892 4128 925 4178 te
947 4114 1110 4202 repulsam
1134 4134 1215 4178 esse.

147 4211 264 4291 «Quos
275 4211 365 4274 enim
380 4211 502 4276 eusdem
515 4214 669 4278 csusaead
683 4237 772 4279 arma
781 4228 978 4306 coegerunt,
993 4215 1091 4279 iidem
1103 4216 1215 4297 animi,

147 4328 246 4376 «tots
268 4313 357 4400 paria
372 4315 598 4405 coniungunt3
618 4314 660 4382 de
684 4318 722 4382 iis
739 4316 881 4395 dubitsri
903 4339 972 4381 nou
989 4331 1112 4405 potest,
1133 4318 1215 4406 quin

148 4411 211 4476 «ad
227 4435 437 4480 communem
455 4417 626 4483 utilitatem
644 4418 711 4484 fido
727 4418 848 4484 loederc
860 4419 926 4483 sint
941 4420 1092 4486 sociaturi
1108 4420 1216 4485 consi·

148 4516 212 4579 «lia
228 4532 261 4581 et
275 4517 369 4583 vires.
