2594 4980
275 752 327 820 IN
359 753 472 820 LOC.
500 753 591 821 [ΑΒ.
615 753 764 821 LXXII
795 749 1007 818 LIVIANI.
1106 744 1175 844 667

110 875 160 938 nis
173 873 242 954 ejus
257 895 329 937 reos
343 872 558 962 designasset,
573 895 641 937 rem
656 894 724 936 non
740 870 950 960 perquisitam
964 864 1091 936 senatui
1106 893 1179 959 per·

109 975 247 1063 scripsit.

155 1077 269 1141 XLVI.
284 1077 400 1164 Neque
415 1074 554 1140 dubium
569 1091 637 1153 est,
654 1075 735 1163 quin
748 1097 886 1163 magnus
901 1073 978 1138 inde
991 1089 1101 1137 motus
1117 1073 1178 1137 ori·

111 1194 204 1242 turus
218 1177 333 1258 fuerit,
350 1177 384 1240 ni
404 1193 530 1241 mature
547 1178 727 1241 emersisset
742 1199 853 1257 error,
870 1177 1003 1263 verique
1020 1174 1179 1264 proditio-

110 1281 161 1343 nis
176 1294 347 1360 auctores,
368 1293 490 1342 temere
511 1294 679 1366 suspectos
697 1277 843 1366 periculo
863 1277 1061 1341 liberassent.
1080 1275 1178 1340 Marsi

111 1379 263 1468 quidam,
282 1379 421 1442 immixti
441 1380 663 1443 Romanorum
684 1377 948 1466 pabulatoribus,
963 1392 996 1439 et
1009 1396 1070 1463 pro
1086 1375 1180 1439 sociis

111 1504 146 1546 se
162 1497 329 1571 gerentes,
347 1495 450 1544 castra
471 1480 568 1544 simul
590 1479 716 1569 ingredi
733 1493 990 1559 consueverant3
1015 1474 1091 1540 inde
1107 1500 1181 1564 quoe

109 1584 182 1647 visu
206 1581 386 1670 audituque
409 1582 714 1670 componebantur,
737 1581 804 1646 suis
826 1581 953 1645 occulte
973 1578 1178 1643 nuntiabant.

111 1685 170 1746 His
183 1685 341 1772 supplicio
350 1684 474 1748 allectis
483 1735 491 1762 ‚
501 1684 654 1748 restincta
666 1684 766 1774 magis
775 1705 916 1771 presens
930 1680 1067 1762 invidia,
1083 1703 1181 1768 quarn

111 1807 151 1848 ex
166 1786 329 1873 suspicaci·
339 1786 482 1849 consulis
497 1785 629 1873 ingenio
648 1787 756 1851 evulsa
771 1783 956 1850 sollicitudo
974 1799 1032 1848 est.

155 1886 285 1950 XLVII.
304 1887 388 1951 Nam
405 1901 438 1950 et
453 1888 489 1950 C.
506 1887 666 1968 Marium,
682 1887 759 1952 licet
773 1887 995 1975 propinquum
1012 1908 1129 1968 suum,
1147 1886 1180 1950 id

111 2008 205 2075 agere
230 1986 389 2074 putabat,
415 2001 473 2067 ut,
496 1982 651 2075 praesenti
666 2011 753 2052 anno
782 1989 923 2077 segniter
947 2002 1110 2070 extracto,
1127 1988 1182 2052 ille

111 2088 287 2174 septimum
307 2088 422 2151 consul
437 2087 540 2153 facms
558 2089 680 2153 bellum
700 2090 865 2178 integrum
880 2089 1049 2176 acciperet.
1067 2088 1181 2169 Quan-

110 2210 209 2274 quam
234 2187 339 2252 Mario
364 2189 490 2253 consilii
510 2192 561 2255 sui
579 2191 698 2256 idonea
719 2214 815 2256 causa
837 2206 927 2255 erat:
945 2190 1035 2278 quod
1047 2194 1130 2254 emin
1147 2191 1182 2252 t'u

111 2289 229 2353 horrebo
244 2287 358 2353 bellum
376 2304 469 2370 esset,
492 2292 576 2355 trokr'
591 2304 729 2381 oportere
741 2290 918 2357 identidem
938 2289 1179 2356 submonebat:

110 2391 170 2452 sibi
180 2393 262 2453 etum
273 2389 403 2454 aliunde
415 2414 480 2454 non
493 2392 653 2480 defecturus
666 2407 874 2474 commeatus,
890 2406 928 2456 at
939 2393 1077 2457 hostibus
1088 2414 1181 2455 suum

109 2513 222 2579 αςηιιη
238 2493 319 2555 iuter
335 2495 606 2582 utriusquepartis
620 2497 744 2560 crebras
756 2495 975 2584 populationes
987 2496 1113 2556 monime
1124 2491 1183 2556 dtu

109 2589 317 2677 suffecturum
321 2615 335 2670 ;
347 2594 465 2656 litterae
480 2596 611 2659 aronam
623 2595 754 2659 militem
766 2597 799 2658 in
811 2597 919 2659 eastrr's
935 2595 1075 2657 exerceri
1078 2614 1180 2681 posse.

112 2694 243 2756 Frustra
256 2692 326 2775 haec
341 2692 551 2776 dicebantur,
570 2717 631 2759 nec
644 2695 685 2758 ab
701 2695 812 2758 animo
829 2717 929 2782 pravo
947 2709 1046 2781 atquc
1060 2709 1182 2757 contu·

110 2793 192 2856 maci
211 2791 326 2855 consul
343 2793 515 2880 impetrare
535 2795 662 2883 potuit,
680 2817 722 2858 ne
739 2795 849 2883 potius
866 2794 1056 2859 damnosam
1069 2794 1184 2882 reipu-

109 2893 202 2956 blioae
219 2892 433 2956 temeritatem
451 2916 512 2959 suo
530 2919 605 2960 cum
624 2896 740 2977 exitio,
757 2882 863 2984 quam'
877 2895 1016 2961 salubria
1040 2895 1181 2960 aliorum

111 2994 235 3057 monita
257 3015 333 3058 cum
355 2994 586 3062 incolumitatis
610 2998 768 3085 famaeque
792 3020 908 3087 magna
934 2996 1106 3079 mercede,
1131 3018 1185 3061 se·
1258 3000 1264 3011 '

111 3111 275 3182 queretur.

149 3285 166 3350 s
179 3287 280 3335 nvn.
292 3289 363 3337 Oros.
373 3288 406 3347 V,
421 3287 461 3336 18.
471 3314 506 3325 —
517 3287 752 3354 Dio-Freculpb.
764 3291 859 3348 tonui,
867 3288 912 3337 lib.
921 3290 955 3336 Vl
969 3321 977 3348 ,
989 3303 1044 3352 cap.
1055 3303 1098 3339 ra.
