2594 4980
223 714 282 786 IN
313 714 428 784 LOC.
454 715 549 782 LIB.
578 715 699 784 XLVI
731 713 948 782 LlVlANI.
1101 709 1121 779 5

65 848 246 921 tempestate
263 856 323 922 per
339 833 494 898 Graeciam
514 851 600 916 erat,
619 835 673 898 cui
692 831 734 896 ad
756 854 806 895 res
829 831 992 895 novandas
1016 853 1122 918 neque

63 938 195 1018 animus,
207 936 236 1001 si
247 936 348 1001 ferret
356 937 502 1018 occasio,
514 959 621 1025 neque
629 936 712 999 vires
724 934 835 999 deesse
846 932 1041 997 viderentur.
1055 933 1120 1021 lgi-

64 1054 106 1101 tur
117 1038 176 1102 has
190 1036 340 1102 accidere
354 1039 573 1126 querentibus
589 1039 769 1103 Callicrates
784 1050 817 1100 et
830 1034 1032 1115 Andronidas
1045 1057 1122 1122 ape·

63 1161 146 1203 ruere
156 1140 260 1215 riam,
273 1140 446 1228 plerosque
459 1141 616 1228 primores
629 1135 941 1223 Achaeorum,quasi
955 1157 1030 1197 cum
1043 1134 1123 1198 Per·
1201 1160 1205 1164 ·
1235 1192 1239 1199 .

63 1262 108 1304 sco
123 1240 323 1321 sensissent,
335 1241 505 1305 criminati.
520 1241 568 1309 Ex
580 1239 701 1329 quibus
713 1240 850 1319 Xenon,
861 1236 919 1324 qui
934 1251 967 1299 et
982 1236 1050 1322 ipse
1066 1256 1124 1323 per

63 1363 93 1403 eo
102 1355 250 1430 tempora
259 1342 438 1406 exercitum
445 1341 593 1419 duxerat,
607 1365 710 1430 quum
722 1341 916 1433 innocentiae¹
930 1337 1125 1402 conscientia

63 1441 278 1525 exclamasset,
294 1466 327 1507 se
347 1443 403 1507 vel
418 1447 451 1507 in
470 1447 535 1533 ipso
555 1446 664 1509 renutu
678 1465 807 1508 eausam
820 1465 912 1506 suom
926 1437 1125 1528 definsurwn

63 1566 134 1624 ωας
148 1544 243 1610 dedit
258 1546 463 1611 occasionem
483 1548 590 1637 legato
609 1569 762 1628 romano,
778 1546 834 1634 qui
852 1561 924 1609 tum
943 1541 1073 1622 aderat,
1088 1556 1126 1605 ut

64 1646 139 1708 mitti
152 1648 294 1711 Romam
306 1670 437 1730 omnes,
447 1649 503 1737 qui
513 1649 553 1712 ab
563 1649 803 1714 accusatoribus
812 1645 972 1710 nominati
981 1644 1125 1725 fuerant,

64 1744 239 1834 imperaret.
257 1751 357 1814 Duris
374 1765 406 1814 et
421 1750 637 1816 insolentibus
654 1749 811 1814 mandatis
826 1747 948 1836 (neque
966 1746 1053 1810 enim
1070 1760 1127 1809 aut

64 1848 228 1938 Philippus
245 1851 324 1915 olim
334 1899 343 1932 ,
355 1866 413 1915 aut
428 1850 512 1914 filius
531 1851 610 1931 eju!
616 1849 807 1931 Alexander,
823 1871 927 1937 quum
940 1869 1048 1910 rerum
1065 1869 1126 1935 po-

65 1949 214 2032 tirentur,
239 1969 306 2016 tam
336 1951 450 2017 acerba
475 1950 660 2036 jusserant)
678 1950 788 2015 Achaei
813 1949 1011 2013 deteriorum
1036 1963 1127 2013 metu

65 2072 212 2137 paruere;
230 2054 337 2117 missis
359 2054 393 2116 in
412 2052 535 2117 Urbem
557 2052 757 2141 principibus
772 2051 895 2139 gentis,
913 2065 948 2113 et
964 2066 1128 2139 quotquot
1191 2063 1194 2073 '

63 2152 193 2215 aliorum
203 2167 417 2240 pertempora
429 2151 628 2216 macedonici
638 2151 713 2217 belli
725 2153 759 2215 in
769 2152 912 2239 imperiis
920 2167 977 2216 aut
988 2151 1127 2215 curatio·

65 2258 154 2323 nibus
166 2259 304 2339 alicujus
318 2259 477 2324 momenti
495 2260 635 2341 fuerant,
646 2259 773 2324 circiter
788 2258 885 2323 mille.
898 2259 966 2322 Hos
977 2259 1126 2339 Romani,

65 2373 212 2447 tanquam
224 2383 242 2424 a
256 2362 323 2426 suis
336 2361 512 2443 judicatos,
523 2363 645 2427 circum
659 2361 834 2451 municipia
847 2361 1055 2448 coloniasque
1064 2363 1127 2425 lta·

65 2460 107 2524 lite
117 2462 353 2529 custodiendos
367 2462 569 2529 dimiserunt.
583 2465 669 2553 Ergo
683 2464 826 2553 repetitis
839 2462 1078 2552 legationibus,
1096 2477 1130 2527 ut
1172 2539 1174 2543 ι

64 2583 153 2625 curuo
172 2565 287 2628 civium
303 2586 430 2628 suorum
449 2578 688 2653 cognosceretur,
706 2579 764 2628 ara
777 2567 806 2627 si
813 2564 933 2628 credere
957 2565 1129 2627 z'rmoeentes

63 2678 199 2753 senatres,
225 2688 322 2755 quom
349 2667 478 2754 reperire
503 2664 627 2745 ntallet,
648 2668 764 2753 potrioe
790 2665 999 2744 redderentur,
1020 2664 1128 2730 Achaei

65 2763 207 2830 orabant.

101 2865 191 2929 Vlll.
203 2866 303 2949 Quod
313 2868 370 2932 uhi
389 2870 508 2934 frustra
523 2868 637 2949 fiebat,
651 2869 807 2955 vacuique
819 2869 852 2931 in
867 2867 1128 2954 Peloponnesum

64 2963 157 3052 legati
177 2968 433 3051 revertebantur,
453 2985 540 3034 tanta
559 2971 707 3034 omnium
728 2967 908 3056 indignatio
930 2967 963 3029 in
979 2966 1129 3031 Callicra-

64 3077 123 3129 tem
144 3083 179 3132 et
197 3083 328 3134 caeteros
345 3070 490 3150 ejusdem
508 3087 602 3135 sectae
625 3070 760 3150 exarsit,
779 3083 818 3132 ut
836 3089 902 3131 non
920 3066 984 3145 jam
1000 3068 1128 3132 secretis

64 3165 152 3251 odiis,
159 3168 218 3234 sed
225 3171 320 3259 plane
332 3175 478 3237 confessa
488 3173 651 3237 simultate
663 3171 703 3236 ab
717 3170 870 3235 omnibus
880 3170 1136 3254 incesserentur„

64 3285 225 3358 eousque,
240 3287 278 3334 ut
294 3272 391 3336 etiam
403 3296 423 3336 a
433 3274 541 3362 pueris
554 3297 573 3338 e
587 3274 696 3338 schola
712 3271 1039 3361 redeuntibuspalarn
1047 3279 1127 3360 'pro-

62 3367 169 3433 ditores
186 3373 448 3460 appellarentur:
464 3397 570 3464 neque
587 3376 621 3438 in
639 3374 736 3439 sacris
751 3373 938 3438 Graecorum
957 3375 1126 3437 conventi-

63 3468 118 3534 bus
137 3473 311 3560 quisquam
324 3498 439 3540 eorum
454 3498 528 3540 eum
544 3477 640 3541 laude
659 3476 860 3540 mentionem
872 3475 984 3538 'lacere
1000 3491 1126 3562 posset,

64 3572 137 3655 quin
150 3572 252 3637 sibilis
265 3589 298 3638 et
309 3576 453 3640 tumultu
465 3577 517 3641 vix
529 3577 693 3642 credendo
705 3578 925 3663 exciperetur:
937 3590 1050 3662 estque
1064 3589 1128 3638 tra·

63 3669 123 3735 dita
144 3697 195 3739 res
217 3697 285 3739 non
301 3675 437 3765 indigna
455 3694 654 3758 memoratu,
674 3676 848 3765 aliquando
866 3677 1004 3765 Sicyone
1023 3698 1126 3762 quum

65 3772 142 3838 inter
153 3776 406 3867 Antigoniorum
420 3778 576 3843 solemnia
591 3779 713 3842 balneis
726 3777 856 3866 publice
871 3777 1036 3842 instructis
1054 3777 1127 3840 cal-

65 3872 181 3942 licrates
193 3891 227 3940 et
241 3875 447 3944 Andronidas
463 3880 514 3943 usi
528 3879 680 3961 fuissent,
692 3880 857 3943 nominem
873 3879 908 3942 in
923 3878 1035 3943 eadem
1047 3878 1126 3942 solia

64 3978 267 4062 postmodum
273 3979 413 4044 voluisse
422 3979 628 4062 descendere,
638 3981 699 4045 nisi
707 3982 795 4069 prius
806 3981 921 4045 emissa
926 3981 1033 4070 priore
1042 4002 1125 4066 aqua

64 4080 163 4161 omni,
181 4102 332 4168 novaque
346 4080 579 4166 infusa,veluti
591 4083 714 4170 expiata
728 4097 762 4147 et
776 4083 909 4146 lustrata
926 4080 1123 4144 viderentur.

101 4178 157 4244 tx.
169 4180 232 4246 Sed
246 4181 371 4264 achai,
381 4205 486 4271 quum
499 4183 587 4248 aliud
598 4184 770 4264 auxilium,
782 4199 995 4273 preterquam
1007 4182 1125 4269 inpre-

98 4364 178 4442 §vu
196 4384 261 4432 Just.
279 4385 403 4444 xxxw,
421 4401 442 4431 r.
460 4413 494 4423 -
510 4386 598 4452 Polyb.
615 4385 681 4452 apud
696 4386 778 4434 Vales.
794 4411 829 4422 -
848 4387 950 4432 Ponam.
965 4381 1007 4428 lib.
1019 4384 1076 4431 vn.
1090 4409 1125 4419 -

68 4458 153 4522 §vlu
167 4467 219 4514 rot.
234 4468 350 4532 Excerpt.
365 4471 449 4531 Legat.
462 4469 518 4516 roi.
527 4496 562 4506 -
573 4469 662 4533 Polyb.
674 4470 738 4533 apud
751 4470 831 4515 Valcs.
