2594 4980
260 695 312 763 IN
340 697 448 766 LOC.
476 698 570 767 LIB.
596 701 765 769 LXVIII
792 704 1009 777 LIVIXNI.
1100 707 1164 781 551

111 815 154 876 cis
174 814 317 879 hostium
339 819 565 902 turbarentur,
588 822 716 886 sublato
734 823 894 906 clamore,
918 850 1032 893 manus
1049 854 1167 897 conse·

108 933 245 979 ruerunt
263 940 271 980 :
289 940 435 1008 aegreque
457 922 592 987 militem
610 924 796 988 continebat
812 926 950 1009 Marius,
967 927 1008 993 de
1018 933 1167 1019 agasoni-

109 1016 171 1079 bus
187 1034 218 1081 ct
230 1018 383 1096 jumentis
398 1022 588 1106 sollicitum3
607 1023 728 1100 donec,
743 1026 963 1092 Ambronibus
975 1029 1008 1092 iu
1021 1031 1166 1117 pralium

108 1118 376 1205 procedentibus,
389 1123 457 1209 ipse
473 1147 604 1211 quoquc
617 1126 769 1189 instruxit
782 1150 869 1192 suos.
884 1128 1052 1195 Exercitus
1064 1130 1166 1197 hosti·

108 1219 146 1282 lis
160 1219 246 1283 haud
263 1239 423 1308 postrema
439 1247 510 1311 pars
527 1225 707 1290 Ambrones
725 1243 834 1306 erant,
847 1227 891 1292 ad
906 1228 1038 1317 triginta
1056 1230 1165 1295 homi·

108 1342 187 1383 num
205 1322 318 1397 millia,
337 1346 518 1414 eorumque
533 1327 672 1390 maxime
690 1349 788 1415 opera
805 1328 882 1393 victi
897 1316 1024 1394 Mallius
1040 1331 1165 1419 Caspio·

108 1443 172 1507 que
185 1420 385 1488 dicebantur.

151 1524 253 1588 XVII.
268 1525 326 1606 Hi,
341 1527 415 1591 licet
430 1528 540 1591 onusti
552 1529 642 1608 cibo,
662 1550 816 1616 meroque
830 1531 956 1595 accensi
970 1548 1078 1615 erant,
1097 1555 1164 1597 non

106 1637 211 1686 tamen
237 1626 452 1715 incomposito
473 1628 592 1718 gradu,
615 1652 723 1717 neque
746 1629 914 1696 incondito
940 1633 1084 1716 ululatu,
1101 1634 1164 1699 sed

106 1724 283 1791 militariter
306 1729 499 1794 incedebant
520 1753 527 1794 :
546 1753 622 1795 cum
647 1732 745 1818 pulsu
767 1755 933 1797 armorum
956 1749 988 1798 et
1013 1734 1164 1823 tripudiis

104 1849 223 1891 nomen
246 1831 439 1894 Ambrosiam
465 1832 684 1920 increpantes,
706 1832 797 1920 quod
819 1833 882 1898 sibi
906 1851 1161 1923 cognomentum

104 1949 142 1990 ex
158 1929 370 1996 latrocinandi
385 1933 734 2022 licentiosumpserant
760 1933 841 2020 (nec
863 1935 951 1999 enim
977 1935 1081 2024 gentis
1099 1937 1164 2003 hoe

103 2031 296 2096 vocabulum
310 2050 359 2097 est
371 2033 402 2118 );
418 2057 523 2122 eoque
533 2034 668 2101 Galtridi
683 2051 830 2123 tempore
837 2036 1039 2101 britannicus
1054 2060 1162 2105 sermo

103 2131 282 2198 nebulones
306 2134 514 2224 significabat.
538 2138 578 2201 At
603 2138 687 2201 hanc
709 2137 890 2224 antiquitus
912 2138 1160 2226 appellationem

102 2233 197 2296 etiam
214 2236 346 2324 Ligures
363 2238 553 2303 habuerant.
570 2239 656 2328 Ergo
673 2260 793 2325 quum,
813 2238 846 2302 in
864 2238 966 2326 prima
979 2239 1047 2304 acic
1059 2239 1172 2303 collo·-

102 2335 181 2417 cati,
200 2336 288 2400 hunc
302 2338 473 2403 clamorem
489 2338 671 2420 audissent,
692 2361 789 2404 suum
800 2361 869 2402 esse
884 2361 1004 2402 nomen
1021 2338 1160 2427 ingemi·

101 2453 232 2518 nantes,
247 2439 333 2504 baud
346 2441 504 2505 mitiorem
518 2440 740 2505 reddiderunt.
749 2440 879 2503 Ceteris
895 2440 991 2502 etiam
1005 2439 1160 2525 utrinque

100 2538 217 2625 copiis,
230 2557 266 2603 ut
279 2542 346 2604 suis
358 2540 513 2606 adderent
522 2542 687 2619 animum,
700 2538 998 2616 conclamantibus,
1008 2538 1160 2601 l'erocioer

101 2660 295 2705 concursum
311 2656 369 2704 est.

144 2738 263 2800 XVIII.
283 2738 347 2801 Sed
365 2739 544 2801 Ambrones
559 2739 593 2800 in
611 2753 801 2800 transcensu
819 2734 963 2799 llumiois
981 2749 1159 2822 occupatos

100 2835 232 2921 Ligures
243 2837 474 2900 turbaverunt:
489 2857 713 2901 moxromanoe
724 2836 885 2924 legiones,
896 2835 1000 2899 alocis
1011 2835 1157 2922 superio·

99 2935 188 2999 ribus
205 2959 318 3027 magna
330 2938 362 3001 vi
372 2937 619 3018 incumbentes,
633 2951 837 3000 retruserunt
848 2934 891 2999 ad
903 2956 1052 3015 amnem;
1069 2935 1155 2999 roul-

98 3037 204 3123 tisque
218 3038 302 3102 inter
316 3039 608 3103 consternationem
623 3054 739 3102 mutuo
752 3035 1000 3124 impedientium
1013 3034 1156 3101 trucida·

97 3139 153 3220 tis,
171 3140 229 3227 ipsi
246 3162 395 3229 quoque,
407 3161 503 3203 amne
514 3157 681 3227 superato,
696 3139 837 3226 reliquos
852 3152 1040 3203 convertere
1052 3137 1155 3201 aciem

98 3261 164 3303 non
183 3262 298 3322 ausos,
315 3240 357 3306 ad
375 3242 578 3306 munimenta
600 3241 837 3329 plaustrorum,
855 3238 976 3327 quibus
995 3260 1055 3326 pro
1072 3238 1156 3303 vallo

98 3342 289 3423 utebantur,
307 3343 498 3431 prosequuti
514 3359 601 3408 sunt

140 3443 230 3506 XIX.
248 3444 297 3507 Ibi
314 3467 391 3510 vero
407 3445 557 3510 terribilis
570 3460 604 3508 et
623 3442 706 3507 foeda
716 3443 788 3508 risu
800 3442 896 3507 facies
907 3439 971 3503 fuit
981 3461 988 3502 :
999 3438 1150 3505 mulieres

96 3565 170 3606 cum
194 3545 359 3610 horrendo
379 3549 519 3613 clamore
542 3563 574 3611 et
596 3545 740 3624 ululatu,
762 3542 875 3633 gladiis
893 3564 932 3605 ac
954 3540 1151 3629 bipennibus

95 3644 211 3729 raptis,
234 3645 318 3709 inter
338 3665 477 3714 armatos
493 3647 674 3734 Erinnyurn
692 3645 798 3733 specie
820 3641 1061 3722 discurrebant,
1082 3665 1149 3707 oon

96 3766 172 3806 suos
186 3745 310 3827 minus,
324 3769 422 3833 quam
434 3750 576 3828 hostem,
588 3744 793 3834 impetendo,
803 3742 979 3831 prodeam
992 3742 1080 3806 eninr
1093 3762 1150 3827 ap-

95 3844 274 3933 pellabant,
295 3850 353 3936 qui
365 3851 453 3913 torres
464 3863 580 3938 partas
596 3846 755 3936 splendide
772 3846 920 3909 viennas
932 3838 1149 3929 infamifuga

94 3961 322 4037 corrumperent
341 3971 353 4012 :
372 3971 478 4038 neque
495 3952 617 4014 ferrum
639 3964 697 4013 aut
722 3947 853 4013 ruInera
873 3944 1048 4033 parebant,
1067 3942 1148 4029 <1¹¹in

95 4046 197 4112 ubivis
219 4065 441 4130 occursantes,
457 4067 549 4115 scuta
561 4052 805 4127 Romanorum,
820 4063 854 4112 et
869 4047 956 4135 ipsos
977 4066 1061 4131 sape
1078 4043 1147 4132 gla-

128 4270 225 4335 sm.
239 4271 361 4320 Plutarch.
377 4271 477 4336 Apoplr.
493 4272 566 4319 Bon.
574 4284 628 4335 cap.
637 4284 688 4332 ις,
706 4280 732 4317 at
744 4269 773 4317 ln
785 4268 848 4317 Har.
858 4280 915 4330 sap.
931 4263 972 4313 38.
981 4286 1017 4299 -
1026 4261 1099 4311 ΟΜ.
1111 4288 1144 4301 -

93 4354 156 4401 Fen.
167 4380 201 4391 -
210 4350 818 4420 ngsr.111,ro.-31V11.snlig.’rahasls
827 4368 853 4401 a.
866 4349 984 4400 rotn-
993 4345 1070 4399 osta.
1080 4346 1151 4401 uisa.

92 4436 280 4500 Britannvlll,
289 4441 318 4498 6,
332 4447 362 4495 rt
373 4450 398 4489 st
407 4438 448 4488 ss.
460 4462 495 4477 ··
504 4436 625 4488 Plutarch.
