2594 4980
273 758 331 826 m
358 758 470 826 coc.
497 756 588 826 mn.
616 759 687 826 uu
715 755 931 831 mrum.
1069 784 1135 862 ¹79

93 876 124 943 td
135 898 237 964 quos,
249 878 321 941 sine
332 878 393 942 ulla
402 880 538 942 aliorum
551 879 684 958 injuria,
695 895 784 942 certo
795 882 1135 967 comprehendendos,

93 1003 134 1044 uc
146 997 215 1044 arte
226 980 344 1045 dicitur
360 1004 447 1045 usus.
461 984 653 1044 Convocatis
666 982 850 1068 promiscue
862 984 1032 1066 omuibus,
1045 987 1136 1053 dissi·

93 1082 263 1170 uulatoque
276 1083 405 1146 interim
420 1083 588 1170 proposito
601 1105 678 1163 suo,
693 1099 831 1146 armatos
845 1084 1071 1152 circumfudit:
1083 1090 1137 1154 de-

93 1182 153 1246 ude
169 1182 489 1270 edicerepraeconem
498 1185 608 1266 jussit,
626 1183 815 1265 Corinthios,
827 1191 923 1272 etqui
938 1195 1138 1254 manumisso·

93 1305 148 1349 nun
159 1308 228 1349 cum
239 1286 286 1349 Itis
294 1284 494 1366 militassent,
508 1289 542 1348 in
556 1287 728 1349 servitutem
734 1288 805 1373 peti
810 1310 823 1364 ;
839 1291 958 1350 caeteris
963 1293 1137 1376 periculum

93 1408 145 1449 non
158 1410 216 1450 esso
228 1388 356 1476 :jubere
371 1401 476 1450 autem
496 1387 670 1467 consulem,
680 1389 868 1474 utquisque
886 1389 1061 1454 adstantem
1081 1394 1141 1456 sibi

95 1501 190 1554 areat.
206 1492 252 1552 Ita
266 1511 369 1576 quum
383 1488 541 1576 effugium
554 1505 611 1551 aut
628 1488 756 1550 latebre
773 1489 869 1551 nullae
889 1506 1011 1571 essent,
1028 1493 1135 1578 l'acile,

99 1591 144 1676 qui
157 1591 391 1678 querebantur,
410 1605 487 1652 sunt
508 1589 617 1677 agniti.
635 1590 761 1651 Caeterae
785 1611 917 1675 quoque
938 1591 1053 1677 praedae
1070 1616 1138 1656 ma·

102 1711 177 1778 gnam
194 1707 312 1778 partem
325 1689 487 1754 vendidit:
499 1691 625 1752 viserat
637 1687 833 1752 incredibilis
846 1690 1031 1776 signorum,
1045 1695 1139 1758 tabu·

103 1786 184 1855 btuut
198 1792 398 1878 vestiumque
414 1791 647 1877 pretiosarum,
668 1804 781 1878 praeter
799 1812 835 1852 ea
853 1793 979 1871 omnia,
995 1817 1068 1881 quae
1087 1797 1138 1860 in-

106 1891 197 1955 cendio
210 1892 338 1974 hausta,
354 1908 411 1956 aut
424 1914 443 1956 a
459 1890 686 1979 diripientibus
706 1891 869 1955 confracta
886 1896 1138 1985 conculcataque

108 1993 248 2078 petieram.
519 1988 521 1991 ¹

140 2093 241 2161 xvffl.
269 2097 415 2161 Militaris
438 2096 615 2159 insolentiae
641 2118 716 2159 cum
741 2097 900 2185 imperitia
925 2098 1138 2178 conjunctum

111 2197 202 2280 eunde
210 2200 368 2288 specimen
383 2199 515 2279 vidisse,
532 2199 685 2287 Polybius
695 2199 807 2281 refert,
823 2202 878 2287 qui
893 2217 962 2264 tum
977 2202 1017 2266 ad
1029 2205 1138 2268 suble-

111 2295 232 2380 nrum,
246 2301 274 2363 si
286 2324 350 2388 qua
360 2315 483 2387 posset,
498 2300 606 2386 patriae
619 2300 845 2382 calamitatem,
859 2325 897 2364 ex
911 2303 1016 2367 Africa
1026 2328 1137 2370 recens

111 2391 256 2464 denerat.
275 2400 421 2465 Aristidis
435 2400 521 2463 enim
539 2400 656 2462 summi
673 2401 804 2487 pletoris
817 2403 969 2466 Liberum
990 2405 1137 2489 Patrem,

111 2496 165 2579 qui,
179 2498 382 2565 admiratione
400 2500 619 2588 perfectissimi
642 2503 767 2589 operis,
788 2504 979 2589 proverbio,
998 2506 1080 2569 nitet
1092 2509 1140 2571 ad

112 2591 262 2681 Ilittysutn,
279 2599 404 2665 dederit
413 2603 536 2678 locum,
547 2600 639 2663 humi
647 2601 822 2682 jacentem,
838 2602 1024 2669 ludentibus
1035 2609 1135 2672 aleam

112 2694 233 2765 nilitibus
244 2703 324 2766 alvei
336 2703 437 2766 vicem
454 2701 646 2789 praestitisse.
659 2701 778 2764 Eadem
796 2720 872 2766 mox
889 2706 1016 2785 tabula,
1033 2732 1136 2794 quum

113 2799 405 2884 Mtenderctur,
420 2804 524 2866 Attalo
535 2803 602 2891 regi
618 2825 672 2865 sex
686 2803 827 2866 millibus
841 2826 1014 2869 nummum
1032 2826 1140 2897 empta

114 2913 157 2981 θὶς
167 2925 258 2991 quum
271 2904 462 2995 proconsul,
476 2903 616 2991 pretium
632 2903 823 2984 admiratus,
836 2905 966 2969 rescidit
979 2908 1139 2973 venditio·

114 3014 180 3083 tm,
193 3028 229 3070 ex
243 3006 347 3069 abeno
364 3005 486 3085 judicio
505 3002 781 3091 pulchritudinem
801 3005 917 3068 tabulae
935 3008 1113 3095 suspicatus
1131 3034 1139 3074 :

93 3088 96 3095 Ι
113 3116 260 3184 {mmmm
273 3107 306 3169 in
324 3106 444 3193 templo
458 3105 582 3168 Cereris
594 3105 721 3192 posuit,
734 3105 790 3167 ubi
804 3123 944 3192 spectata
953 3108 1016 3170 fuit
1025 3132 1142 3199 magno

114 3197 258 3272 mutium-
268 3207 395 3287 studio,
409 3205 515 3270 donec
531 3205 606 3269 aedis
626 3207 694 3284 ejus
709 3207 879 3286 incendio,
894 3224 1065 3296 postquam
1082 3234 1159 3274 an·.

115 3316 277 3373 motatum
289 3307 478 3396 quindecim
491 3307 534 3369 ibi
546 3307 675 3387 fuisset,
692 3308 795 3396 periit.
807 3309 847 3371 Et
858 3311 1011 3396 quoniam
1025 3312 1141 3377 adhoc

116 3410 364 3499 melegantiae
380 3407 499 3495 delapsi
516 3430 644 3488 sumus,
659 3430 696 3471 ex
715 3431 755 3472 eo
769 3432 900 3496 quoque
917 3427 1062 3501 tempore
1076 3417 1139 3479 fre·

116 3514 267 3580 querutum
282 3509 522 3573 aeriscorintbii
539 3530 660 3572 nomen
675 3525 723 3572 est
738 3533 746 3572 :
763 3512 862 3598 magis
878 3513 953 3598 quia
966 3513 1140 3580 fluentibus

117 3593 231 3672 inunum
245 3612 333 3690 auri,
350 3610 491 3698 argenti,
509 3609 644 3696 aerisque
661 3610 811 3690 metallis,
828 3633 943 3699 magna
959 3613 1140 3693 simulejus

118 3707 221 3772 Mene
236 3712 328 3799 copia
347 3711 484 3790 exstitit,
506 3731 602 3796 quam
624 3709 712 3796 quod
730 3724 799 3773 tum
816 3711 959 3796 primum
976 3713 1044 3791 ejus
1061 3714 1143 3778 mix·

120 3808 175 3865 ΠΜ
186 3827 299 3897 reperta
316 3811 357 3874 sit
371 3811 470 3891 ratio;
484 3832 558 3872 nam
571 3825 603 3871 et
614 3810 722 3873 multis
734 3827 809 3873 ante
823 3811 969 3874 aetatibus
983 3814 1141 3877 celebrata

120 3902 236 3973 annuit
248 3913 355 4000 operis
374 3909 524 3974 nobilitas
544 3909 615 3972 fuit.

150 4000 218 4074 xm
233 4011 282 4076 Ad
297 4012 388 4076 hunc
404 4010 539 4074 modum
557 4012 659 4072 excisa
675 4009 850 4089 Corintho,
868 4031 943 4099 ager
957 4011 1139 4097 publicatus

93 4096 111 4250 p.
121 4111 166 4181 ἃ,
174 4109 250 4190 wius
261 4113 433 4176 maximam
444 4133 520 4174 mox
529 4126 654 4197 partem
668 4109 809 4198 Sicyonii
821 4110 1045 4174 obtinuerunt.
1054 4111 1140 4176 Itum

93 4364 96 4381 ,
147 4309 230 4373 lxm.
240 4328 338 4376 rm.
352 4353 389 4365 -
401 4330 484 4376 rme
499 4327 571 4375 sim.
587 4350 624 4361 -
636 4325 698 4372 nor.
713 4324 1142 4390 11,ro.-§xv111.stnb.1tb.

127 4385 206 4465 vmil·
216 4409 268 4460 ὅθι.
278 4440 313 4449 -
326 4412 392 4460 Plio.
404 4413 515 4468 XXXV,
526 4418 541 4466 4
552 4420 577 4458 et
590 4424 627 4455 ro.
644 4435 679 4445 υ-
693 4409 799 4458 Diodor.
815 4408 859 4457 lib.
874 4411 899 4456 L.
909 4432 945 4444 -
959 4408 1065 4467 Orosv,
1076 4386 1098 4458 i.
1110 4436 1144 4449 -ι-

93 4478 97 4487 “
130 4468 484 4553 ntr·-1u=1.xtur1V‚2.-
496 4493 588 4543 amn.
601 4491 645 4551 ιν,
659 4507 681 4539 ι.

912 4610 968 4653 12.
