2594 4980
119 698 188 779 214
298 697 364 762 JO.
392 694 732 763 FIIEINSHEMII
762 696 1009 767 SUPPLEM.

119 815 260 879 licinius
276 817 445 901 inperator
457 829 506 877 est
523 813 714 902 appellatus,
732 817 886 903 quaestori
899 818 1047 907 Scmpdoe
1059 840 1163 909 cogno·

117 931 265 979 mentum
282 914 389 995 haesit,
405 913 495 1000 quod
510 914 631 1002 posteri
644 938 779 1004 quoque
794 917 1012 985 retinuerunt.

158 1016 313 1080 XXXIII.
330 1014 498 1079 Difficilius
519 1014 553 1077 in
574 1016 737 1104 Hispaniis
754 1018 877 1083 bellum
893 1034 979 1101 eant,
996 1020 1073 1085 binc
1085 1020 1163 1085 Gett-

115 1120 222 1201 beris,
242 1117 319 1181 inde
339 1117 486 1180 Viriatho
508 1139 662 1182 romanos
681 1117 781 1184 duces
804 1121 1042 1187 exercentibus.
1064 1120 1122 1187 sal
1136 1134 1162 1185 tt

115 1220 266 1284 adversus
293 1218 476 1283 Viriathum
499 1216 607 1282 dubiae
635 1219 812 1285 Serviliano
835 1244 901 1302 res,
924 1221 971 1285 its
988 1222 1033 1305 Q.
1056 1220 1161 1287 bletdb

114 1321 302 1409 proconsuli
323 1342 485 1408 prosperan
504 1318 745 1408 magnificaeque
758 1322 904 1386 luerunt.
922 1322 985 1387 vir
998 1344 1072 1389 seer
1085 1336 1115 1387 et
1125 1322 1160 1385 ir·

116 1440 225 1487 tentus
242 1423 324 1486 nihil
341 1444 450 1510 neque
466 1421 553 1509 apud
571 1422 679 1487 hostes
695 1422 955 1513 inexploratum,
975 1446 1084 1513 neque
1097 1420 1159 1513 spel
1202 1500 1204 1513 ι

114 1548 192 1587 suos
208 1525 380 1589 remissum
393 1524 592 1611 patiebatur3
609 1523 727 1613 digno,
743 1524 834 1613 quod
849 1525 1021 1608 referatur,
1037 1524 1158 1591 muiu-
1201 1530 1204 1539 '

117 1626 156 1689 tis
168 1627 388 1690 saluberrimae
402 1626 561 1715 exemplo.
570 1626 682 1707 Quum
695 1626 736 1690 ad
745 1627 955 1692 Contrebiam
963 1648 1036 1693 rem
1045 1640 1157 1718 guma,

115 1727 271 1790 cohortes
293 1727 484 1816 legionarias
503 1726 668 1814 quinque,
698 1727 789 1815 quod
808 1729 881 1795 loco
900 1744 1080 1811 cesserant,
1097 1726 1157 1793 int·-

116 1844 251 1914 gnatus,
264 1826 304 1891 ad
314 1827 466 1892 eumdem
479 1828 588 1891 locum
599 1830 857 1918 recuperandum
869 1830 1032 1897 continuo
1042 1829 1156 1897 remitit:

115 1928 215 1991 edixit
231 1929 343 2009 etiam,
362 1941 397 1992 ut
414 1931 590 2018 puteorum
612 1931 675 1992 nisi
692 1931 796 1993 victor
816 1932 851 1995 in
872 1946 980 1996 castra
998 1932 1154 2007 mem,

112 2052 172 2118 pro
189 2030 274 2093 hoste
284 2031 455 2095 crederetur
467 2053 479 2094 .·
495 2052 602 2118 neque
620 2032 757 2095 mutavit
773 2032 984 2114 sententiam,
998 2052 1155 2121 quianon·

118 2152 191 2211 nes,
208 2148 246 2194 ut
269 2148 388 2195 certam
407 2130 449 2195 ad
468 2147 608 2195 mortem
624 2131 722 2214 ituri,
744 2147 936 2197 testamenta
957 2134 992 2197 in
1016 2132 1154 2223 protinttt

116 2233 271 2296 l'acerent.
287 2234 334 2297 Ea
350 2232 523 2297 necessitas
541 2232 629 2296 acuit
648 2233 819 2314 virtutem,
833 2249 866 2297 et
879 2234 938 2323 qui
953 2232 1055 2299 modo
1072 2228 1155 2297 multi·

119 2332 228 2397 tudini
247 2335 391 2398 hostium
410 2351 590 2416 cesserant,
609 2334 632 2397 ii
648 2334 811 2416 eamdem,
828 2334 903 2399 licet
916 2335 1051 2401 victoria
1063 2328 1155 2400 retati¹

117 2432 309 2514 animatam,
326 2435 540 2523 repulerunt:
559 2458 696 2522 quaeque
714 2434 973 2525 inexpugnabilia
989 2434 1094 2499 habita
1105 2434 1156 2497 tat·

118 2551 166 2598 rat
180 2536 305 2615 civitas,
320 2551 412 2622 capta
427 2552 485 2600 est.
500 2537 577 2600 Haec
591 2535 761 2623 disciplina
773 2552 948 2599 romanum
962 2535 1093 2599 militem
1103 2548 1159 2597 ott·

119 2634 275 2717 firmavit,
297 2637 476 2700 Celtiberos
494 2637 607 2726 fregit,
620 2637 678 2725 qui
697 2654 730 2701 et
749 2636 872 2701 collatis
894 2636 996 2726 signis
1016 2634 1085 2701 cusi
1102 2642 1159 2698 ml

116 2762 134 2800 a
149 2740 359 2825 proconsule,
374 2754 406 2801 et
417 2738 559 2828 egregias
572 2738 669 2803 urbes
680 2738 873 2819 amiserunt,
890 2738 1101 2803 Amaooomm
1110 2750 1159 2797 nt·

114 2841 179 2919 jori
194 2856 285 2929 parte
300 2838 438 2923 domita;
454 2840 575 2927 quibus
591 2854 738 2927 tempore
757 2838 883 2922 messis,
898 2860 1004 2927 quum
1018 2838 1157 2903 fruman

117 2939 331 3007 convehendo
355 2941 472 3005 intenti
497 2957 610 3005 caetera
638 2941 793 3005 incuriosi
817 2956 968 3029 agerent,
991 2936 1161 3029 improtitv

119 3045 323 3109 incubuerat.

160 3147 312 3209 XXXIV.
329 3146 394 3207 Ista
410 3166 512 3229 quum
529 3143 696 3207 severitate
708 3142 910 3230 perfecisset,
924 3141 1014 3206 haud
1026 3143 1161 3207 minora·

118 3272 158 3313 ex
174 3245 343 3309 clementia
360 3243 503 3305 fructum
521 3242 619 3306 tulit:
642 3243 811 3328 utriusque
829 3242 918 3305 enim
938 3241 1024 3307 clam
1042 3232 1162 3325 ⁰¹,ssss

120 3344 235 3425 edidit,
246 3343 362 3406 illustri
373 3342 577 3422 testimonio,
591 3364 659 3405 non
674 3342 807 3426 saevitia,
818 3342 876 3407 sed
887 3342 1014 3407 ratione
1023 3344 1163 3427 ammo

120 3443 328 3532 cogentibus,
346 3442 477 3505 duriora
497 3464 736 3530 nonnunquam
754 3445 939 3533 imperasse.
957 3443 1164 3533 Nenobripn

121 3543 306 3624 obsidebat,
323 3566 453 3631 unaque
475 3559 565 3632 parte
588 3542 715 3632 oppidi,
738 3567 803 3632 qua
825 3544 893 3609 sola
915 3544 1020 3609 subiri
1040 3550 1177 3635 potetis,

123 3670 254 3712 murum
277 3645 407 3709 admota
431 3643 580 3709 machina
600 3661 668 3708 erat
687 3644 891 3725 disjecturus.
917 3644 1102 3733 Opponunt
1116 3636 1166 3703 ob·

121 3750 199 3815 sessi
211 3747 322 3836 primis
337 3748 479 3811 hostium
493 3746 612 3811 ictibus
622 3745 821 3836 Rhetogenis
832 3745 932 3827 lilios,
941 3746 1004 3809 viri
1013 3747 1166 3811 interm

123 3848 282 3940 primarii,
295 3849 351 3934 qui
368 3847 408 3912 ad
423 3848 592 3913 Metellum
603 3848 788 3912 transierat:
804 3869 912 3935 neque
924 3848 1167 3929 movebatnrp·

124 3972 192 4034 ter3
216 3950 272 4015 sed
300 3951 386 4012 ultro
411 3950 558 4015 hortatus
583 3950 832 4036 imperatorem,
859 3950 982 4015 nullam
1009 3970 1078 4015 esse
1096 3942 1167 4011 riw

120 4050 353 4141 aspernandam
371 4048 515 4130 dicebat,
529 4074 602 4137 quae
616 4050 658 4115 ad
669 4051 836 4115 victoriam
850 4050 1001 4133 ducerem
1017 4073 1056 4115 er
1070 4072 1104 4115 es
1114 4032 1168 4107 'llll

120 4152 329 4241 postmodum
354 4151 503 4214 solatium
519 4152 599 4217 lore.
619 4154 704 4218 Tum
726 4152 890 4236 Metellus,
909 4155 1052 4243 parentis
1066 4138 1169 4217 duritia

152 4326 1170 4425 §xxxinsaloma-'noran12.-va.uix'.n,7.-amasus·

119 4449 163 4505 lv,
180 4462 201 4493 ι.
213 4446 316 4494 -vdt
327 4448 396 4503 lt,5.
410 4473 440 4480 -
453 4446 526 4491 Auct.
537 4443 568 4491 de
577 4443 629 4492 Vir.
639 4443 674 4492 ill.
684 4460 738 4509 cap.
750 4452 790 4499 tr.
801 4471 835 4482 -··
847 4444 955 4509 Appiam
965 4446 1038 4511 llisp.
