2594 4980
313 717 367 787 IN
400 719 512 787 LOC.
540 720 632 789 LlB.
659 722 784 790 LVIII
812 723 1024 796 LIVIANI.
1132 723 1198 827 391

140 842 242 902 amico
260 854 290 901 et
303 838 450 923 collegis,
469 839 551 903 dura
564 841 695 905 consilia
709 865 775 906 non
789 842 927 906 lubenter
938 844 1101 933 amplexo,
1120 849 1201 913 tist’t'·

140 939 224 1002 dzbm
236 964 407 1028 procurare
423 940 584 1006 desineret.

182 1042 285 1105 XXV.
299 1042 453 1105 Versabat
466 1043 550 1105 inter
568 1043 635 1106 haec
646 1043 819 1131 ancipitem
838 1044 1008 1110 Octavium
1023 1045 1101 1108 hinc
1114 1049 1201 1134 peri-

139 1144 202 1206 culi
220 1142 431 1232 magnitudo,
446 1143 472 1205 si
492 1145 676 1230 persisteret
693 1145 727 1207 in
744 1145 892 1233 incepto,
906 1143 983 1209 inde
1001 1143 1154 1233 pudoris,
1169 1149 1205 1227 si

138 1244 307 1308 absterreri
319 1267 353 1307 se
373 1259 555 1331 pateretur:
571 1246 763 1332 feruntque,
780 1244 987 1331 deliberantis
997 1246 1097 1309 animi
1113 1245 1203 1313 haud

137 1344 235 1409 dubia
250 1346 353 1434 signa,
372 1346 456 1408 inter
472 1344 666 1439 diuturnum
690 1345 855 1411 silentium
871 1348 1025 1436 lacrymas
1046 1348 1201 1436 erupisse.
1224 1366 1231 1381 ¹

137 1447 257 1509 Verum
270 1447 327 1509 ubi
340 1445 380 1510 ad
393 1468 615 1533 possessorum
626 1469 740 1534 agmen
752 1445 880 1513 deflexit
892 1448 1021 1524 oculos,
1040 1446 1126 1535 apud
1140 1448 1201 1513 hos

136 1548 404 1611 existimationem
427 1564 550 1633 partam
568 1548 742 1628 amittere,
754 1570 933 1636 eorumque
951 1547 1104 1613 conviciis
1124 1571 1200 1637 pro·

136 1647 254 1727 scindi,
271 1667 411 1733 quorum
434 1648 541 1710 ornari
564 1646 713 1711 laudibus
731 1666 899 1728 sueverat,
916 1649 1005 1714 haud
1020 1650 1199 1732 sustinens,

135 1747 169 1811 id
183 1748 297 1828 modo,
309 1762 417 1834 ageret
431 1771 506 1810 sane
526 1746 687 1812 Gracchus
695 1797 705 1827 ‚
721 1748 809 1837 quod
817 1748 1000 1813 collttbt'tum
1015 1753 1122 1814 amitto
1135 1751 1200 1840 q‘us

134 1864 225 1929 esset,
241 1847 417 1935 respondit.
436 1849 533 1913 Hunc
543 1847 585 1911 ad
599 1849 734 1917 modum
750 1867 922 1940 perrogato
934 1850 1089 1938 jussoque
1104 1850 1199 1940 privi-
1263 1849 1266 1856 ’

135 1951 232 2039 legio,
245 1952 399 2013 viatorem
412 1950 576 2016 Gracchus
589 1951 702 2032 mittit,
707 1953 928 2040 privatumque
939 1951 1065 2016 detrahi
1073 1952 1114 2016 de
1122 1954 1199 2043 sug-¹

130 2067 215 2138 gesto
233 2053 335 2131 jubet.

176 2153 295 2217 XXVI.
307 2153 384 2216 Erat
392 2154 460 2217 haec
468 2176 571 2241 quum
581 2177 638 2219 sua
646 2171 761 2243 sponte
770 2155 870 2219 tristis
880 2170 913 2219 et
921 2154 1053 2244 indigna
1064 2156 1197 2244 species,

133 2255 296 2343 egregium
309 2256 479 2335 juvenem,
498 2256 594 2343 paulo
606 2272 681 2320 ante
696 2272 896 2321 sacrosancta
912 2271 1069 2344 potestate
1080 2255 1198 2344 praedi·

133 2375 218 2439 tum,
229 2360 337 2423 subito
348 2359 389 2423 de
403 2361 515 2424 rostris
529 2361 711 2425 deturbari:
727 2379 759 2425 et
772 2362 910 2451 augebat
923 2361 1095 2442 invidiam,
1107 2361 1197 2450 quod

131 2483 149 2523 a
176 2461 292 2524 liberto
322 2462 458 2525 maxime
488 2463 624 2527 Gracchi
653 2485 768 2527 manus
800 2464 917 2543 injecta
942 2464 1069 2528 homini
1094 2465 1196 2544 foret3

132 2561 296 2626 Gracchus
313 2564 417 2643 enim,
436 2557 526 2627 more
545 2579 657 2628 canera
677 2586 744 2626 non
760 2564 983 2651 improbabili,
1002 2554 1194 2652 apparitori}

131 2663 191 2726 hus
211 2664 368 2727 libertinis
387 2665 453 2726 suis
473 2664 635 2728 utebatur.
652 2664 767 2751 Neque
791 2678 899 2728 tamen
919 2666 1043 2728 Octavii
1061 2668 1196 2729 l'ortuna

129 2765 286 2850 populum
307 2764 587 2829 commiseratione
607 2765 768 2852 permovit
789 2787 797 2827 ε
822 2764 895 2851 plus
909 2764 1036 2828 valebat
1052 2765 1086 2828 in
1106 2764 1195 2841 iratis

129 2866 243 2929 animis
272 2867 411 2929 recentis
437 2864 569 2927 offensae
592 2864 702 2944 dolor;
720 2886 902 2953 magnaque
919 2865 953 2927 in
976 2864 1068 2928 illum
1096 2887 1196 2929 manu

129 2982 256 3048 coorta,
276 2967 337 3029 nisi
354 2967 420 3028 vim
432 2988 567 3029 accursu
582 2987 642 3030 suo
659 2967 835 3054 locupletes
849 2967 1056 3047 avertissent,
1070 2967 1104 3029 in
1120 2968 1194 3047 foro
1281 3042 1284 3047 Ι

129 3083 210 3130 esset
219 3068 399 3155 discerptus
414 3091 421 3131 :
436 3090 546 3131 servus
555 3083 662 3131 tamen
673 3090 711 3131 ex
723 3066 901 3147 fidissimis,
913 3068 969 3155 qui
984 3090 1043 3155 pro
1056 3065 1192 3155 domino

129 3192 244 3257 corpus
261 3183 472 3258 opposuerat,
489 3169 591 3232 oculis
612 3169 736 3232 effossis
755 3182 889 3232 cecatus
907 3183 955 3232 est
976 3190 983 3232 :
1003 3168 1072 3256 ipse
1089 3189 1193 3259 quum

127 3270 168 3333 nd
182 3273 359 3334 tumultum
377 3270 472 3334 etiam
486 3269 635 3334 Tiberius
654 3269 865 3352 accurrisset,
884 3270 1000 3356 suique
1016 3269 1195 3335 reverentia
1242 3305 1248 3317 =

127 3373 231 3459 plebis
248 3374 405 3467 impetum
422 3372 634 3451 inhibuisset,
652 3394 735 3461 tegre
751 3371 876 3459 effugit.

171 3473 305 3538 XXVII.
318 3475 375 3538 His
394 3474 438 3536 ita
457 3474 573 3562 gestis,
591 3495 698 3560 neque
714 3472 780 3536 ullo
790 3473 855 3552 jam
869 3471 1025 3537 obsistere
1036 3471 1194 3550 audente,

127 3574 176 3636 lex
191 3575 312 3662 agraria
332 3574 491 3637 continuo
508 3573 680 3660 perfertur.
697 3573 870 3637 Triumviri
888 3571 1073 3636 dividundis
1089 3574 1192 3661 agris,

126 3676 313 3761 colonisque
323 3674 536 3756 deducendis,
548 3675 700 3738 Tiberius
715 3675 801 3761 ipse,
811 3696 887 3737 cum
899 3696 1013 3738 socero
1023 3674 1084 3761 Ap.
1097 3673 1192 3753 Clau·

125 3774 197 3854 dio,
215 3792 247 3837 et
259 3776 295 3836 G.
311 3776 425 3863 fratre,
439 3777 496 3862 qui
511 3792 582 3839 tum
599 3773 777 3839 admodum
786 3774 914 3852 juvenis
928 3772 968 3837 ad
982 3774 1193 3859 Numantiam

125 3875 296 3954 militabat,
313 3891 473 3939 creantur.
491 3876 606 3964 Neque
619 3876 706 3939 enim
720 3896 917 3962 quemquam
931 3874 993 3938 sibi
1003 3875 1079 3938 satis
1091 3874 1194 3941 fidum

124 3993 211 4040 extra
238 3962 373 4041 Gracchi
397 3975 551 4057 domum,
577 3974 824 4062 commodisque
846 3977 912 4038 suis
931 3975 1126 4064 propensius
1147 3975 1195 4040 fa·

123 4095 270 4159 ventem,
284 4077 426 4166 populus
436 4077 579 4141 rebatur.
594 4077 793 4163 subrogatus
807 4077 902 4140 etiam
919 4077 952 4139 in
968 4075 1076 4138 locum
1094 4075 1193 4153 Octa·

123 4180 164 4240 vii
184 4180 336 4242 tribunus
352 4177 454 4266 plebis
467 4193 534 4258 est,
554 4199 594 4240 ex
609 4175 780 4240 clientibus
796 4177 950 4259 Gracchi,
968 4175 1061 4256 eujus
1078 4199 1119 4241 ne
1135 4200 1193 4245 no·

157 4374 173 4438 S
191 4378 273 4426 XXV.
296 4379 326 4425 U.
344 4376 456 4437 c.619;
475 4375 506 4423 A.
526 4375 554 4424 C.
575 4372 631 4422 133.
643 4400 679 4409 -
695 4374 802 4438 Appias.
818 4400 854 4409 -
866 4371 990 4422 Plutarch.
1008 4399 1044 4410 -
1062 4371 1079 4438 S
1095 4375 1192 4426 xxvt.

17 4475 21 4491 ν
124 4459 185 4505 Flos.
203 4462 252 4519 111,
267 4462 304 4518 ¹4·
324 4487 356 4498 «-
372 4458 497 4507 Plutarch.
514 4458 748 4518 -v011.11,2.-
758 4457 811 4503 liv.
825 4456 889 4521 Epis.
901 4478 935 4492 -υ
949 4456 1057 4521 Applsn.
