2594 4980
291 709 344 777 IN
376 708 487 775 LOC.
515 708 609 775 LlB.
637 707 784 774 LXXII
815 708 1024 779 LIVIANI.
1115 708 1188 806 649

120 843 307 913 postquam,
321 827 414 889 initio
430 849 448 889 a
464 827 651 891 Picentibus
662 843 752 908 orto,
767 827 886 892 civium
905 850 1115 895 romanorum
1131 834 1186 898 As·

121 929 185 991 culi
203 928 326 991 effusus
340 928 470 1017 sanguis
484 945 542 992 est.
560 929 609 991 Ex
625 928 677 1008 iis,
693 951 776 1015 quos
790 928 830 993 ad
846 928 1097 1018 explorandum,
1112 956 1185 1020 quae

119 1053 138 1092 a
154 1030 248 1093 sociis
267 1028 397 1110 fierent,
413 1031 516 1092 Roma
531 1030 645 1094 missos
659 1029 757 1093 fuisse
776 1029 934 1112 diximus,
953 1032 1085 1118 quidam
1104 1034 1185 1098 ado·

118 1131 289 1193 lescentem
308 1131 497 1195 asculanum
514 1128 589 1194 duci
606 1129 789 1195 Corfinium
806 1130 947 1214 viderat,
966 1149 1005 1196 ut
1019 1133 1084 1216 ibi,
1100 1135 1185 1209 sicut

118 1233 336 1304 communiter
352 1246 566 1313 convenerat,
586 1253 646 1319 pru
663 1255 722 1296 sua
739 1231 865 1295 civitate
883 1232 978 1297 obses
996 1233 1090 1298 foret.

163 1333 261 1398 ΙΙ.Ιά
279 1356 382 1420 quum
404 1333 445 1415 Q.
460 1332 610 1414 Servilio,
631 1333 687 1420 qui
704 1333 738 1396 in
756 1356 793 1396 ca
810 1348 901 1420 parte
921 1333 1019 1398 luliae
1040 1356 1183 1422 procon-

118 1436 188 1499 sule
209 1436 341 1525 agebat,
369 1433 556 1498 nuntiatum
576 1449 677 1516 esset,
699 1458 838 1523 propere
853 1435 993 1504 accurrit
1008 1437 1184 1518 Asculum,

118 1553 157 1600 ut
173 1537 340 1627 incipienti
361 1535 468 1600 adhuc
486 1536 571 1600 malo
591 1551 786 1600 occurreret.
811 1537 972 1600 Caeterum
993 1558 1054 1600 nec
1071 1536 1187 1625 oppii.

117 1661 206 1702 mere
224 1639 377 1702 morbum
399 1637 524 1724 potuit,
547 1653 579 1701 et
597 1660 655 1701 sua
677 1660 752 1701 cum
773 1637 915 1725 pernicie
934 1660 1030 1725 supra
1047 1637 1182 1702 modum

118 1741 322 1805 exulceravit.
343 1737 426 1804 Ludi
451 1754 522 1801 turn
546 1740 631 1802 forte
652 1738 847 1829 agebantur,
869 1761 920 1802 res
944 1762 1010 1803 una
1034 1740 1183 1803 omnium

118 1844 275 1928 maximos
295 1864 411 1931 cogere
430 1855 530 1904 coetus
548 1840 651 1905 solita.
672 1841 774 1905 Erant
799 1864 835 1904 ea
857 1841 994 1905 omnino
1018 1858 1182 1930 tempora,

116 1946 204 2032 iique
226 1946 399 2008 hominum
422 1943 538 2024 animi,
561 1960 600 2007 ut
624 1943 785 2007 lenissima
808 1966 945 2030 quaeque
968 1942 1111 2008 remedia
1128 1945 1182 2008 vix

115 2048 211 2110 laturi
230 2046 434 2124 riderentur3
451 2068 555 2132 quum
573 2046 725 2110 Servilius
743 2046 833 2133 quasi
854 2046 1013 2134 mancipia
1029 2046 1182 2111 conviciis

115 2148 277 2234 minisque
293 2145 444 2209 ferociter
458 2145 624 2235 increpat:
641 2146 752 2210 «Proh
768 2147 911 2234 Jupiter!
930 2147 1052 2235 inquit,
1070 2147 1183 2236 diique

114 2280 128 2304 ιι
139 2249 259 2328 caeteri,
278 2247 335 2335 qui
354 2269 527 2310 romanum
545 2247 740 2335 Capitolium
758 2247 831 2312 ideo
852 2249 1007 2313 nimirum
1025 2249 1181 2331 incolitis,

114 2348 227 2436 «quod
244 2348 290 2412 ibi
314 2363 412 2435 caput
431 2371 539 2411 rerum
564 2365 790 2437 terrarumque
811 2351 980 2432 omnium,
1004 2348 1182 2438 sedemque

113 2451 220 2515 «sicut
233 2451 408 2514 numinum
420 2467 623 2532 vestrorum,
638 2453 684 2515 sic
695 2452 822 2540 imperii
835 2475 904 2516 esse
915 2452 1078 2532 voluistis,
1091 2450 1182 2538 quod

112 2582 125 2606 ι
137 2567 264 2615 tantum
278 2550 468 2614 admisimus
486 2551 591 2632 nefas,
615 2568 653 2615 ut
668 2554 738 2616 haec
754 2551 883 2634 audire,
898 2554 968 2616 haec
985 2551 1094 2616 videre
1114 2570 1180 2616 tam

112 2653 218 2716 ufoeda
236 2676 273 2716 ac
291 2650 445 2739 pudenda
463 2653 638 2739 cogeretis!

156 2756 215 2817 ΙΙΙ.
230 2784 243 2808 «
253 2754 344 2816 Eone
357 2753 502 2816 deveniri
514 2751 714 2840 indignitatis
725 2753 888 2839 oportuit,
898 2767 936 2815 ut
945 2752 1015 2815 Itali
1027 2775 1087 2816 nos
1100 2775 1181 2816 con·

113 2884 126 2909 a
137 2870 333 2935 temnerent,
352 2870 385 2916 et
403 2876 487 2940 quos
501 2852 719 2941 potentissimi
735 2877 826 2942 reges
845 2853 1038 2934 formidant,
1054 2853 1181 2917 clienti·

114 2956 198 3019 abus
215 2957 333 3019 nostris
350 2955 555 3042 contemptui
574 2954 741 3018 essemus?
768 2957 837 3019 Jam
854 2955 970 3044 igitur,
989 2956 1015 3018 si
1032 2953 1093 3019 diis
1110 2956 1180 3043 pla·

112 3072 205 3138 «cet,
230 3057 374 3145 regimen
393 3078 503 3119 rerum
524 3056 706 3120 Asculanus
724 3073 882 3144 capesset,
904 3073 937 3120 et
955 3078 1015 3144 pro
1034 3057 1179 3121 romanis

112 3158 286 3222 «Patribus
309 3157 539 3247 satagentium
565 3180 747 3246 regumque
770 3158 918 3223 Picentes
938 3158 1178 3246 temperabunt.

112 3291 125 3317 a
137 3260 175 3324 Id
194 3284 272 3324 vero
288 3260 412 3323 facinus
428 3257 474 3322 dii
490 3259 725 3347 prohibessint!
746 3277 802 3324 aut
821 3260 848 3324 si
865 3275 930 3322 tam
950 3258 1088 3323 nefanda
1106 3280 1180 3348 per·

112 3363 262 3425 «mittere
283 3360 512 3442 decreverunt,
534 3362 624 3450 prius
644 3360 805 3449 quidquid
828 3384 967 3449 usquam
989 3377 1038 3425 est
1053 3361 1180 3425 romani

111 3463 292 3542 «nominis,
307 3464 537 3526 intemeratum
549 3461 658 3525 adhuc
669 3462 944 3551 impollutumque
958 3463 1082 3550 pereat!
1096 3460 1179 3526 Mihi

112 3562 269 3650 «quidem
282 3563 381 3628 satius
394 3565 507 3645 fuerit,
521 3564 573 3627 vel
584 3563 671 3626 mille
681 3580 801 3628 mortes
813 3566 972 3651 perferre,
985 3587 1083 3651 quam
1094 3564 1180 3627 hanc

112 3695 125 3718 a
135 3679 256 3727 tantam
266 3662 375 3728 subire
388 3664 601 3754 ignominiam
611 3712 620 3744 ,
631 3680 669 3726 ut
684 3686 758 3727 meo
774 3664 929 3754 suffragio
940 3666 993 3745 jus
1005 3686 1178 3729 romanum

111 3764 174 3827 «ad
200 3763 367 3828 dedititios
392 3782 521 3829 nostros
549 3782 698 3830 transeat.
724 3765 877 3830 Vestrum
903 3783 1011 3830 autern
1034 3768 1178 3830 furorem

110 3901 124 3924 a
137 3867 244 3930 mimri
268 3867 342 3930 satis
365 3889 506 3953 nequeo,
528 3867 698 3947 Asculani,
717 3890 801 3954 quos
824 3890 890 3930 nou
912 3866 1025 3954 populi
1050 3864 1177 3927 romani

110 4003 123 4024 ι
135 3969 280 4048 majestas
298 3969 398 4050 ultra,
417 3991 483 4030 non
501 3984 681 4031 vestrarum
698 3969 816 4031 virium
831 3968 1009 4056 reputatio,
1027 3989 1069 4029 ne
1086 3965 1172 4054 prio·

109 4073 175 4136 «ris
192 4071 323 4159 quidem
338 4073 395 4134 aevi
413 4073 569 4134 memoria
585 4069 742 4146 deterret,
758 4093 799 4133 ne
818 4085 882 4134 tam
898 4068 1078 4158 perniciosa
1095 4066 1177 4130 inci·

110 4189 260 4262 uperetrs.
1039 4191 1042 4195 ’

145 4394 161 4457 ς
177 4397 196 4441 1.
218 4392 625 4453 U.c.661;a.c.91.-r10r.
642 4392 693 4449 111,
710 4389 916 4439 1⁸.-v211.11‚
937 4387 977 4434 15.
992 4412 1025 4423 ·-
1042 4386 1096 4433 Liv.
1109 4386 1177 4450 Epir.

111 4503 145 4512 -
161 4477 336 4561 Appian.,Civ.
351 4477 393 4524 lib.
407 4479 427 4524 1.
438 4503 472 4512 -
487 4475 502 4540 ξ)
516 4478 548 4524 11.
563 4477 628 4524 Flor.
643 4502 678 4512 -
693 4475 801 4540 Appiam.
816 4501 849 4512 —
863 4470 1049 4563 Diodor.,apud
1062 4470 1142 4518 Voles.
1168 4510 1184 4529 ,,
