2594 4980
10 29 1268 335 u

320 696 372 764 IN
401 695 634 763 LOC.L1B.
663 696 752 763 LXI
781 697 994 769 LIVIANI.
1119 697 1189 774 383

121 820 161 883 tis
177 818 328 880 omnium
344 816 479 898 animis,
494 808 568 878 non*
583 832 692 880 tamen
710 816 845 881 ulterius
859 840 896 881 ea
914 817 965 882 die
981 843 1188 908 processum:

120 936 152 984 et
176 918 281 982 imbre
306 935 420 982 coorto
443 918 538 981 Caius
563 934 660 1006 atque
681 918 831 999 Fulvius,
855 920 953 984 rebus
976 925 1191 1010 praesentibus

120 1021 242 1101 moesti,
255 1044 312 1083 sua
327 1042 491 1107 quemque
505 1042 604 1082 manu
616 1021 806 1102 comitante,
818 1019 935 1085 domos
950 1015 1188 1092 discesserunt}

119 1138 232 1185 caetera
248 1123 356 1210 plebs,
376 1138 415 1186 ut
433 1122 467 1185 in
492 1143 610 1211 magno
633 1121 819 1185 discrimine
840 1123 994 1204 civitatis,
1015 1126 1125 1191 lorum
1147 1125 1190 1191 de

120 1224 225 1287 media
242 1241 338 1287 nocte
355 1224 535 1311 occupavit.

165 1325 254 1387 XIX.
272 1324 335 1389 Ubi
350 1323 483 1403 diluxit,
496 1339 528 1387 et
543 1339 673 1387 senatus
688 1340 899 1404 convenerat,
914 1323 1041 1388 nudum
1056 1326 1188 1416 Antyllii

119 1446 255 1511 corpus,
278 1448 354 1489 cum
375 1424 548 1513 gemitibus
565 1441 598 1488 et
617 1424 745 1511 ploratu
763 1426 985 1512 portantium,
1004 1449 1062 1514 per
1078 1429 1187 1496 forum

119 1522 264 1587 defertur
281 1525 321 1588 ad
340 1525 483 1605 curiam;
498 1524 629 1590 conscio
640 1525 791 1589 ¹omnium
807 1529 958 1608 consule,
975 1527 1031 1591 sed
1046 1552 1104 1618 per
1120 1530 1188 1596 dis·

118 1626 358 1690 simulationem
379 1625 591 1708 mirabundo,
609 1649 681 1713 quae
697 1649 791 1690 causa
808 1627 933 1691 hictum
953 1628 1052 1693 istum
1069 1633 1188 1698 excita·

119 1742 167 1788 ret
181 1750 189 1790 :
208 1727 475 1814 procurrentibus
489 1727 530 1791 ad
547 1727 719 1791 visendum
733 1729 953 1812 senatoribus,
965 1754 1069 1818 quum
1086 1734 1188 1823 depo-

118 1828 199 1891 situs
222 1829 255 1891 in
273 1830 345 1892 loro
361 1830 463 1892 lectus
485 1845 585 1909 esset,
610 1829 688 1892 varii
707 1830 891 1894 animorum
910 1846 1019 1895 motus
1042 1833 1186 1900 luerunt.

118 1928 246 2010 Patres,
265 1931 354 1994 velut
370 1953 489 1994 saevum
506 1953 544 1994 ac
560 1931 651 1995 triste
669 1931 812 2012 facinus,
829 1932 975 2020 impense
990 1935 1188 2001 miseraban-

118 2045 193 2093 tur:
210 2031 326 2119 vulgus
340 2032 385 2095 ira
402 2047 435 2094 et
450 2031 673 2121 indignatione
690 2032 864 2109 fremebat,
879 2057 1026 2120 quaenam
1040 2034 1098 2099 illa
1107 2059 1190 2125 pra-

118 2133 194 2193 vitas
211 2135 387 2195 animorum
404 2146 495 2212 esset,
514 2145 566 2212 ut,
584 2137 641 2222 qui
652 2134 701 2197 Ti.
719 2133 898 2198 Gracchum
915 2136 1074 2199 tn'bunam
1086 2135 1188 2224 plebis

117 2235 150 2294 in
171 2233 323 2320 Capitolio
340 2234 584 2322 uttersecissent,
603 2233 849 2325 insepultumque
868 2235 1070 2323 abjecissent,
1094 2238 1187 2303 iidem

116 2355 201 2397 nunc
217 2337 405 2422 apparitoris
424 2326 564 2422 Anlyllii
585 2360 647 2400 non
659 2339 870 2425 justissimam
877 2333 970 2424 forte
992 2361 1098 2401 necem
1107 2386 1117 2417 ,
1135 2339 1191 2403 sed

115 2438 203 2524 eujus
220 2440 283 2523 epse
299 2461 428 2501 eausam
435 2441 637 2527 proebuisset,
655 2452 750 2502 tanta
766 2461 839 2502 cum
859 2437 976 2501 doloris
991 2439 1186 2515 demonstra·

115 2541 197 2599 tione
212 2538 420 2625 deplorarent.

159 2639 233 2702 XX.
257 2640 455 2726 Propositum
469 2639 591 2725 t'rtsoro
607 2639 745 2702 cadaver
760 2662 822 2701 esse
834 2643 1020 2702 mercenarii
1035 2641 1184 2721 domitus,

112 2743 310 2803 circumstare
321 2754 464 2801 senatum
472 2785 482 2816 ,
500 2751 654 2824 tanquam
668 2740 702 2800 in
718 2760 840 2820 magna
857 2738 1034 2824 reipublicoe
1047 2741 1184 2823 calami·

115 2852 181 2903 tate
203 2844 342 2900 tristem:
362 2855 399 2901 at
419 2838 474 2899 lios
492 2851 560 2899 tam
581 2838 679 2898 bonos
697 2859 737 2898 ac
756 2837 965 2899 misericordes
986 2843 1107 2902 anemos
1118 2889 1127 2920 ,
1150 2866 1186 2906 eo

115 2946 179 3028 ipso
199 2958 333 3027 tempore
350 2940 433 3001 nihil
447 2937 540 3001 aliud
558 2940 698 3023 agitare,
718 2959 815 3023 quam
838 2937 946 3024 quibus
969 2940 1069 3003 modis
1086 2964 1185 3007 unum

114 3042 268 3130 reliquum
286 3062 430 3103 romanoe
438 3039 540 3127 plebis
557 3052 738 3100 assertorem
759 3039 1014 3102 circumveniant.
1031 3039 1107 3104 Non
1123 3042 1184 3106 ob·

115 3144 268 3206 stiterunt
281 3142 330 3205 hae
347 3141 509 3229 quaerelae‚
522 3163 589 3226 quo
601 3139 709 3201 minus
722 3137 756 3200 in
771 3138 892 3200 curiam
908 3141 1042 3228 regressi
1056 3143 1184 3225 Patres,

115 3244 159 3308 M.
178 3244 299 3308 AEmilii
320 3243 431 3306 Scauri
448 3241 641 3306 sententiam
670 3241 822 3326 sequuti,
842 3245 1183 3327 senatusconsultum,

115 3346 207 3429 quale
225 3347 257 3407 in
276 3360 420 3408 extremo
441 3360 532 3407 metu
550 3343 647 3424 solet,
671 3342 835 3406 lacerent:
862 3344 959 3430 Quod
978 3345 1017 3408 L.
1041 3347 1183 3434 Opimius

114 3445 224 3507 consul
237 3447 333 3507 verba
342 3445 432 3532 fecit
444 3446 483 3509 de
498 3445 673 3533 republica,
691 3444 731 3507 de
747 3467 784 3506 ea
803 3467 836 3505 re
854 3447 899 3506 ita
916 3461 1117 3528 censuerunt,
1136 3453 1185 3513 uti

114 3546 150 3607 L.
172 3547 311 3630 Opimius
327 3546 439 3610 consul
451 3545 674 3634 rempublicam
687 3542 877 3632 defenderet.

158 3646 247 3708 XXI.
271 3647 342 3708 Hoc
357 3663 489 3734 accepto
506 3645 806 3724 senatusconsulto,
823 3647 860 3709 L.
879 3644 1046 3730 Opimius,
1065 3663 1181 3712 senatu

54 3736 57 3743 ’
114 3748 145 3808 in
163 3746 259 3808 armis
286 3745 413 3826 adesse,
433 3747 599 3833 equitibus
621 3761 774 3834 praeterea
793 3744 887 3806 binos
911 3766 1019 3810 servos
1038 3766 1179 3813 armatos

113 3846 273 3909 adducere
288 3847 402 3929 jussis,
427 3849 541 3911 Caium
567 3864 599 3931 et
621 3847 771 3910 Flaccum
794 3844 835 3907 ad
852 3846 1010 3910 rationem
1031 3866 1178 3914 actorum

113 3948 310 4013 reddendam
332 3948 364 4009 in
386 3948 508 4011 curiam
532 3948 673 4012 arcessit.
697 3945 845 4009 Vicissim
869 3963 902 4008 et
918 3948 1051 4012 Flaccus
1068 3949 1179 4036 praesi·

112 4051 224 4132 dium,
242 4065 400 4137 quantum
417 4063 543 4136 potest,
562 4049 664 4137 cogit,
681 4062 788 4110 certus
805 4046 903 4110 vitam
920 4065 1017 4135 atque
1037 4047 1178 4136 dignita·

112 4169 175 4216 tem
186 4204 193 4229 ‚
206 4154 232 4216 si
243 4153 315 4232 jure
328 4173 396 4213 non
408 4149 517 4228 liceat,
529 4149 626 4212 armis
638 4146 821 4212 defendere.
836 4149 946 4236 longe
958 4148 1017 4211 alie
1029 4147 1178 4212 Graccho

146 4361 161 4426 S
176 4362 232 4408 XX.
247 4363 319 4409 auct.
331 4359 360 4407 dc
368 4359 422 4405 Vir.
433 4357 469 4404 ill.
481 4372 533 4421 cap.
546 4357 588 4417 76.
605 4382 641 4393 —
657 4355 944 4421 Cic.1>hitipp.vttt,t.
958 4381 992 4390 -
1007 4355 1131 4406 Plutarch.
1141 4386 1175 4395 .-

114 4446 216 4506 Appiam.
