2594 4980
287 752 338 816 IN
371 751 481 816 LOC.
509 750 602 815 LlB.
630 744 778 815 LXVII
809 744 1020 812 LIVIANI.
1115 739 1183 839 537

125 871 363 958 provinciarum
388 890 427 931 eo
451 891 538 931 anno
562 870 597 932 L.
623 866 782 930 Licinium
806 865 998 943 Lucullum,
1015 865 1060 931 Μ.
1081 868 1185 929 Anto·

124 973 215 1034 nium
231 987 350 1051 certos3
365 971 513 1033 Fulvium
530 985 563 1032 et
576 969 728 1032 Pisonem
747 989 786 1030 ex
802 965 1005 1044 conjectura,
1022 966 1159 1052 reperio.

168 1074 297 1136 XLVII.
313 1074 468 1160 Magnum
478 1073 510 1135 in
526 1072 614 1134 Urbe
625 1093 663 1134 ex
672 1068 821 1156 pluribus
835 1066 926 1131 bellis
938 1067 1100 1145 timorem,
1110 1089 1184 1129 nam

124 1190 157 1236 et
168 1174 267 1235 maria
279 1174 387 1259 piratae
400 1174 550 1236 infestare
563 1187 740 1258 coeperant,
750 1184 911 1234 auxerunt
922 1166 1003 1230 foeda
1019 1166 1184 1257 prodIgia:

126 1296 237 1336 canem
253 1273 339 1359 apnd
358 1296 392 1336 se
409 1274 581 1360 loquutum
595 1273 829 1351 Ariminenses3
849 1292 938 1333 arma
952 1269 1086 1332 caelestia
1102 1269 1187 1333 inter

126 1399 158 1437 se
174 1375 393 1454 concurrisse,
409 1375 498 1437 victis
515 1397 586 1461 quse
601 1373 642 1436 ab
660 1395 777 1436 occasu
791 1386 1014 1451 occurrerant,
1026 1368 1185 1432 Tudertes

125 1477 332 1563 Amerinique
347 1477 587 1540 nuntiaverunt.
596 1477 643 1538 Ex
655 1476 863 1563 haruspicum
876 1495 1034 1561 responso
1046 1471 1185 1562 populus

125 1580 240 1665 stipem
260 1580 367 1641 Cereri
387 1595 418 1641 et
435 1579 634 1665 Proserpinae
654 1579 745 1657 tulit,
761 1577 874 1641 Siciliae
891 1576 1024 1638 numina
1041 1575 1185 1661 placatu-

127 1703 202 1757 rus3
221 1681 360 1768 virgines
379 1697 428 1744 ter
444 1703 577 1743 novenae
596 1680 680 1743 dona
695 1694 847 1743 canentes
866 1679 1021 1742 tulerunt.
1042 1677 1185 1739 Siculum

128 1782 247 1843 bellum
267 1783 301 1844 L.
315 1782 466 1862 Lucullo,
488 1783 659 1868 piraticum
677 1782 721 1844 M.
737 1782 880 1843 Antonio
898 1778 1071 1866 provincite
1082 1777 1184 1840 datae:

125 1882 199 1944 Piso
216 1881 454 1963 Macedoniam,
473 1882 606 1946 Fulvius
621 1882 807 1970 Hispaniam
824 1882 957 1945 sortitus
975 1897 1034 1943 est.

169 1985 354 2047 xtvtssn
377 1986 412 2046 C.
429 1985 533 2047 Mario
558 1986 610 2048 bic
633 1985 729 2047 etiam
745 2006 851 2047 annus
875 1984 908 2046 in
931 1998 1085 2072 apparatu
1106 2002 1186 2044 con·

124 2101 271 2171 sumptus
285 2108 292 2147 :
306 2086 366 2148 nisi
381 2085 470 2172 quod
487 2087 550 2149 hoc
566 2102 598 2149 et
614 2087 781 2174 superiore
796 2088 984 2165 consulatu,
1003 2108 1061 2173 per
1074 2084 1186 2147 absen-

125 2187 200 2247 tiam
217 2187 440 2267 Cimbrorum,
458 2205 571 2251 contra
583 2189 691 2254 Gallos
709 2186 885 2275 quosdam,
901 2205 932 2251 et
945 2187 1184 2251 Germanorum

125 2288 288 2366 nationes,
304 2312 376 2375 quae
390 2312 448 2376 per
470 2290 581 2352 eadem
602 2306 749 2378 tempora
772 2291 805 2353 in
828 2291 963 2354 Galliam
984 2290 1185 2375 irruperant,

125 2390 221 2451 rebus
240 2390 388 2479 gerendis
413 2391 530 2455 fortem
556 2409 588 2455 et
613 2391 740 2455 fidelem
765 2394 799 2456 L.
814 2394 910 2456 Sullae
931 2414 1061 2480 operam
1087 2389 1187 2452 fuisse

122 2507 313 2577 argumento
323 2509 386 2570 est,
406 2493 496 2578 quod
508 2495 615 2580 priore
629 2516 715 2555 anno
726 2494 849 2581 legatus
863 2493 1005 2557 consulis
1018 2491 1184 2554 Gallorum

123 2592 398 2678 splendidissimos
415 2593 513 2657 duces
528 2593 627 2672 ludit,
645 2610 677 2654 et
690 2596 941 2679 Tectosagorum
956 2592 1103 2677 tegulum
1120 2590 1186 2651 Co·

125 2694 235 2777 pillum
250 2695 359 2754 vivum
377 2694 479 2777 cepit;
503 2709 534 2752 et
549 2694 612 2753 boc
630 2693 725 2753 tertio
741 2693 834 2754 Marii
853 2691 1022 2753 consulatu
1036 2689 1187 2750 tribunus

123 2793 281 2869 militum,
300 2792 444 2867 Marsos,
463 2812 610 2877 magnam
628 2806 661 2852 et
677 2789 868 2875 populosam
884 2805 1033 2878 gentem,
1050 2787 1090 2850 ad
1104 2788 1184 2851 ami·

123 2892 229 2953 citiam
255 2912 421 2952 romanam
445 2914 462 2953 a
487 2892 694 2954 Cimbrorum
721 2891 874 2953 societate
900 2888 1060 2976 perduxit.
1087 2890 1184 2954 Marsi

123 2995 225 3073 enim,
244 2993 345 3056 italica
364 2992 469 3073 natio,
488 3015 590 3080 quum
609 2992 734 3055 nullum
752 2993 784 3054 in
800 2993 860 3054 bac
876 2993 1187 3055 commemoratione

123 3097 230 3157 locum
246 3095 401 3172 babeant,
418 3094 628 3181 relinquitur,
648 3110 686 3156 ut
698 3093 855 3156 Teutonis
871 3092 976 3155 vicina
992 3113 1071 3179 gens
1089 3091 1184 3155 intel·

122 3197 255 3281 ligator,
274 3217 345 3281 qnae
364 3216 452 3258 nnnc
467 3217 601 3282 quoque
616 3195 748 3283 vestigia
766 3194 908 3257 nominis
921 3210 953 3257 et
966 3192 1092 3256 sedium
1108 3192 1189 3255 anti·

123 3319 259 3381 (piarum
277 3298 404 3359 retinet.

168 3399 281 3460 XLIX.
301 3397 422 3459 Eotletn
444 3413 548 3460 tractu
565 3398 736 3485 temporis,
757 3419 859 3484 quum
879 3397 988 3460 omnia
1004 3397 1112 3477 bellis,
1129 3412 1187 3461 aut

123 3498 281 3559 bellorum
309 3515 462 3584 apparatu
486 3515 684 3586 streperent,
706 3499 826 3579 judicia
852 3498 984 3586 insuper
1008 3499 1184 3587 Inquietarn

124 3599 281 3660 civitatem
298 3599 492 3663 babuerunt.
508 3603 544 3663 C.
558 3600 732 3664 Memmius
750 3599 1003 3687 repetundarum
1020 3601 1187 3663 absolutus

124 3715 187 3776 est,
206 3699 324 3759 frustra
336 3721 425 3761 reum
441 3718 607 3786 premente
623 3702 667 3763 Μ.
685 3701 796 3763 Scauri
813 3700 1018 3780 testimonio,
1035 3700 1125 3788 quod
1142 3700 1185 3762 ob

124 3817 233 3861 notam
249 3801 401 3861 intereos
417 3802 611 3865 simultatem
625 3801 734 3863 minus
744 3800 898 3888 ponderis
910 3802 1076 3866 habuerat.
1088 3803 1125 3864 Τ.
1138 3800 1187 3863 ΑΙ-

126 3902 238 3964 bucius
256 3901 426 3963 damnatus
442 3919 505 3982 est,
522 3925 587 3965 non
600 3903 644 3965 ob
660 3904 789 3990 culpam
805 3904 923 3990 magis,
938 3926 1036 3990 quam
1053 3917 1186 3990 propter

125 4003 295 4064 vanitatem
312 4001 434 4064 invisus
450 4001 704 4091 despectusque,
721 4003 832 4082 etjam
851 4021 925 4067 ante.
944 4007 985 4069 ab
999 4018 1112 4069 senatu
1128 4026 1185 4066 ne·

126 4122 196 4190 gnta
211 4104 445 4191 supplicatione
459 4106 549 4191 quasi
566 4105 814 4192 praedamnatus.

158 4323 174 4387 S
187 4325 289 4371 XLVII.
303 4322 355 4369 Lis.
371 4317 438 4385 Epit.
451 4319 566 4367 vant
579 4317 1001 4382 -Jut.olmq.-ettn.11‚57.
1015 4342 1051 4355 -
1063 4317 1183 4367 Plutarch.

126 4407 226 4455 -Vett
235 4411 273 4464 ΙΙ,
286 4423 314 4453 sa
326 4418 349 4452 et
362 4421 401 4463 17.
413 4431 447 4441 -
456 4403 526 4468 rtgh.
535 4404 601 4450 Διι
612 4404 687 4461 Infra,
697 4420 719 4450 c.
731 4404 772 4450 56.
783 4430 817 4443 -
827 4404 901 4452 Δια.
912 4403 942 4450 de
952 4403 1005 4450 Vir.
1015 4401 1051 4449 ill.
1062 4419 1084 4450 c.
1096 4403 1138 4463 75.
1146 4431 1182 4441 -

126 4487 303 4549 §XLIXVaL
317 4491 384 4538 Max.
391 4490 461 4543 VIII,
473 4490 496 4535 5.
511 4515 545 4525 —
559 4487 610 4536 cte.
624 4505 670 4552 pro
683 4488 801 4545 Fonteio,
812 4505 835 4539 c.
845 4504 870 4548 7,
879 4499 904 4536 et
916 4487 948 4535 tle
962 4490 1034 4539 Pron.
1046 4490 1148 4539 Coos-c.
1159 4505 1182 4548 '.'·
