2594 4980
130 699 200 781 ado
297 701 363 766 JO.
391 699 742 769 FREINSHEMII
773 700 1020 771 SUPPLEM.

126 818 258 900 dicitur,
270 836 307 882 ut
319 818 406 882 nulla
415 817 483 882 fere
495 841 568 906 pars
580 818 735 884 orationis
746 820 818 885 sine
829 821 1026 887 clamoribus
1036 824 1173 917 upum

126 921 437 1009 praetermitteretur,
448 921 667 1008 omnibusque
678 921 935 1010 approbantibus
947 922 1094 989 instituta
1103 948 1172 1015 qua·

128 1026 250 1105 stione,
263 1024 448 1087 societatem
463 1024 516 1088 illa
529 1023 615 1107 dies,
632 1025 750 1113 illaque
765 1024 850 1089 actio
864 1024 1055 1093 absolveret.

169 1125 207 1191 V.
228 1128 304 1191 Haec
318 1125 407 1189 domi
424 1140 521 1213 gesta.
536 1128 580 1190 At
597 1125 725 1191 delectu
741 1125 872 1189 interim
888 1140 984 1209 acto,
1000 1128 1041 1191 D.
1057 1128 1173 1210 Brutus,

126 1228 179 1293 cui
201 1227 336 1303 ulterior
360 1226 513 1311 Hispania
536 1226 712 1291 obvenerat
737 1225 787 1314 (in
811 1226 961 1291 citeriore
984 1246 1171 1317 prorogatun

123 1328 300 1417 imperium
313 1328 358 1393 Μ.
369 1327 508 1416 Popillio
518 1328 600 1415 erat)
608 1329 641 1391 in
653 1327 853 1415 provinciam
866 1325 1093 1415 proficiscitur.
1105 1328 1171 1395 um

124 1432 263 1495 maxime
280 1454 331 1494 res
347 1446 477 1494 senatus
493 1430 523 1493 ei
542 1429 766 1509 mandaverat;
787 1450 907 1509 unam,
928 1443 965 1493 ut
981 1452 1033 1493 eos
1042 1476 1054 1509 ,
1072 1428 1173 1521 quini

126 1533 273 1597 Viriatho
296 1532 492 1611 nu'ldossent,
517 1545 612 1621 atque
635 1532 675 1621 Q.
702 1529 847 1619 Caeptbne
870 1532 994 1619 accepti
1015 1534 1049 1597 in
1068 1530 1172 1597 deditio·

124 1658 195 1699 mm
207 1646 318 1712 essent,
333 1637 421 1697 certis
435 1636 469 1696 in
483 1633 605 1697 sedibus
620 1630 813 1696 collocaret:
830 1631 983 1714 alteram,
1005 1646 1044 1697 ut
1059 1632 1139 1721 quod
1147 1634 1172 1697 it

125 1735 289 1801 lusum
304 1735 446 1799 erendum
451 1749 610 1822 pacatum
624 1748 716 1813 esset,
733 1734 830 1796 armis
843 1733 990 1797 reducere
1002 1734 1052 1799 ad
1064 1738 1173 1823 quiite}

121 1842 269 1906 studeret.
286 1841 400 1930 Igitur,
412 1863 515 1927 quum
526 1838 680 1903 dedititiis
687 1861 801 1928 agrum
808 1839 876 1918 jam
887 1839 1048 1928 urbisque
1058 1842 1173 1906 iocatus

123 1939 292 2006 decessore
305 1965 365 2005 suo
376 1942 574 2029 assignatum
584 1943 769 2028 reperisset,
781 1939 944 2005 condendi
957 1940 1073 2031 oppidi
1082 1957 1173 2007 auctor

123 2041 318 2129 adjutorque
335 2042 394 2106 fuit
413 2057 599 2129 opportuno
617 2043 699 2124 situ,
711 2041 815 2107 tribus
827 2065 847 2106 a
858 2043 938 2107 mari
953 2065 1109 2131 passuum
1118 2042 1173 2109 nii·

123 2143 218 2207 libus.
238 2144 383 2206 Valentia
400 2142 434 2206 id
452 2142 610 2231 oppidum
626 2143 832 2231 appellattun.
846 2144 884 2207 ln
896 2142 961 2207 boc
978 2166 1079 2232 opere
1089 2164 1171 2231 quun

120 2268 194 2334 pars
220 2268 335 2334 magna
363 2245 431 2324 ejus
451 2245 528 2309 anni
551 2245 744 2309 circumacta
767 2260 868 2326 esset,
886 2242 1007 2309 deinde
1031 2244 1171 2309 latronam

122 2346 236 2436 globos
246 2346 396 2434 persequi
410 2346 565 2427 instituit,
576 2347 635 2435 qui
649 2347 727 2411 iocis
739 2347 807 2411 istis
821 2346 940 2434 passim
955 2346 1172 2435 grassabantur.

123 2448 206 2511 Nam
224 2449 301 2535 quia
319 2469 358 2511 ex
375 2448 534 2511 similibus
551 2447 652 2511 initiis
664 2470 779 2537 magna
794 2447 939 2535 potentia
954 2446 1172 2529 Viriathi,ua·

122 2571 290 2637 gnumque
309 2571 430 2612 nomen
447 2550 568 2629 fuerat3
585 2548 694 2636 plures
713 2548 799 2613 illius
817 2548 966 2637 exemplo
981 2547 1120 2631 incitati,
1133 2568 1174 2637 pa·

121 2674 190 2714 rem
202 2651 264 2713 sibi
275 2652 440 2713 fortunam
452 2648 541 2714 haud
552 2672 689 2738 operosa
702 2648 839 2713 rudibus
852 2648 971 2713 animis
986 2648 1172 2739 improbitate

120 2753 188 2841 spei
202 2752 455 2840 augurabantur.

165 2854 221 2917 Vt.
240 2853 281 2917 Hi
301 2852 462 2940 quidquid
480 2875 632 2942 agrorum
649 2854 775 2941 Tagum
786 2853 872 2916 inter
886 2868 920 2915 et
936 2846 1172 2916 Oblivionisdu·

120 2978 214 3035 men,
236 2956 377 3019 Durium
393 2954 506 3018 itidem
528 2976 566 3019 ac
583 2954 685 3021 Boetin
709 2953 986 3041 comprehensum
1010 2969 1077 3033 est,
1097 2948 1171 3015 solita

119 3057 208 3145 genti
231 3058 422 3143 pernicitate
447 3070 674 3146 pervagantes,
698 3078 810 3119 curam
834 3054 1025 3134 injiciebant
1046 3049 1169 3129 consuli,

118 3181 182 3245 qua
200 3160 407 3245 potissimum
424 3157 474 3220 via
491 3158 653 3221 incertum
670 3157 815 3239 bostem,
834 3173 866 3221 et
884 3178 1051 3245 nusquam
1072 3154 1168 3219 neu·

117 3274 184 3322 tem
202 3259 328 3345 copiam
351 3259 420 3337 sui,
444 3258 652 3345 opprimeret.
672 3258 901 3323 velocissimos
920 3258 1074 3323 homines
1090 3256 1166 3321 citato

118 3360 261 3422 exercitu
274 3359 420 3445 insequi,
439 3356 568 3421 difficile
584 3375 669 3440 erat3
686 3360 912 3448 insequentem
929 3380 1001 3423 non
1016 3352 1165 3443 consequi,

118 3460 373 3547 ignominiosum
396 3482 404 3522 :
425 3480 465 3521 ne
488 3457 523 3521 in
541 3458 609 3547 ipsa
630 3459 764 3548 quidem
780 3460 913 3523 victoria
932 3458 1110 3547 quidquam
1123 3464 1165 3519 att

116 3558 237 3641 laudis,
251 3564 439 3624 autfructus
451 3563 618 3641 ,futurum
632 3562 815 3649 apparebat.
832 3560 964 3625 Rectius
976 3560 1096 3641 risum,
1105 3552 1163 3621 dri·

116 3676 215 3740 tates,
234 3661 323 3726 unde
342 3662 404 3725 orti
424 3662 564 3725 latrones
578 3662 775 3741 dicerentur,
795 3660 880 3725 bello
891 3658 1037 3750 aggredi.

160 3763 233 3826 vlt.
252 3763 353 3827 sicet
371 3763 530 3826 ultionem
549 3762 634 3827 sumi
657 3787 676 3826 a
694 3763 838 3845 meritis,
862 3778 895 3827 et
911 3762 1035 3853 expleri
1054 3758 1158 3825 militet

116 3862 223 3950 praeda
240 3886 333 3951 posse
351 3886 358 3927 :
378 3886 485 3952 neque
496 3862 666 3928 defuturos
680 3865 841 3946 latrones,
861 3863 942 3951 quin
962 3862 1004 3928 ad
1022 3856 1158 3927 ferendam

115 3986 181 4027 sute
210 3964 349 4052 quisquc
374 3966 484 4051 patriae
511 3987 608 4053 opem
637 3981 876 4054 spargerentur.
903 3965 957 4028 Sic
983 3965 1017 4029 in
1040 3960 1158 4053 proxim

114 4086 252 4153 quaeque
269 4065 457 4129 incendium
475 4065 552 4130 belli
568 4066 733 4146 inferenti,
751 4068 858 4154 primo
873 4067 991 4131 acriter
1003 4065 1045 4130 ab
1060 4060 1161 4149 indige·

114 4164 164 4229 nis
190 4167 294 4229 resisti
316 4167 426 4253 coepit,
448 4187 517 4229 non
537 4167 614 4231 viris
635 4166 754 4249 modo,
775 4166 832 4232 sed
855 4168 953 4233 etiam
974 4162 1166 4235 muteribusa

153 4361 226 4425 s1v.
244 4366 308 4415 uc
328 4363 1174 4441 s1t;s.c.13s.-crc.nnmt0,ap.as-snsmin

125 4444 194 4510 Hisp.
209 4474 245 4483 —
257 4449 309 4500 Liv.
323 4450 389 4515 Epit.
398 4475 433 4486 -··
444 4449 509 4499 t’ltn.
520 4452 574 4511 111,
591 4453 615 4501 3.
1206 4444 1210 4451 ⁴
