2640 5046
128 835 141 861 a
153 805 245 870 vobis
254 806 371 870 auxilia
382 808 547 890 misimus;
559 830 667 897 neque
676 809 933 898 reprehendatis,
946 813 971 875 si
982 827 1109 901 repeto,
1119 836 1193 901 quae

126 937 139 961 «ι
151 929 256 995 nuper
267 908 362 971 etiam
379 908 567 993 dictasunt,
583 933 686 998 quum
698 934 718 976 a
731 912 827 975 nobis
840 934 928 976 arma
939 915 1191 1001 postularentur.

169 1010 260 1072 XIX.
282 1010 470 1097 «loquaces
490 1011 626 1075 miseriae
650 1012 798 1078 faciunt:
822 1014 911 1077 etin
933 1036 989 1078 ore
1006 1016 1191 1103 supplicum

126 1140 139 1164 ι
149 1109 229 1198 quid
244 1109 381 1175 validius
399 1135 468 1177 esse
484 1116 791 1179 commemoratione
811 1114 968 1179 foederum
984 1116 1117 1203 potest?
1135 1133 1194 1181 aut

126 1211 191 1274 «ad
207 1233 279 1299 quae
293 1212 402 1300 potius
420 1230 608 1304 argumenta
627 1215 804 1304 confugere
822 1238 882 1279 nos
898 1237 1030 1303 aequum
1051 1232 1116 1297 est,
1134 1217 1191 1305 qui

125 1312 267 1376 «horum
290 1313 413 1378 intuitu
435 1316 527 1379 robis
547 1316 699 1404 potentiae
721 1332 839 1381 nostras
862 1317 1046 1404 viriumque
1068 1316 1192 1381 instru-

126 1429 257 1477 «menta
273 1414 489 1481 tradidimus?
505 1418 547 1481 Et
562 1417 609 1482 sic
624 1417 756 1506 quidem
773 1432 882 1482 vetera
894 1416 1033 1497 habent,
1049 1440 1192 1504 quorum

125 1545 139 1571 ι
150 1514 244 1579 nobis
261 1538 400 1604 sponsor
414 1518 523 1607 Scipio
540 1519 602 1583 fuit
618 1541 627 1583 τ
644 1518 764 1583 horum
781 1541 859 1583 vero
879 1516 1060 1582 recentium
1080 1533 1193 1605 pacto·

125 1645 139 1671 ι
148 1638 220 1681 rum
237 1634 385 1684 auctores
399 1619 563 1708 iidemque
576 1636 675 1685 testes
687 1620 750 1708 ipsi
765 1619 858 1700 estis,
877 1618 1036 1683 consules.
1053 1618 1194 1683 Petiistis
1285 1688 1286 1693 γ

126 1746 139 1770 ι
150 1716 294 1801 obsidem
306 1719 497 1785 tradidimus
510 1720 700 1786 lectissimos
711 1743 719 1786 ε
731 1720 867 1810 petiistis
878 1742 983 1801 arma5
1000 1719 1193 1786 tradidimus

124 1845 137 1872 ι
149 1820 286 1884 omnia:
312 1821 402 1909 quod
422 1845 464 1884 ne
483 1823 516 1883 in
539 1823 640 1909 captis
660 1822 793 1908 quidem
815 1821 973 1902 urbibus,
998 1821 1060 1885 uisi
1079 1821 1192 1886 ultima

124 1947 138 1973 σι
148 1921 337 1986 necessitate
351 1937 526 2009 metuque,
543 1921 722 1985 obtinetur.
738 1921 886 1985 Moribus
903 1944 1002 2010 porro
1016 1938 1191 1986 consuetu·

124 2049 137 2075 u
147 2019 281 2110 dinique
295 2044 437 2087 romanas
449 2021 646 2087 credidimus
661 2045 670 2086 ε
689 2044 763 2085 nam
776 2037 808 2086 et
819 2036 947 2087 senatus
959 2023 1074 2106 literis,
1089 2039 1122 2087 et
1132 2045 1191 2089 vos

125 2144 299 2188 «sermone
314 2123 552 2189 confirmabatis
563 2170 573 2205 ,
585 2123 652 2188 suis
662 2121 788 2212 legibus
803 2145 935 2188 usuram
949 2123 1191 2214 Carthaginem,

125 2222 176 2287 «si
192 2223 322 2289 obsides
340 2224 552 2291 traderentur.

168 2326 242 2391 XX.
264 2357 278 2384 κ
289 2325 427 2411 Dicetis,
442 2328 602 2409 adjectum
615 2329 732 2411 fuisse,
748 2345 804 2411 ut,
820 2328 989 2395 obsidibus
1004 2327 1144 2410 traditis,
1158 2344 1192 2392 et

124 2457 137 2482 «
146 2427 223 2510 alia,
233 2452 306 2516 quae
317 2429 507 2519 imperaturi
516 2433 644 2513 essetis,
657 2447 904 2520 praestarentur:
916 2446 1020 2512 certe3
1033 2428 1091 2493 sed
1101 2426 1190 2493 unde

124 2551 217 2592 «rem
239 2548 304 2596 tam
325 2532 548 2598 incredibilem
569 2532 817 2614 conjiceremus,
835 2548 889 2615 ut,
909 2553 1007 2620 quam
1023 2529 1190 2620 Carthagi·

124 2651 225 2694 «nem
251 2632 284 2696 in
305 2634 454 2720 petendis
476 2633 643 2699 obsidibus
666 2635 799 2698 liberam
821 2633 892 2698 fore
916 2633 1095 2713 dixissetis,
1121 2631 1190 2710 ejus

124 2760 137 2784 «
147 2733 309 2798 excidium
319 2737 534 2800 accessionem
546 2751 752 2822 acceptorum
766 2734 919 2799 obsidum
932 2734 1053 2798 velletis
1062 2732 1191 2797 facere?

124 2835 322 2917 «praesertim
341 2858 445 2922 quum
464 2857 560 2900 exeo
577 2850 723 2921 tempore
737 2852 788 2900 tot
802 2836 881 2917 alia,
897 2837 1115 2914 frumentum,
1132 2853 1188 2896 na·

126 2959 139 2985 ι
147 2952 218 3013 ves,
228 2956 314 2998 arma
327 2936 526 3023 accepissetis
541 2959 549 2999 :
566 2934 685 3022 quibus
694 2935 848 2999 omnibus
862 2949 1013 3022 prompte
1025 2932 1191 3014 exhibitis,
1203 3005 1206 3012 ,

123 3061 137 3087 ι
147 3056 252 3121 quum
261 3036 327 3116 jam
344 3038 411 3101 sive
424 3036 542 3101 delicto
557 3052 690 3118 nostro,
704 3037 770 3100 sive
780 3034 980 3116 infortunio,
993 3032 1190 3098 satisfactum

122 3155 214 3200 «esse
228 3153 436 3225 putaremus,
450 3139 514 3202 hoc
527 3136 609 3203 adeo
624 3138 778 3202 acerbum
794 3155 827 3201 et
841 3137 930 3200 triste
947 3135 1120 3223 imperium
1136 3133 1191 3198 ad·

122 3263 135 3288 «
149 3233 240 3320 ditis,
257 3255 296 3303 ut
311 3240 472 3328 Carthago
488 3239 645 3304 (liniatur.
663 3241 771 3321 Quam
789 3239 936 3328 profecto
949 3238 977 3302 si
990 3237 1081 3300 vobis
1098 3258 1188 3300 ever·

124 3351 214 3399 «tere
231 3338 278 3402 fas
299 3357 367 3422 est,
386 3341 443 3428 qui
462 3342 610 3427 poteritis
630 3341 771 3405 libertati
795 3340 986 3429 legibusque
1003 3339 1070 3402 suis
1090 3339 1188 3402 relin-

123 3465 136 3490 «
146 3459 260 3523 quere,
275 3441 551 3528 quemadmodum
564 3443 707 3519 facturos
720 3439 907 3505 affirmatis?
920 3441 961 3503 Et
972 3439 1040 3503 haec
1053 3438 1187 3527 quidem

124 3567 137 3591 ι
148 3557 260 3622 erant,
277 3567 348 3630 quas
366 3560 437 3608 tum
451 3544 492 3608 de
506 3545 607 3632 priori
624 3543 760 3625 foedere,
774 3559 844 3606 tum
863 3542 903 3607 de
919 3541 1090 3630 praesenti,
1101 3538 1189 3604 dice·

123 3662 254 3705 «remus
276 3666 284 3706 :
307 3645 398 3731 quod
416 3646 443 3708 si
463 3668 541 3709 vero
564 3667 605 3708 ne
624 3645 693 3710 haec
712 3642 844 3732 quidem
868 3641 980 3705 audire
1002 3639 1188 3719 sustinetis,

125 3742 343 3826 «omittimus,
355 3746 537 3810 omittimus
548 3747 674 3829 omnia3
686 3744 842 3833 quodque
856 3767 960 3808 unum
976 3742 1124 3806 relictum
1139 3758 1188 3805 est

123 3842 345 3928 «infelicibus,
355 3847 519 3930 lamentis,
534 3848 751 3936 precibusque
764 3869 833 3910 rem
847 3845 999 3935 gemmus.
1014 3843 1056 3906 Et
1067 3843 1187 3906 horum

123 3943 278 4029 «quidem
300 3947 528 4034 amplissimam
549 3950 714 4012 materiem
737 3964 822 4012 tanta
845 3947 940 4010 nobis
959 3945 1118 4009 malorum
1140 3943 1188 4007 vis

122 4046 338 4134 «suppeditat.
360 4050 444 4113 Sunt
459 4051 548 4114 enim
567 4075 614 4115 eae
635 4072 686 4114 res
707 4051 741 4113 in
758 4049 918 4138 periculo,
940 4069 1079 4135 quarum
1099 4043 1187 4108 nuda

123 4151 347 4213 «enumeratio
363 4150 546 4214 humanum
561 4168 674 4240 pectus
689 4152 791 4240 possit
807 4150 849 4216 ad
864 4145 1116 4214 misericordiam
1131 4144 1188 4211 lle·

124 4282 138 4308 «
149 4268 235 4316 ctere
249 4275 258 4316 ε
274 4251 351 4317 urbs
367 4267 570 4341 pervetusta,
586 4251 722 4320 deorum
735 4253 873 4343 imperio
887 4249 1037 4331 condita,
1051 4265 1187 4339 potens,

158 4439 175 4504 S
184 4443 280 4491 xvnl.
290 4441 394 4492 Diodor.
406 4469 438 4481 -
448 4441 554 4508 Appias.
