2594 4980
10 35 1260 334 u

686 82 696 97 “Ι

296 685 347 754 nt
377 682 741 753 toc.1.1ss.s.xv
771 687 984 760 nivinus.
1102 695 1176 790 479

105 809 349 873 dimicationem
364 806 492 886 omnia,
505 827 577 891 quae
592 805 627 868 in
637 805 785 871 citeriore
797 808 898 873 Hebri
912 811 981 899 ripa
995 829 1103 897 erant,
1114 815 1175 880 de·

106 912 300 999 populatus,
323 910 431 997 ipsum
455 928 587 995 quoque
611 905 733 973 flumen
753 911 821 990 jam
842 912 917 999 gelu
940 917 1175 1001 constrictum,

106 1014 340 1078 transire-cum
360 1009 502 1074 exercitu
525 1027 623 1073 ausus
643 1025 719 1074 est:
743 1011 806 1094 ibi,
831 1013 930 1101 glaeie
947 1031 1061 1101 rupta,
1086 1019 1176 1084 haud

105 1112 346 1179 contemnenda
363 1135 479 1179 manus
496 1111 635 1175 militum
657 1112 789 1177 interiit.
809 1114 934 1178 Eodem
953 1138 1042 1182 anno
1061 1138 1176 1186 contra

104 1217 275 1280 Lusitanos
292 1237 311 1276 a
329 1213 464 1277 Servilio
484 1206 638 1300 Caepione
657 1236 812 1303 prospere
832 1215 1044 1302 dimicatum3
1064 1220 1121 1285 sed
1140 1225 1175 1286 in

106 1319 258 1406 Hispania
277 1316 428 1380 citeriore
442 1316 477 1379 L.
491 1315 688 1402 Calpurnius
703 1315 778 1380 Piso
791 1317 980 1384 interfectus
996 1337 1056 1386 est.

149 1422 222 1483 XX.
238 1420 316 1498 Ejus
332 1418 460 1481 Pisonis
480 1416 607 1481 laudata
626 1417 827 1482 continentia
848 1436 915 1501 est,
935 1437 1001 1485 tam
1024 1413 1175 1514 religiose

105 1523 286 1611 diligentis,
305 1536 356 1602 ut,
374 1520 498 1582 annulo
514 1519 599 1583 inter
617 1519 835 1584 exercendum
853 1521 972 1605 fracto,
987 1524 1100 1590 artifici
1115 1528 1177 1591 sel·

104 1627 166 1687 lam
184 1622 346 1687 Cordubae
366 1622 400 1685 in
421 1621 494 1684 foro
509 1620 605 1708 poni,
624 1642 770 1710 auroque
786 1623 894 1710 palam
913 1646 1074 1713 appenso,
1092 1650 1176 1717 prae·

104 1727 249 1789 sentibus
276 1725 432 1787 omnibus
462 1724 621 1786 annulum
651 1721 720 1787 fieri
742 1723 883 1803 jusserit.
914 1727 1042 1792 Scilicet
1071 1753 1175 1817 quum

103 1831 138 1892 L.
147 1828 273 1893 Pisonis
288 1826 372 1889 iilius
385 1840 485 1906 esset,
499 1825 555 1911 qui
570 1824 696 1913 primus
711 1825 815 1913 legem
830 1824 871 1889 de
881 1828 1070 1915 repetundis
1084 1830 1175 1915 tulit,

104 1953 170 1992 non
188 1928 288 1993 modo
300 1928 456 1994 crimena
469 1948 557 2007 sese,
571 1927 795 1989 verumetiam
808 1928 1028 2015 suspicionem
1041 1952 1175 1996 omnem

102 2032 227 2095 amoliri
246 2030 364 2095 debere
377 2029 590 2093 existimabat.
607 2029 720 2112 Quum
739 2029 784 2092 ita
802 2030 879 2093 foris
899 2034 1068 2120 temperati
1083 2035 1175 2098 laeto·

103 2157 176 2196 rum
194 2132 400 2230 tristiumque
421 2147 556 2214 eventus
577 2128 701 2211 essent,
720 2145 759 2192 ut
781 2130 874 2218 plura
891 2146 1000 2196 tamen
1019 2155 1175 2224 prospera

103 2236 333 2298 nuntiarentur
346 2233 439 2319 (nam
452 2233 531 2297 etin
545 2232 700 2296 ulteriore
712 2233 866 2320 Hispania
881 2233 1053 2300 Lusitanos
1067 2236 1175 2301 Servi·

101 2339 164 2400 lius
176 2337 284 2425 Coepio
301 2335 458 2421 vicerat),
473 2336 585 2398 Rornae
603 2334 747 2398 censoris
761 2350 860 2421 atque
878 2335 1088 2400 tribunorum
1103 2339 1174 2427 ple·

101 2438 151 2501 bis
168 2435 434 2501 contentionibus
449 2436 595 2523 inquieta
611 2456 685 2524 pars
703 2435 780 2498 anni
798 2436 870 2499 fuit.

144 2541 234 2604 XXI.
255 2539 300 2602 M.
312 2538 464 2601 AEmilius
476 2537 631 2617 Scaurus,
647 2558 750 2623 quum
767 2551 919 2600 mortuus
932 2538 966 2599 in
982 2540 1174 2626 magistratu

100 2643 221 2728 collega
234 2642 280 2703 M.
291 2639 401 2702 Livius
412 2639 539 2700 Drusus
552 2636 723 2699 abdicandi
736 2637 960 2700 necessitatem
974 2638 1173 2727 imponeret,

101 2758 213 2805 contra
229 2761 336 2802 mores
354 2739 577 2826 magistratum
592 2736 773 2817 retinebat3
788 2734 845 2798 sed
859 2736 901 2800 ad
915 2752 1097 2802 extremum
1113 2742 1172 2805 tri·

101 2841 197 2903 bunis
212 2860 372 2901 carcerem
388 2836 615 2899 minitantibus
632 2837 737 2920 cessit.
751 2836 883 2900 AEmilia
903 2853 1012 2902 tamen
1027 2841 1079 2904 via
1091 2864 1172 2907 cen·

100 2965 182 3004 surae
199 2941 267 3020 ejus
278 2935 531 3002 monumentum
548 2951 615 3017 est,
629 2953 663 3000 et
673 2959 756 3024 pons
766 2937 921 3020 Mulvius.
936 2938 1074 3004 Pontem
1086 2944 1174 3008 Mul·

99 3046 206 3126 vium,
217 3040 307 3130 quod
321 3041 487 3127 antiquior
502 3039 571 3118 ejus
581 3038 739 3102 memoria
752 3055 820 3118 est,
838 3039 996 3130 resectum
1009 3064 1027 3105 a
1039 3030 1175 3129 Scauro,

100 3169 197 3233 quam
213 3145 352 3224 Iactum,
365 3142 472 3205 verius
488 3155 621 3229 apparet
635 3163 643 3203 :
656 3140 741 3202 viam
753 3139 1019 3229 primus'strarit3
1035 3164 1177 3233 eamque

98 3272 156 3334 per
165 3248 253 3311 Pisas
266 3261 299 3309 et
311 3245 455 3325 Lunam,
471 3259 503 3307 et
514 3242 664 3306 Sabbatia
679 3239 761 3305 rada
777 3240 981 3306 Dertbonam
998 3244 1172 3332 perduxitt

98 3372 190 3429 nam,
207 3371 280 3435 quae
294 3345 460 3410 Flaminiae
472 3344 689 3409 committitur
701 3343 833 3408 AEmilia
849 3344 919 3419 via,
937 3367 1008 3409 eam
1022 3346 1067 3412 Μ.
1077 3347 1172 3438 Lepi·
1229 3418 1240 3427 ,

98 3449 159 3511 dus
177 3449 291 3512 consul
311 3472 328 3511 a
346 3447 507 3511 Placentia
525 3445 709 3510 Ariminum
724 3444 820 3525 fecit3
843 3468 946 3532 quum
963 3447 997 3509 in
1013 3448 1172 3514 Flaminia

98 3549 293 3631 munienda,
311 3551 347 3613 C
360 3549 556 3629 Flaminius,
580 3548 709 3635 collega·
722 3545 854 3634 Lepidi,
876 3565 1055 3634 occupatus
1073 3564 1169 3616 esset.

97 3650 207 3714 Sedet
224 3650 345 3714 Mentis
361 3650 463 3715 aedem
480 3647 745 3714 abhocAEmilio
759 3647 881 3711 Scauro
899 3646 1124 3777 dedicatam,
1116 3674 1169 3715 tn·

97 3770 146 3815 ter
160 3751 306 3814 censoria
322 3749 390 3829 ejus
408 3773 506 3838 opera
520 3749 698 3814 retulerim.

140 3852 249 3916 XXII.
267 3850 337 3932 Q.
329 3866 452 3913 interea
472 3850 648 3915 Metellus
640 3871 673 3912 tn
691 3847 847 3932 Numidia
865 3848 963 3914 rebus
983 3853 1168 3940 prosperis,

95 3971 128 4018 et
139 3953 289 4043 cognitu,
300 3973 372 4038 quae
384 3951 425 4015 de
435 3973 469 4015 se
479 3951 562 4015 fama
572 3951 606 4014 in
618 3950 707 4014 Urbe
722 3963 821 4034 esset,
836 3949 956 4032 alacer,
967 3949 1078 4016 divisis
1090 3975 1167 4020 cum

36 4162 40 4169 ἡ
130 4110 146 4175 s
164 4112 236 4158 xlx.
252 4109 317 4156 Flor.
332 4110 386 4166 ΙΙΙ,
402 4116 426 4165 t.
445 4135 480 4143 -
499 4105 589 4172 εΗ.
603 4106 655 4155 Cic.
672 4106 698 4153 iu
714 4107 785 4152 Verr.
802 4107 848 4164 tv,
865 4106 910 4155 25.
923 4132 957 4141 —
972 4107 1080 4173 Appisn.
1094 4110 1169 4178 Βίῳ,

95 4222 125 4230 -
144 4196 247 4258 Eutrop.
261 4221 295 4229 —
310 4192 362 4241 Cic.
376 4219 411 4228 -
428 4191 492 4238 Fasti
507 4189 613 4255 Capitol.
625 4217 661 4226 -
672 4189 796 4238 Plutarch.
811 4190 907 4253 Qnaest.
925 4190 997 4236 Hom.
1011 4207 1065 4256 cap.
1083 4192 1168 4245 50...

94 4278 192 4342 sm.
202 4277 326 4327 Plutarch.
337 4276 368 4324 de
378 4279 445 4323 Fort.
457 4276 530 4322 Ilom.
543 4290 598 4338 cap.
611 4289 651 4335 17·
663 4299 698 4309 -
713 4273 786 4321 duct.
801 4271 894 4321 devia.
906 4271 993 4342 illusa.
1006 4288 1062 4340 erp.
1077 4290 1121 4332 n,
1131 4307 1168 4321 .-

96 4363 216 4409 Ammian.
227 4363 338 4420 xxvn,
355 4361 379 4408 6.
392 4387 425 4397 -
439 4358 492 4406 Liv.
503 4358 618 4415 nvn,
630 4357 672 4417 51,
682 4368 707 4405 et
720 4356 930 4415 xxx1x‚2.-
941 4355 1020 4406 strab.
1033 4357 1076 4408 lib.
1088 4362 1120 4411 V.
1130 4392 1168 4405 .-

96 4445 194 4494 Sallust.
210 4447 267 4510 Jug.
285 4462 339 4510 cap.
353 4445 395 4494 55.
