<?xml version="1.0" encoding="UTF-8"?>
<!DOCTYPE html PUBLIC "-//W3C//DTD XHTML 1.0 Transitional//EN"
    "http://www.w3.org/TR/xhtml1/DTD/xhtml1-transitional.dtd">
<html xmlns="http://www.w3.org/1999/xhtml" xml:lang="en" lang="en">
 <head>
  <title>
</title>
<meta http-equiv="Content-Type" content="text/html;charset=utf-8" />
  <meta name='ocr-system' content='tesseract 3.04.00' />
  <meta name='ocr-capabilities' content='ocr_page ocr_carea ocr_par ocr_line ocrx_word'/>
</head>
<body>
  <div class='ocr_page' id='page_1' title='image "./titusliviuspata00freigoog_0384.png"; bbox 0 0 2594 4980; ppageno 0'>
   <div class='ocr_carea' id='block_1_1' title="bbox 38 414 282 442">
    <p class='ocr_par' dir='ltr' id='par_1_1' title="bbox 38 414 282 442">
     <span class='ocr_line' id='line_1_1' title="bbox 38 414 282 442; baseline 0.004 -1"><span class='ocrx_word' id='word_1_1' title='bbox 38 414 48 435; x_wconf 72' lang='grc' dir='ltr'><strong><em>θ</em></strong></span> <span class='ocrx_word' id='word_1_2' title='bbox 280 439 282 442; x_wconf 17' lang='grc' dir='ltr'><em>Α</em></span> 
     </span>
    </p>
   </div>
   <div class='ocr_carea' id='block_1_2' title="bbox 325 701 1191 799">
    <p class='ocr_par' dir='ltr' id='par_1_2' title="bbox 325 701 1191 799">
     <span class='ocr_line' id='line_1_2' title="bbox 325 701 1191 799; baseline 0.005 -30"><span class='ocrx_word' id='word_1_3' title='bbox 325 704 377 773; x_wconf 83' lang='grc' dir='ltr'>ΙΝ</span> <span class='ocrx_word' id='word_1_4' title='bbox 408 703 519 771; x_wconf 89' lang='lat' dir='ltr'>LOC.</span> <span class='ocrx_word' id='word_1_5' title='bbox 545 704 640 770; x_wconf 91' lang='lat' dir='ltr'>LIB.</span> <span class='ocrx_word' id='word_1_6' title='bbox 666 703 757 771; x_wconf 86' lang='lat' dir='ltr'>LXI</span> <span class='ocrx_word' id='word_1_7' title='bbox 786 703 1000 772; x_wconf 82' lang='lat' dir='ltr'>LIVIANI.</span> <span class='ocrx_word' id='word_1_8' title='bbox 1122 701 1191 799; x_wconf 79' lang='lat'>393</span> 
     </span>
    </p>
   </div>
   <div class='ocr_carea' id='block_1_3' title="bbox 121 822 1225 4027">
    <p class='ocr_par' dir='ltr' id='par_1_3' title="bbox 126 822 1194 1696">
     <span class='ocr_line' id='line_1_3' title="bbox 126 822 1194 911; baseline 0.001 -22"><span class='ocrx_word' id='word_1_9' title='bbox 126 824 241 904; x_wconf 88' lang='lat' dir='ltr'>batur,</span> <span class='ocrx_word' id='word_1_10' title='bbox 260 826 320 888; x_wconf 89' lang='lat' dir='ltr'>Cn.</span> <span class='ocrx_word' id='word_1_11' title='bbox 340 824 523 905; x_wconf 87' lang='lat' dir='ltr'><strong>Domitius,</strong></span> <span class='ocrx_word' id='word_1_12' title='bbox 542 824 600 911; x_wconf 90' lang='lat' dir='ltr'>qui</span> <span class='ocrx_word' id='word_1_13' title='bbox 621 841 740 911; x_wconf 80' lang='lat' dir='ltr'>pacatae</span> <span class='ocrx_word' id='word_1_14' title='bbox 763 822 871 887; x_wconf 87' lang='lat' dir='ltr'>Galliae</span> <span class='ocrx_word' id='word_1_15' title='bbox 890 824 1021 888; x_wconf 91' lang='lat' dir='ltr'>titulum</span> <span class='ocrx_word' id='word_1_16' title='bbox 1043 823 1194 898; x_wconf 85' lang='lat' dir='ltr'>ardenter</span> 
     </span>
     <span class='ocr_line' id='line_1_4' title="bbox 127 925 1192 1014; baseline 0.003 -24"><span class='ocrx_word' id='word_1_17' title='bbox 127 927 374 1014; x_wconf 83' lang='lat' dir='ltr'><strong>concupiverat,</strong></span> <span class='ocrx_word' id='word_1_18' title='bbox 391 926 500 990; x_wconf 86' lang='lat' dir='ltr'>ulcisci</span> <span class='ocrx_word' id='word_1_19' title='bbox 515 925 662 990; x_wconf 87' lang='lat' dir='ltr'>dolorem</span> <span class='ocrx_word' id='word_1_20' title='bbox 680 948 777 989; x_wconf 91' lang='lat' dir='ltr'>suurn</span> <span class='ocrx_word' id='word_1_21' title='bbox 795 926 928 990; x_wconf 92' lang='lat' dir='ltr'>minime</span> <span class='ocrx_word' id='word_1_22' title='bbox 944 927 1192 993; x_wconf 82' lang='lat' dir='ltr'>commendabili</span> 
     </span>
     <span class='ocr_line' id='line_1_5' title="bbox 127 1026 1192 1115; baseline 0.002 -24"><span class='ocrx_word' id='word_1_23' title='bbox 127 1044 194 1091; x_wconf 90' lang='lat' dir='ltr'>arte</span> <span class='ocrx_word' id='word_1_24' title='bbox 211 1028 331 1091; x_wconf 84' lang='lat' dir='ltr'>statuit.</span> <span class='ocrx_word' id='word_1_25' title='bbox 348 1028 478 1115; x_wconf 86' lang='lat' dir='ltr'><strong>Quippe</strong></span> <span class='ocrx_word' id='word_1_26' title='bbox 493 1027 667 1108; x_wconf 85' lang='lat' dir='ltr'>Bituitum,</span> <span class='ocrx_word' id='word_1_27' title='bbox 681 1028 772 1114; x_wconf 90' lang='lat' dir='ltr'>quasi</span> <span class='ocrx_word' id='word_1_28' title='bbox 788 1026 829 1090; x_wconf 89' lang='lat' dir='ltr'>de</span> <span class='ocrx_word' id='word_1_29' title='bbox 849 1027 994 1091; x_wconf 82' lang='lat' dir='ltr'>maximis</span> <span class='ocrx_word' id='word_1_30' title='bbox 1012 1028 1107 1092; x_wconf 89' lang='lat' dir='ltr'>rebus</span> <span class='ocrx_word' id='word_1_31' title='bbox 1123 1029 1192 1093; x_wconf 88' lang='lat' dir='ltr'>col·</span> 
     </span>
     <span class='ocr_line' id='line_1_6' title="bbox 127 1128 1191 1218; baseline 0.002 -26"><span class='ocrx_word' id='word_1_32' title='bbox 127 1129 217 1214; x_wconf 91' lang='lat' dir='ltr'>loqui</span> <span class='ocrx_word' id='word_1_33' title='bbox 236 1152 311 1192; x_wconf 90' lang='lat' dir='ltr'>curn</span> <span class='ocrx_word' id='word_1_34' title='bbox 331 1152 370 1192; x_wconf 91' lang='lat' dir='ltr'>eo</span> <span class='ocrx_word' id='word_1_35' title='bbox 387 1144 539 1216; x_wconf 91' lang='lat' dir='ltr'>cuperet,</span> <span class='ocrx_word' id='word_1_36' title='bbox 557 1130 591 1191; x_wconf 94' lang='lat' dir='ltr'>in</span> <span class='ocrx_word' id='word_1_37' title='bbox 611 1152 669 1194; x_wconf 90' lang='lat' dir='ltr'>sua</span> <span class='ocrx_word' id='word_1_38' title='bbox 687 1128 833 1218; x_wconf 83' lang='lat' dir='ltr'>praesidia</span> <span class='ocrx_word' id='word_1_39' title='bbox 856 1130 1019 1193; x_wconf 83' lang='lat' dir='ltr'>evocavit:</span> <span class='ocrx_word' id='word_1_40' title='bbox 1038 1130 1096 1216; x_wconf 92' lang='lat' dir='ltr'>qui</span> <span class='ocrx_word' id='word_1_41' title='bbox 1114 1129 1191 1206; x_wconf 86' lang='lat' dir='ltr'>ubi,</span> 
     </span>
     <span class='ocr_line' id='line_1_7' title="bbox 127 1229 1192 1320; baseline 0.003 -29"><span class='ocrx_word' id='word_1_42' title='bbox 127 1229 241 1316; x_wconf 90' lang='lat' dir='ltr'>positis</span> <span class='ocrx_word' id='word_1_43' title='bbox 259 1229 324 1307; x_wconf 87' lang='lat' dir='ltr'>jam</span> <span class='ocrx_word' id='word_1_44' title='bbox 343 1229 457 1310; x_wconf 87' lang='lat' dir='ltr'>armis,</span> <span class='ocrx_word' id='word_1_45' title='bbox 473 1230 555 1293; x_wconf 92' lang='lat' dir='ltr'>nihil</span> <span class='ocrx_word' id='word_1_46' title='bbox 575 1231 658 1316; x_wconf 83' lang='lat' dir='ltr'>ultra</span> <span class='ocrx_word' id='word_1_47' title='bbox 676 1247 841 1311; x_wconf 91' lang='lat' dir='ltr'>metuens,</span> <span class='ocrx_word' id='word_1_48' title='bbox 862 1232 971 1320; x_wconf 84' lang='lat' dir='ltr'>gallica</span> <span class='ocrx_word' id='word_1_49' title='bbox 990 1231 1192 1320; x_wconf 76' lang='lat' dir='ltr'>simplicitate</span> 
     </span>
     <span class='ocr_line' id='line_1_8' title="bbox 127 1331 1190 1420; baseline 0.002 -27"><span class='ocrx_word' id='word_1_50' title='bbox 127 1332 285 1412; x_wconf 89' lang='lat' dir='ltr'>venisset,</span> <span class='ocrx_word' id='word_1_51' title='bbox 302 1333 443 1419; x_wconf 91' lang='lat' dir='ltr'>hospitio</span> <span class='ocrx_word' id='word_1_52' title='bbox 461 1348 632 1420; x_wconf 82' lang='lat' dir='ltr'>exceptum</span> <span class='ocrx_word' id='word_1_53' title='bbox 656 1332 780 1396; x_wconf 89' lang='lat' dir='ltr'>hortari</span> <span class='ocrx_word' id='word_1_54' title='bbox 803 1331 917 1420; x_wconf 83' lang='lat' dir='ltr'>coepit,</span> <span class='ocrx_word' id='word_1_55' title='bbox 941 1347 979 1395; x_wconf 93' lang='lat' dir='ltr'>ut</span> <span class='ocrx_word' id='word_1_56' title='bbox 1002 1332 1043 1396; x_wconf 89' lang='lat' dir='ltr'>ad</span> <span class='ocrx_word' id='word_1_57' title='bbox 1067 1331 1190 1396; x_wconf 79' lang='lat' dir='ltr'>satisfa-</span> 
     </span>
     <span class='ocr_line' id='line_1_9' title="bbox 128 1431 1191 1521; baseline 0.004 -27"><span class='ocrx_word' id='word_1_58' title='bbox 128 1431 279 1495; x_wconf 90' lang='lat' dir='ltr'>ciendum</span> <span class='ocrx_word' id='word_1_59' title='bbox 305 1433 429 1496; x_wconf 89' lang='lat' dir='ltr'>senatui</span> <span class='ocrx_word' id='word_1_60' title='bbox 451 1435 587 1497; x_wconf 85' lang='lat' dir='ltr'>Romam</span> <span class='ocrx_word' id='word_1_61' title='bbox 602 1431 880 1521; x_wconf 87' lang='lat' dir='ltr'>proficisceretur:</span> <span class='ocrx_word' id='word_1_62' title='bbox 899 1432 1016 1497; x_wconf 87' lang='lat' dir='ltr'>deinde</span> <span class='ocrx_word' id='word_1_63' title='bbox 1039 1456 1191 1498; x_wconf 89' lang='lat' dir='ltr'>recusan-</span> 
     </span>
     <span class='ocr_line' id='line_1_10' title="bbox 128 1533 1191 1623; baseline 0.008 -31"><span class='ocrx_word' id='word_1_64' title='bbox 128 1545 191 1593; x_wconf 90' lang='lat' dir='ltr'>tem</span> <span class='ocrx_word' id='word_1_65' title='bbox 210 1533 244 1594; x_wconf 92' lang='lat' dir='ltr'>in</span> <span class='ocrx_word' id='word_1_66' title='bbox 260 1533 396 1597; x_wconf 83' lang='lat' dir='ltr'>vinculis</span> <span class='ocrx_word' id='word_1_67' title='bbox 411 1534 567 1621; x_wconf 90' lang='lat' dir='ltr'>imposuit</span> <span class='ocrx_word' id='word_1_68' title='bbox 583 1535 676 1615; x_wconf 87' lang='lat' dir='ltr'>navi,</span> <span class='ocrx_word' id='word_1_69' title='bbox 693 1533 997 1623; x_wconf 87' lang='lat' dir='ltr'>deportandumqne</span> <span class='ocrx_word' id='word_1_70' title='bbox 1014 1536 1045 1598; x_wconf 95' lang='lat' dir='ltr'>in</span> <span class='ocrx_word' id='word_1_71' title='bbox 1069 1536 1191 1601; x_wconf 83' lang='lat' dir='ltr'>Urbem</span> 
     </span>
     <span class='ocr_line' id='line_1_11' title="bbox 127 1650 259 1696; baseline 0.023 -3"><span class='ocrx_word' id='word_1_72' title='bbox 127 1650 259 1696; x_wconf 84' lang='lat' dir='ltr'>curavit.</span> 
     </span>
    </p>

    <p class='ocr_par' dir='ltr' id='par_1_4' title="bbox 124 1734 1225 2933">
     <span class='ocr_line' id='line_1_12' title="bbox 170 1734 1192 1827; baseline 0.009 -32"><span class='ocrx_word' id='word_1_73' title='bbox 170 1734 317 1798; x_wconf 86' lang='lat' dir='ltr'>XLVIII.</span> <span class='ocrx_word' id='word_1_74' title='bbox 341 1735 497 1819; x_wconf 89' lang='lat' dir='ltr'>Senatus,</span> <span class='ocrx_word' id='word_1_75' title='bbox 523 1758 721 1824; x_wconf 88' lang='lat' dir='ltr'>quamquam</span> <span class='ocrx_word' id='word_1_76' title='bbox 746 1738 882 1801; x_wconf 90' lang='lat' dir='ltr'>Domitii</span> <span class='ocrx_word' id='word_1_77' title='bbox 909 1739 1029 1803; x_wconf 80' lang='lat' dir='ltr'>factum</span> <span class='ocrx_word' id='word_1_78' title='bbox 1054 1739 1192 1827; x_wconf 85' lang='lat' dir='ltr'>probare</span> 
     </span>
     <span class='ocr_line' id='line_1_13' title="bbox 127 1837 1192 1927; baseline 0.008 -30"><span class='ocrx_word' id='word_1_79' title='bbox 127 1857 193 1898; x_wconf 94' lang='lat' dir='ltr'>non</span> <span class='ocrx_word' id='word_1_80' title='bbox 212 1852 338 1923; x_wconf 90' lang='lat' dir='ltr'>posset,</span> <span class='ocrx_word' id='word_1_81' title='bbox 356 1837 457 1924; x_wconf 85' lang='lat' dir='ltr'>quieti</span> <span class='ocrx_word' id='word_1_82' title='bbox 474 1854 581 1901; x_wconf 88' lang='lat' dir='ltr'>tamen</span> <span class='ocrx_word' id='word_1_83' title='bbox 599 1840 735 1927; x_wconf 85' lang='lat' dir='ltr'>pacique</span> <span class='ocrx_word' id='word_1_84' title='bbox 751 1837 897 1902; x_wconf 84' lang='lat' dir='ltr'>(landum</span> <span class='ocrx_word' id='word_1_85' title='bbox 915 1841 1056 1927; x_wconf 84' lang='lat' dir='ltr'>putavit,</span> <span class='ocrx_word' id='word_1_86' title='bbox 1075 1863 1115 1904; x_wconf 86' lang='lat' dir='ltr'>ne</span> <span class='ocrx_word' id='word_1_87' title='bbox 1132 1840 1192 1905; x_wconf 87' lang='lat' dir='ltr'>hac</span> 
     </span>
     <span class='ocr_line' id='line_1_14' title="bbox 126 1936 1225 2027; baseline 0.007 -29"><span class='ocrx_word' id='word_1_88' title='bbox 126 1936 242 2016; x_wconf 86' lang='lat' dir='ltr'>injuria</span> <span class='ocrx_word' id='word_1_89' title='bbox 267 1939 491 2002; x_wconf 80' lang='lat' dir='ltr'>exacerbatum</span> <span class='ocrx_word' id='word_1_90' title='bbox 514 1941 547 2001; x_wconf 93' lang='lat' dir='ltr'>in</span> <span class='ocrx_word' id='word_1_91' title='bbox 570 1941 707 2027; x_wconf 88' lang='lat' dir='ltr'>patriam</span> <span class='ocrx_word' id='word_1_92' title='bbox 732 1939 920 2003; x_wconf 88' lang='lat' dir='ltr'>remitteret.</span> <span class='ocrx_word' id='word_1_93' title='bbox 945 1939 1062 2004; x_wconf 89' lang='lat' dir='ltr'>Sedet</span> <span class='ocrx_word' id='word_1_94' title='bbox 1088 1938 1191 2006; x_wconf 86' lang='lat' dir='ltr'>fllium</span> <span class='ocrx_word' id='word_1_95' title='bbox 1219 1966 1225 1978; x_wconf 90' lang='lat'><strong>·</strong></span> 
     </span>
     <span class='ocr_line' id='line_1_15' title="bbox 125 2039 1192 2130; baseline 0.004 -29"><span class='ocrx_word' id='word_1_96' title='bbox 125 2039 195 2117; x_wconf 88' lang='lat' dir='ltr'>ejus</span> <span class='ocrx_word' id='word_1_97' title='bbox 211 2041 462 2128; x_wconf 84' lang='lat' dir='ltr'>Congentiatum</span> <span class='ocrx_word' id='word_1_98' title='bbox 479 2040 730 2128; x_wconf 89' lang='lat' dir='ltr'>comprehendi,</span> <span class='ocrx_word' id='word_1_99' title='bbox 746 2043 949 2127; x_wconf 83' lang='lat' dir='ltr'>Romamque</span> <span class='ocrx_word' id='word_1_100' title='bbox 967 2041 1068 2122; x_wconf 81' lang='lat' dir='ltr'>mini3</span> <span class='ocrx_word' id='word_1_101' title='bbox 1085 2042 1192 2130; x_wconf 89' lang='lat' dir='ltr'>ipsum</span> 
     </span>
     <span class='ocr_line' id='line_1_16' title="bbox 126 2140 1192 2229; baseline 0.007 -27"><span class='ocrx_word' id='word_1_102' title='bbox 126 2140 216 2203; x_wconf 73' lang='lat' dir='ltr'>alba</span> <span class='ocrx_word' id='word_1_103' title='bbox 232 2142 264 2203; x_wconf 94' lang='lat' dir='ltr'>in</span> <span class='ocrx_word' id='word_1_104' title='bbox 281 2141 427 2205; x_wconf 88' lang='lat' dir='ltr'>custodia</span> <span class='ocrx_word' id='word_1_105' title='bbox 444 2141 572 2222; x_wconf 88' lang='lat' dir='ltr'>haberi,</span> <span class='ocrx_word' id='word_1_106' title='bbox 586 2143 716 2229; x_wconf 82' lang='lat' dir='ltr'>placuit.</span> <span class='ocrx_word' id='word_1_107' title='bbox 731 2140 930 2206; x_wconf 85' lang='lat' dir='ltr'>Adolescens</span> <span class='ocrx_word' id='word_1_108' title='bbox 948 2142 1059 2206; x_wconf 74' lang='lat' dir='ltr'>Romae</span> <span class='ocrx_word' id='word_1_109' title='bbox 1076 2143 1192 2209; x_wconf 84' lang='lat' dir='ltr'>libera·</span> 
     </span>
     <span class='ocr_line' id='line_1_17' title="bbox 125 2240 1193 2334; baseline 0.009 -33"><span class='ocrx_word' id='word_1_110' title='bbox 125 2240 197 2302; x_wconf 90' lang='lat' dir='ltr'>liter</span> <span class='ocrx_word' id='word_1_111' title='bbox 218 2240 391 2324; x_wconf 84' lang='lat' dir='ltr'>educatus,</span> <span class='ocrx_word' id='word_1_112' title='bbox 408 2265 509 2329; x_wconf 91' lang='lat' dir='ltr'>quum</span> <span class='ocrx_word' id='word_1_113' title='bbox 532 2241 690 2306; x_wconf 86' lang='lat' dir='ltr'>beneficio</span> <span class='ocrx_word' id='word_1_114' title='bbox 711 2258 840 2306; x_wconf 89' lang='lat' dir='ltr'>senatus</span> <span class='ocrx_word' id='word_1_115' title='bbox 863 2244 895 2306; x_wconf 94' lang='lat' dir='ltr'>in</span> <span class='ocrx_word' id='word_1_116' title='bbox 920 2266 1059 2332; x_wconf 85' lang='lat' dir='ltr'>regnum</span> <span class='ocrx_word' id='word_1_117' title='bbox 1081 2261 1193 2334; x_wconf 86' lang='lat' dir='ltr'>postea</span> 
     </span>
     <span class='ocr_line' id='line_1_18' title="bbox 125 2341 1193 2422; baseline 0.008 -19"><span class='ocrx_word' id='word_1_118' title='bbox 125 2341 328 2422; x_wconf 86' lang='lat' dir='ltr'>revertisset,</span> <span class='ocrx_word' id='word_1_119' title='bbox 350 2343 523 2405; x_wconf 84' lang='lat' dir='ltr'>amicitiam</span> <span class='ocrx_word' id='word_1_120' title='bbox 545 2366 713 2407; x_wconf 86' lang='lat' dir='ltr'>romanam</span> <span class='ocrx_word' id='word_1_121' title='bbox 737 2360 923 2408; x_wconf 80' lang='lat' dir='ltr'>constanter</span> <span class='ocrx_word' id='word_1_122' title='bbox 940 2347 1084 2409; x_wconf 90' lang='lat' dir='ltr'>retinuit.</span> <span class='ocrx_word' id='word_1_123' title='bbox 1102 2349 1193 2413; x_wconf 83' lang='lat' dir='ltr'>Allo-</span> 
     </span>
     <span class='ocr_line' id='line_1_19' title="bbox 125 2440 1194 2533; baseline 0.01 -31"><span class='ocrx_word' id='word_1_124' title='bbox 125 2440 241 2530; x_wconf 84' lang='lat' dir='ltr'>broges</span> <span class='ocrx_word' id='word_1_125' title='bbox 259 2446 541 2508; x_wconf 88' lang='lat' dir='ltr'>senatusconsulto</span> <span class='ocrx_word' id='word_1_126' title='bbox 560 2445 593 2508; x_wconf 93' lang='lat' dir='ltr'>in</span> <span class='ocrx_word' id='word_1_127' title='bbox 611 2444 810 2509; x_wconf 89' lang='lat' dir='ltr'>deditionem</span> <span class='ocrx_word' id='word_1_128' title='bbox 827 2447 948 2533; x_wconf 88' lang='lat' dir='ltr'>accepti</span> <span class='ocrx_word' id='word_1_129' title='bbox 965 2450 1194 2529; x_wconf 75' lang='lat' dir='ltr'>sunt3A1ater·</span> 
     </span>
     <span class='ocr_line' id='line_1_20' title="bbox 125 2542 1192 2635; baseline 0.007 -32"><span class='ocrx_word' id='word_1_130' title='bbox 125 2542 175 2604; x_wconf 92' lang='lat' dir='ltr'>nis</span> <span class='ocrx_word' id='word_1_131' title='bbox 193 2545 288 2607; x_wconf 91' lang='lat' dir='ltr'>etiam</span> <span class='ocrx_word' id='word_1_132' title='bbox 304 2560 336 2607; x_wconf 90' lang='lat' dir='ltr'>et</span> <span class='ocrx_word' id='word_1_133' title='bbox 350 2545 509 2607; x_wconf 88' lang='lat' dir='ltr'>Ruthenis</span> <span class='ocrx_word' id='word_1_134' title='bbox 523 2568 585 2632; x_wconf 86' lang='lat' dir='ltr'>pax</span> <span class='ocrx_word' id='word_1_135' title='bbox 600 2544 692 2608; x_wconf 90' lang='lat' dir='ltr'>data:</span> <span class='ocrx_word' id='word_1_136' title='bbox 710 2543 906 2633; x_wconf 81' lang='lat' dir='ltr'>stipendium</span> <span class='ocrx_word' id='word_1_137' title='bbox 923 2548 1044 2610; x_wconf 89' lang='lat' dir='ltr'>neutris</span> <span class='ocrx_word' id='word_1_138' title='bbox 1059 2547 1192 2635; x_wconf 91' lang='lat' dir='ltr'>imposi-</span> 
     </span>
     <span class='ocr_line' id='line_1_21' title="bbox 125 2646 1193 2734; baseline 0.008 -30"><span class='ocrx_word' id='word_1_139' title='bbox 125 2659 205 2708; x_wconf 91' lang='lat' dir='ltr'>tum.</span> <span class='ocrx_word' id='word_1_140' title='bbox 225 2647 351 2709; x_wconf 84' lang='lat' dir='ltr'>interea</span> <span class='ocrx_word' id='word_1_141' title='bbox 364 2647 404 2726; x_wconf 90' lang='lat' dir='ltr'>Q.</span> <span class='ocrx_word' id='word_1_142' title='bbox 418 2646 564 2710; x_wconf 81' lang='lat' dir='ltr'>Caecilius</span> <span class='ocrx_word' id='word_1_143' title='bbox 575 2646 725 2709; x_wconf 87' lang='lat' dir='ltr'>Metellus</span> <span class='ocrx_word' id='word_1_144' title='bbox 739 2647 932 2728; x_wconf 84' lang='lat' dir='ltr'>Balearicus,</span> <span class='ocrx_word' id='word_1_145' title='bbox 944 2648 1063 2734; x_wconf 88' lang='lat' dir='ltr'>pacatis</span> <span class='ocrx_word' id='word_1_146' title='bbox 1080 2649 1193 2713; x_wconf 89' lang='lat' dir='ltr'>insulis</span> 
     </span>
     <span class='ocr_line' id='line_1_22' title="bbox 124 2746 1191 2833; baseline 0.006 -27"><span class='ocrx_word' id='word_1_147' title='bbox 124 2746 208 2818; x_wconf 88' lang='lat' dir='ltr'>istis,</span> <span class='ocrx_word' id='word_1_148' title='bbox 233 2747 435 2833; x_wconf 89' lang='lat' dir='ltr'>coloniisque</span> <span class='ocrx_word' id='word_1_149' title='bbox 451 2763 607 2833; x_wconf 89' lang='lat' dir='ltr'>tanquam</span> <span class='ocrx_word' id='word_1_150' title='bbox 624 2746 717 2809; x_wconf 79' lang='lat' dir='ltr'>freno</span> <span class='ocrx_word' id='word_1_151' title='bbox 737 2746 914 2832; x_wconf 88' lang='lat' dir='ltr'>impositis,</span> <span class='ocrx_word' id='word_1_152' title='bbox 931 2747 1053 2810; x_wconf 87' lang='lat' dir='ltr'>Urbem</span> <span class='ocrx_word' id='word_1_153' title='bbox 1075 2749 1191 2812; x_wconf 85' lang='lat' dir='ltr'>triurn-</span> 
     </span>
     <span class='ocr_line' id='line_1_23' title="bbox 125 2845 486 2933; baseline 0.011 -27"><span class='ocrx_word' id='word_1_154' title='bbox 125 2845 228 2931; x_wconf 87' lang='lat' dir='ltr'>phans</span> <span class='ocrx_word' id='word_1_155' title='bbox 247 2846 410 2933; x_wconf 85' lang='lat' dir='ltr'>ingressus</span> <span class='ocrx_word' id='word_1_156' title='bbox 428 2861 486 2910; x_wconf 88' lang='lat' dir='ltr'>est.</span> 
     </span>
    </p>

    <p class='ocr_par' dir='ltr' id='par_1_5' title="bbox 121 2947 1192 4027">
     <span class='ocr_line' id='line_1_24' title="bbox 168 2947 1192 3036; baseline 0.007 -26"><span class='ocrx_word' id='word_1_157' title='bbox 168 2949 283 3012; x_wconf 82' lang='lat' dir='ltr'>XLIX.</span> <span class='ocrx_word' id='word_1_158' title='bbox 301 2949 525 3036; x_wconf 86' lang='lat' dir='ltr'>Magistratum</span> <span class='ocrx_word' id='word_1_159' title='bbox 539 2947 657 3011; x_wconf 90' lang='lat' dir='ltr'>deinde</span> <span class='ocrx_word' id='word_1_160' title='bbox 669 2949 745 3012; x_wconf 91' lang='lat' dir='ltr'>novi</span> <span class='ocrx_word' id='word_1_161' title='bbox 757 2950 907 3013; x_wconf 88' lang='lat' dir='ltr'>consules</span> <span class='ocrx_word' id='word_1_162' title='bbox 921 2949 1064 3014; x_wconf 90' lang='lat' dir='ltr'>inierunt</span> <span class='ocrx_word' id='word_1_163' title='bbox 1074 2951 1109 3016; x_wconf 89' lang='lat' dir='ltr'>P.</span> <span class='ocrx_word' id='word_1_164' title='bbox 1122 2951 1192 3017; x_wconf 87' lang='lat' dir='ltr'>Ma·</span> 
     </span>
     <span class='ocr_line' id='line_1_25' title="bbox 125 3049 1191 3140; baseline 0.007 -29"><span class='ocrx_word' id='word_1_165' title='bbox 125 3051 240 3130; x_wconf 88' lang='lat' dir='ltr'>uilius,</span> <span class='ocrx_word' id='word_1_166' title='bbox 264 3053 299 3114; x_wconf 92' lang='lat' dir='ltr'>C.</span> <span class='ocrx_word' id='word_1_167' title='bbox 328 3051 475 3138; x_wconf 88' lang='lat' dir='ltr'>Papirius</span> <span class='ocrx_word' id='word_1_168' title='bbox 496 3049 612 3115; x_wconf 88' lang='lat' dir='ltr'>Carbo.</span> <span class='ocrx_word' id='word_1_169' title='bbox 638 3049 696 3114; x_wconf 89' lang='lat' dir='ltr'>His</span> <span class='ocrx_word' id='word_1_170' title='bbox 722 3051 912 3114; x_wconf 88' lang='lat' dir='ltr'>consulibus</span> <span class='ocrx_word' id='word_1_171' title='bbox 939 3053 974 3115; x_wconf 91' lang='lat' dir='ltr'>L.</span> <span class='ocrx_word' id='word_1_172' title='bbox 998 3052 1191 3140; x_wconf 86' lang='lat' dir='ltr'>Calpurnius</span> 
     </span>
     <span class='ocr_line' id='line_1_26' title="bbox 124 3151 1190 3242; baseline 0.004 -27"><span class='ocrx_word' id='word_1_173' title='bbox 124 3152 215 3233; x_wconf 88' lang='lat' dir='ltr'>Piso,</span> <span class='ocrx_word' id='word_1_174' title='bbox 235 3153 275 3234; x_wconf 90' lang='lat' dir='ltr'>Q.</span> <span class='ocrx_word' id='word_1_175' title='bbox 291 3153 436 3216; x_wconf 78' lang='lat' dir='ltr'>Caecilius</span> <span class='ocrx_word' id='word_1_176' title='bbox 450 3152 600 3216; x_wconf 87' lang='lat' dir='ltr'>Metellus</span> <span class='ocrx_word' id='word_1_177' title='bbox 613 3199 622 3233; x_wconf 93' lang='lat'>,</span> <span class='ocrx_word' id='word_1_178' title='bbox 635 3151 690 3239; x_wconf 92' lang='lat' dir='ltr'>qui</span> <span class='ocrx_word' id='word_1_179' title='bbox 710 3153 809 3240; x_wconf 89' lang='lat' dir='ltr'>paulo</span> <span class='ocrx_word' id='word_1_180' title='bbox 827 3169 901 3216; x_wconf 87' lang='lat' dir='ltr'>ante</span> <span class='ocrx_word' id='word_1_181' title='bbox 919 3153 1190 3242; x_wconf 83' lang='lat' dir='ltr'>triumphaverat,</span> 
     </span>
     <span class='ocr_line' id='line_1_27' title="bbox 124 3254 1191 3343; baseline 0.006 -27"><span class='ocrx_word' id='word_1_182' title='bbox 124 3273 237 3318; x_wconf 91' lang='lat' dir='ltr'>senatu</span> <span class='ocrx_word' id='word_1_183' title='bbox 254 3256 413 3319; x_wconf 86' lang='lat' dir='ltr'>recensito</span> <span class='ocrx_word' id='word_1_184' title='bbox 429 3254 608 3343; x_wconf 89' lang='lat' dir='ltr'>principem</span> <span class='ocrx_word' id='word_1_185' title='bbox 629 3254 777 3342; x_wconf 84' lang='lat' dir='ltr'>legerunt</span> <span class='ocrx_word' id='word_1_186' title='bbox 795 3255 836 3336; x_wconf 94' lang='lat' dir='ltr'>Q.</span> <span class='ocrx_word' id='word_1_187' title='bbox 853 3256 1021 3318; x_wconf 87' lang='lat' dir='ltr'>Metellum</span> <span class='ocrx_word' id='word_1_188' title='bbox 1038 3256 1191 3322; x_wconf 88' lang='lat' dir='ltr'>Macedo·</span> 
     </span>
     <span class='ocr_line' id='line_1_28' title="bbox 125 3356 1192 3446; baseline 0.007 -29"><span class='ocrx_word' id='word_1_189' title='bbox 125 3357 252 3435; x_wconf 87' lang='lat' dir='ltr'>nicom,</span> <span class='ocrx_word' id='word_1_190' title='bbox 267 3358 409 3420; x_wconf 89' lang='lat' dir='ltr'>censoris</span> <span class='ocrx_word' id='word_1_191' title='bbox 422 3372 557 3444; x_wconf 86' lang='lat' dir='ltr'>patrem.</span> <span class='ocrx_word' id='word_1_192' title='bbox 572 3356 689 3445; x_wconf 86' lang='lat' dir='ltr'>Magna</span> <span class='ocrx_word' id='word_1_193' title='bbox 707 3374 778 3420; x_wconf 91' lang='lat' dir='ltr'>tum</span> <span class='ocrx_word' id='word_1_194' title='bbox 792 3357 938 3421; x_wconf 91' lang='lat' dir='ltr'>omnium</span> <span class='ocrx_word' id='word_1_195' title='bbox 955 3359 1192 3446; x_wconf 80' lang='lat' dir='ltr'>exspectatione</span> 
     </span>
     <span class='ocr_line' id='line_1_29' title="bbox 121 3455 1192 3546; baseline 0.008 -30"><span class='ocrx_word' id='word_1_196' title='bbox 121 3455 278 3533; x_wconf 84' lang='lat' dir='ltr'>judicium</span> <span class='ocrx_word' id='word_1_197' title='bbox 295 3460 330 3521; x_wconf 89' lang='lat' dir='ltr'>L.</span> <span class='ocrx_word' id='word_1_198' title='bbox 348 3459 469 3545; x_wconf 86' lang='lat' dir='ltr'>Opimii</span> <span class='ocrx_word' id='word_1_199' title='bbox 484 3459 641 3546; x_wconf 87' lang='lat' dir='ltr'>agitatum</span> <span class='ocrx_word' id='word_1_200' title='bbox 656 3474 720 3532; x_wconf 87' lang='lat' dir='ltr'>est,</span> <span class='ocrx_word' id='word_1_201' title='bbox 736 3480 851 3544; x_wconf 89' lang='lat' dir='ltr'>quem,</span> <span class='ocrx_word' id='word_1_202' title='bbox 868 3458 964 3523; x_wconf 81' lang='lat' dir='ltr'>simul</span> <span class='ocrx_word' id='word_1_203' title='bbox 978 3460 1108 3525; x_wconf 88' lang='lat' dir='ltr'>abiisset</span> <span class='ocrx_word' id='word_1_204' title='bbox 1122 3483 1192 3525; x_wconf 86' lang='lat' dir='ltr'>tna·</span> 
     </span>
     <span class='ocr_line' id='line_1_30' title="bbox 124 3554 1191 3648; baseline 0.009 -33"><span class='ocrx_word' id='word_1_205' title='bbox 124 3554 278 3642; x_wconf 85' lang='lat' dir='ltr'>gistratu,</span> <span class='ocrx_word' id='word_1_206' title='bbox 295 3558 329 3619; x_wconf 88' lang='lat' dir='ltr'>P.</span> <span class='ocrx_word' id='word_1_207' title='bbox 347 3559 463 3621; x_wconf 83' lang='lat' dir='ltr'>Decius</span> <span class='ocrx_word' id='word_1_208' title='bbox 482 3559 634 3622; x_wconf 89' lang='lat' dir='ltr'>tribunus</span> <span class='ocrx_word' id='word_1_209' title='bbox 648 3559 769 3646; x_wconf 91' lang='lat' dir='ltr'>plebis,</span> <span class='ocrx_word' id='word_1_210' title='bbox 784 3558 837 3622; x_wconf 90' lang='lat' dir='ltr'>die</span> <span class='ocrx_word' id='word_1_211' title='bbox 853 3558 895 3623; x_wconf 88' lang='lat' dir='ltr'>ad</span> <span class='ocrx_word' id='word_1_212' title='bbox 908 3561 1067 3648; x_wconf 87' lang='lat' dir='ltr'>populum</span> <span class='ocrx_word' id='word_1_213' title='bbox 1085 3559 1191 3642; x_wconf 85' lang='lat' dir='ltr'>dicta,</span> 
     </span>
     <span class='ocr_line' id='line_1_31' title="bbox 124 3656 1192 3748; baseline 0.008 -30"><span class='ocrx_word' id='word_1_214' title='bbox 124 3656 334 3742; x_wconf 88' lang='lat' dir='ltr'>corripuerat.</span> <span class='ocrx_word' id='word_1_215' title='bbox 357 3659 392 3718; x_wconf 90' lang='lat' dir='ltr'><em>V</em></span> <span class='ocrx_word' id='word_1_216' title='bbox 388 3657 502 3722; x_wconf 75' lang='lat' dir='ltr'>ablatas</span> <span class='ocrx_word' id='word_1_217' title='bbox 517 3660 559 3722; x_wconf 86' lang='lat' dir='ltr'>ab</span> <span class='ocrx_word' id='word_1_218' title='bbox 574 3683 611 3724; x_wconf 83' lang='lat' dir='ltr'>eo</span> <span class='ocrx_word' id='word_1_219' title='bbox 627 3659 707 3745; x_wconf 80' lang='lat' dir='ltr'>leges</span> <span class='ocrx_word' id='word_1_220' title='bbox 723 3659 923 3738; x_wconf 87' lang='lat' dir='ltr'>objectabat,</span> <span class='ocrx_word' id='word_1_221' title='bbox 939 3683 1012 3748; x_wconf 83' lang='lat' dir='ltr'>quoe</span> <span class='ocrx_word' id='word_1_222' title='bbox 1028 3665 1123 3725; x_wconf 81' lang='lat' dir='ltr'>civem</span> <span class='ocrx_word' id='word_1_223' title='bbox 1139 3685 1192 3727; x_wconf 81' lang='lat' dir='ltr'>no·</span> 
     </span>
     <span class='ocr_line' id='line_1_32' title="bbox 123 3757 1191 3827; baseline 0.007 -7"><span class='ocrx_word' id='word_1_224' title='bbox 123 3780 252 3820; x_wconf 75' lang='lat' dir='ltr'>manum</span> <span class='ocrx_word' id='word_1_225' title='bbox 271 3757 487 3823; x_wconf 80' lang='lat' dir='ltr'>indemnatum</span> <span class='ocrx_word' id='word_1_226' title='bbox 511 3763 620 3824; x_wconf 84' lang='lat' dir='ltr'>necari</span> <span class='ocrx_word' id='word_1_227' title='bbox 636 3763 825 3823; x_wconf 82' lang='lat' dir='ltr'>vetuissent:</span> <span class='ocrx_word' id='word_1_228' title='bbox 850 3774 883 3822; x_wconf 90' lang='lat' dir='ltr'>at</span> <span class='ocrx_word' id='word_1_229' title='bbox 905 3783 979 3824; x_wconf 89' lang='lat' dir='ltr'>reus</span> <span class='ocrx_word' id='word_1_230' title='bbox 1001 3765 1191 3827; x_wconf 89' lang='lat' dir='ltr'>anctoritate</span> 
     </span>
     <span class='ocr_line' id='line_1_33' title="bbox 124 3861 1192 3951; baseline 0.004 -29"><span class='ocrx_word' id='word_1_231' title='bbox 124 3861 395 3924; x_wconf 86' lang='lat' dir='ltr'>senatusconsulti</span> <span class='ocrx_word' id='word_1_232' title='bbox 411 3884 445 3924; x_wconf 91' lang='lat' dir='ltr'>se</span> <span class='ocrx_word' id='word_1_233' title='bbox 458 3861 661 3926; x_wconf 87' lang='lat' dir='ltr'>defendebat.</span> <span class='ocrx_word' id='word_1_234' title='bbox 677 3862 714 3926; x_wconf 87' lang='lat' dir='ltr'>ld</span> <span class='ocrx_word' id='word_1_235' title='bbox 729 3863 836 3950; x_wconf 91' lang='lat' dir='ltr'>ipsum</span> <span class='ocrx_word' id='word_1_236' title='bbox 848 3863 1005 3951; x_wconf 84' lang='lat' dir='ltr'>arguebat</span> <span class='ocrx_word' id='word_1_237' title='bbox 1015 3879 1192 3942; x_wconf 85' lang='lat' dir='ltr'>accusator,</span> 
     </span>
     <span class='ocr_line' id='line_1_34' title="bbox 125 3963 674 4027; baseline 0.004 -2"><span class='ocrx_word' id='word_1_238' title='bbox 125 3963 220 4025; x_wconf 90' lang='lat' dir='ltr'>simul</span> <span class='ocrx_word' id='word_1_239' title='bbox 239 3963 365 4026; x_wconf 87' lang='lat' dir='ltr'>senatui</span> <span class='ocrx_word' id='word_1_240' title='bbox 381 3985 493 4027; x_wconf 84' lang='lat' dir='ltr'>creans</span> <span class='ocrx_word' id='word_1_241' title='bbox 509 3964 674 4027; x_wconf 85' lang='lat' dir='ltr'>invidiam.</span> 
     </span>
    </p>
   </div>
   <div class='ocr_carea' id='block_1_4' title="bbox 122 4204 1191 4520">
    <p class='ocr_par' dir='ltr' id='par_1_6' title="bbox 122 4204 1191 4520">
     <span class='ocr_line' id='line_1_35' title="bbox 159 4204 1191 4272; baseline 0.006 -19"><span class='ocrx_word' id='word_1_242' title='bbox 159 4206 175 4271; x_wconf 74' lang='lat' dir='ltr'>S</span> <span class='ocrx_word' id='word_1_243' title='bbox 188 4204 360 4254; x_wconf 73' lang='lat' dir='ltr'>xuvnnvn.</span> <span class='ocrx_word' id='word_1_244' title='bbox 371 4206 439 4252; x_wconf 82' lang='lat' dir='ltr'>Max.</span> <span class='ocrx_word' id='word_1_245' title='bbox 453 4231 488 4240; x_wconf 96' lang='lat'>—</span> <span class='ocrx_word' id='word_1_246' title='bbox 502 4205 555 4252; x_wconf 80' lang='lat' dir='ltr'>tiv.</span> <span class='ocrx_word' id='word_1_247' title='bbox 568 4205 633 4270; x_wconf 84' lang='lat' dir='ltr'>Epit.</span> <span class='ocrx_word' id='word_1_248' title='bbox 647 4232 682 4243; x_wconf 89' lang='lat'>-</span> <span class='ocrx_word' id='word_1_249' title='bbox 693 4208 797 4272; x_wconf 78' lang='lat' dir='ltr'>Eutrop.</span> <span class='ocrx_word' id='word_1_250' title='bbox 810 4234 844 4244; x_wconf 92' lang='lat'>—</span> <span class='ocrx_word' id='word_1_251' title='bbox 856 4208 961 4257; x_wconf 84' lang='lat' dir='ltr'>Diodor.</span> <span class='ocrx_word' id='word_1_252' title='bbox 974 4207 1040 4272; x_wconf 78' lang='lat' dir='ltr'>apud</span> <span class='ocrx_word' id='word_1_253' title='bbox 1053 4206 1191 4269; x_wconf 76' lang='lat' dir='ltr'>Valetium,</span> 
     </span>
     <span class='ocr_line' id='line_1_36' title="bbox 122 4288 1189 4356; baseline 0.003 -19"><span class='ocrx_word' id='word_1_254' title='bbox 122 4306 178 4354; x_wconf 82' lang='lat' dir='ltr'>pag.</span> <span class='ocrx_word' id='word_1_255' title='bbox 192 4291 250 4339; x_wconf 70' lang='lat'>3⁸6.</span> <span class='ocrx_word' id='word_1_256' title='bbox 260 4289 321 4354; x_wconf 70' lang='lat'>-3</span> <span class='ocrx_word' id='word_1_257' title='bbox 334 4290 426 4338; x_wconf 69' lang='lat' dir='ltr'>XLIX.</span> <span class='ocrx_word' id='word_1_258' title='bbox 441 4289 472 4336; x_wconf 87' lang='lat' dir='ltr'>U.</span> <span class='ocrx_word' id='word_1_259' title='bbox 485 4288 515 4338; x_wconf 88' lang='lat' dir='ltr'>C.</span> <span class='ocrx_word' id='word_1_260' title='bbox 531 4289 580 4337; x_wconf 78' lang='lat'>632</span> <span class='ocrx_word' id='word_1_261' title='bbox 590 4305 598 4346; x_wconf 87' lang='lat'>;</span> <span class='ocrx_word' id='word_1_262' title='bbox 610 4290 641 4340; x_wconf 78' lang='grc' dir='ltr'>Δ.</span> <span class='ocrx_word' id='word_1_263' title='bbox 656 4290 685 4339; x_wconf 88' lang='lat' dir='ltr'>C.</span> <span class='ocrx_word' id='word_1_264' title='bbox 698 4306 754 4341; x_wconf 84' lang='lat' dir='ltr'>tao.</span> <span class='ocrx_word' id='word_1_265' title='bbox 768 4317 804 4327; x_wconf 90' lang='lat'>-</span> <span class='ocrx_word' id='word_1_266' title='bbox 820 4291 872 4342; x_wconf 73' lang='grc' dir='ltr'>Ην,</span> <span class='ocrx_word' id='word_1_267' title='bbox 891 4292 957 4356; x_wconf 80' lang='lat' dir='ltr'>Epit.</span> <span class='ocrx_word' id='word_1_268' title='bbox 974 4318 1009 4327; x_wconf 93' lang='lat'>—</span> <span class='ocrx_word' id='word_1_269' title='bbox 1021 4292 1083 4340; x_wconf 77' lang='lat' dir='ltr'>Caes.</span> <span class='ocrx_word' id='word_1_270' title='bbox 1095 4291 1127 4340; x_wconf 81' lang='lat' dir='ltr'>de</span> <span class='ocrx_word' id='word_1_271' title='bbox 1138 4292 1189 4342; x_wconf 72' lang='lat' dir='ltr'>nst.</span> 
     </span>
     <span class='ocr_line' id='line_1_37' title="bbox 124 4371 1191 4437; baseline 0.008 -19"><span class='ocrx_word' id='word_1_272' title='bbox 124 4371 505 4437; x_wconf 73' lang='lat' dir='ltr'>g21.1,as.-eighiia11m1.</span> <span class='ocrx_word' id='word_1_273' title='bbox 523 4398 553 4410; x_wconf 92' lang='lat'>-</span> <span class='ocrx_word' id='word_1_274' title='bbox 567 4373 630 4422; x_wconf 75' lang='lat' dir='ltr'>vell.</span> <span class='ocrx_word' id='word_1_275' title='bbox 641 4376 668 4434; x_wconf 88' lang='lat'>1,</span> <span class='ocrx_word' id='word_1_276' title='bbox 685 4390 725 4423; x_wconf 86' lang='lat' dir='ltr'>rt.</span> <span class='ocrx_word' id='word_1_277' title='bbox 739 4401 774 4412; x_wconf 87' lang='lat'>-</span> <span class='ocrx_word' id='word_1_278' title='bbox 790 4375 843 4426; x_wconf 89' lang='lat' dir='ltr'>Cic.</span> <span class='ocrx_word' id='word_1_279' title='bbox 858 4375 890 4424; x_wconf 85' lang='lat' dir='ltr'>de</span> <span class='ocrx_word' id='word_1_280' title='bbox 905 4377 974 4424; x_wconf 84' lang='lat' dir='ltr'>Orat.</span> <span class='ocrx_word' id='word_1_281' title='bbox 986 4378 1023 4436; x_wconf 90' lang='lat'>11,</span> <span class='ocrx_word' id='word_1_282' title='bbox 1038 4377 1084 4437; x_wconf 80' lang='lat' dir='ltr'>so,</span> <span class='ocrx_word' id='word_1_283' title='bbox 1101 4377 1150 4435; x_wconf 79' lang='lat'>31,</span> <span class='ocrx_word' id='word_1_284' title='bbox 1165 4388 1191 4427; x_wconf 88' lang='lat' dir='ltr'>et</span> 
     </span>
     <span class='ocr_line' id='line_1_38' title="bbox 127 4457 403 4520; baseline -0.014 -15"><span class='ocrx_word' id='word_1_285' title='bbox 127 4458 189 4505; x_wconf 79' lang='lat' dir='ltr'>Part.</span> <span class='ocrx_word' id='word_1_286' title='bbox 206 4458 274 4503; x_wconf 82' lang='lat' dir='ltr'>Orat.</span> <span class='ocrx_word' id='word_1_287' title='bbox 293 4472 346 4520; x_wconf 88' lang='lat' dir='ltr'>cap.</span> <span class='ocrx_word' id='word_1_288' title='bbox 364 4457 403 4503; x_wconf 70' lang='lat' dir='ltr'>lo.</span> 
     </span>
    </p>
   </div>
   <div class='ocr_carea' id='block_1_5' title="bbox 0 0 1302 4980">
    <p class='ocr_par' dir='ltr' id='par_1_7' title="bbox 0 0 1302 4980">
     <span class='ocr_line' id='line_1_39' title="bbox 0 0 1302 4980; baseline 0 0"><span class='ocrx_word' id='word_1_289' title='bbox 0 0 1302 4980; x_wconf 95' lang='lat' dir='ltr'> </span> 
     </span>
    </p>
   </div>
  </div>
 </body>
</html>
