2594 4980
263 760 317 828 IN
345 759 458 826 LOC.
486 759 576 826 LIB.
603 760 771 828 vattt
800 760 1016 830 LIVIANI.
1101 762 1169 860 547

117 898 191 946 ante
206 882 396 969 praedictum
415 897 542 968 tempus
559 881 725 969 resignatae
749 881 896 961 fuerant,
921 881 1172 970 haudquaquam

116 983 292 1048 constantis
310 984 342 1045 in
358 983 508 1045 societate
522 980 595 1045 fidei
609 1004 679 1048 esse
691 982 853 1069 cognovit.

160 1086 216 1149 lV.
237 1085 355 1148 Castris
368 1082 484 1147 deinde
496 1084 607 1162 motis,
622 1083 663 1147 ad
676 1083 768 1146 lsarae
781 1081 995 1168 Rhodanique
1006 1081 1174 1148 confluen-

117 1203 164 1249 tes
174 1209 277 1272 quum
291 1185 504 1272 pervenisset,
520 1184 692 1270 locumque
705 1183 826 1247 stativis
837 1182 992 1247 idoneum
999 1182 1172 1265 judicaret3

117 1286 287 1373 diligenter
310 1284 572 1348 circummunirit
597 1307 698 1364 eum,
728 1306 908 1372 magnaque
935 1301 1176 1349 commeatuum

118 1388 210 1472 copia
221 1387 367 1473 replevit,
382 1407 423 1448 ne
437 1408 545 1449 rerum
557 1385 641 1449 forte
653 1385 903 1449 necessariarum
917 1387 1051 1473 penuria
1063 1403 1177 1451 contra

119 1486 326 1551 commodum
349 1508 446 1549 suum
470 1509 612 1574 pugnare
640 1502 819 1574 cogeretur.
849 1485 948 1567 Quod
970 1487 1057 1549 enim
1082 1487 1176 1551 multi
1229 1563 1235 1583 ι

120 1587 291 1674 magnique
308 1588 349 1650 ab
366 1587 415 1650 bis
430 1587 557 1674 populis
576 1588 733 1651 exercitus
749 1587 821 1651 crasi
839 1589 983 1667 fuerant,
1004 1610 1069 1652 non
1086 1589 1176 1676 priua

119 1688 257 1752 audebat
278 1691 311 1751 in
335 1689 435 1752 aciem
459 1687 670 1765 descendere,
692 1710 789 1774 quam
810 1686 1017 1751 confirmatos
1039 1711 1175 1753 suorum

119 1791 260 1869 animos,
274 1788 480 1853 assuetudine
491 1787 621 1851 videndi
631 1787 848 1875 audiendique
861 1788 1018 1853 terribiles
1029 1789 1172 1853 hostium

120 1894 226 1956 vultus
241 1892 475 1978 strepitusque,
491 1889 691 1977 intelligeret.

163 1992 201 2055 V.
220 1994 344 2055 Interea
365 1990 445 2053 nihil
459 1989 673 2077 pretermittit
688 2011 821 2053 summae
835 1988 1008 2078 diligentiae
1021 2013 1029 2053 :
1041 1991 1176 2057 militem

120 2093 261 2178 alloquio
279 2093 391 2180 erigit,
415 2108 540 2155 exercet
560 2093 675 2173 armis,
695 2091 791 2156 durat
807 2115 924 2179 opere;
942 2093 1039 2157 simul
1058 2094 1176 2159 subre-

121 2194 220 2257 ctioni
241 2210 479 2257 commeatuum
500 2194 691 2273 consulens,
707 2215 804 2279 quam
821 2193 882 2257 late
903 2195 1180 2285 circumstagnans

120 2295 271 2360 Rhodani
284 2295 420 2375 ostium,
440 2296 568 2383 repletis
588 2318 683 2359 arena
697 2296 827 2382 altoque
845 2295 922 2358 limo
938 2297 1093 2361 aestuariis
1107 2320 1179 2362 mo·

122 2396 262 2460 rabatur.
278 2394 404 2459 Idcirco
421 2396 541 2459 Marius
567 2397 732 2485 egregium
758 2396 887 2459 molitus
907 2418 1007 2483 opus,
1027 2397 1069 2460 ab
1089 2399 1180 2464 alveo

122 2495 264 2560 fluminis
278 2496 320 2560 ad
336 2519 440 2577 mare,
461 2519 524 2583 qua
542 2499 621 2560 situs
637 2495 856 2576 commodior,
872 2519 933 2561 nec
949 2513 1014 2559 tam
1028 2514 1178 2561 vexatum

121 2614 200 2662 testu
214 2599 288 2662 litua
303 2613 386 2678 erat,
404 2598 527 2685 ingenti
539 2597 625 2660 fossa
642 2596 759 2675 ducta,
774 2597 928 2674 majorem
942 2596 1092 2660 Rhodani
1103 2620 1177 2684 par·

122 2714 187 2761 tem
202 2699 349 2775 immisit,
364 2699 459 2760 etiam
476 2696 652 2783 grandibus
667 2696 808 2760 serendis
823 2696 957 2759 navibus
969 2696 1067 2759 habili
1080 2697 1180 2771 alveo.

123 2799 184 2859 Sed
205 2799 269 2875 jam
291 2798 516 2874 Cimbrorum,
531 2795 787 2883 ‚Tigurinorum
809 2797 1035 2885 Tugenorum,
1057 2799 1180 2862 Teuto-

125 2919 260 2976 norum,
278 2895 545 2981 Ambronumque
565 2896 722 2958 immensa
738 2898 865 2982 agmina
888 2896 1036 2974 aderant,
1057 2914 1180 2963 mutato

123 2997 230 3081 priore
246 2995 382 3058 consilio
392 2994 512 3073 junctis
524 2993 644 3057 rin'but
657 2994 894 3077 incedentium
908 2999 1010 3061 trucia
1020 2999 1092 3063 visu
1107 3022 1180 3063 eor·

125 3118 222 3182 pora,
240 3094 396 3159 horrendi
414 3095 578 3173 fremitus,
596 3096 705 3160 omnia
722 3097 818 3161 etiam
833 3097 944 3185 peritis
967 3099 1042 3162 alias
1061 3100 1182 3165 militias

126 3219 208 3260 nova
226 3215 258 3261 et
274 3197 403 3260 atrocia.

168 3300 222 3362 Vl.
238 3300 268 3363 N
271 3321 308 3362 ec
321 3298 458 3362 faciebat
474 3295 638 3385 pugnandi
655 3311 845 3384 potestatem
861 3296 997 3377 Marius,
1013 3296 1089 3378 sed,
1107 3320 1180 3364 eva-

125 3400 213 3461 statis
222 3400 306 3462 circa
316 3399 483 3473 omnibus,
495 3399 590 3463 etiarn
602 3396 644 3462 ad
655 3397 722 3486 ipsa
736 3412 837 3462 castra
847 3397 999 3462 ferociter
1008 3400 1185 3467 assultante

126 3499 235 3577 hoste,
255 3515 360 3563 tamen
379 3499 566 3565 continebat
582 3521 676 3580 su0s;
692 3496 920 3562 tantummodo
933 3519 991 3585 per
1005 3498 1089 3563 vices
1104 3501 1181 3565 mit·

127 3599 214 3661 tebat
229 3600 263 3660 in
279 3600 414 3679 vallum,
434 3618 471 3664 ut
490 3623 546 3664 eos
563 3599 733 3664 oculorum
751 3600 944 3685 auriumque
963 3615 1101 3664 terrores
1117 3601 1182 3688 pati

127 3699 301 3778 discerent3
317 3723 454 3789 gnarus,
468 3702 612 3766 insuetos
627 3701 761 3781 horum,
778 3701 804 3763 si
823 3700 932 3763 subito
952 3700 1182 3782 offundantur,

129 3801 305 3887 plurimum
328 3801 476 3887 percelli;
499 3801 611 3867 eadem
635 3798 722 3887 apud
747 3815 895 3886 expertos
914 3820 1042 3885 usuque
1063 3801 1183 3887 peritos

128 3902 287 3965 vilescere.
301 3902 368 3965 Hac
377 3916 445 3964 arte
456 3901 547 3965 ducis
559 3901 649 3965 bravi
665 3902 843 3987 perfectum
858 3912 922 3977 est,
939 3913 977 3960 ut
987 3899 1102 3962 milites
1117 3920 1186 3961 non

130 4003 227 4066 modo
256 4003 369 4064 timere
393 4001 519 4065 hostem
545 4000 745 4080 desinerent,
768 3997 825 4062 sed
846 3997 942 4061 etiam
968 3998 1040 4061 valli
1067 3997 1185 4084 magia,

129 4127 225 4190 quarn
240 4124 422 4180 armorum,
437 4123 500 4187 ope
516 4101 645 4167 defendi
662 4099 916 4187 indignarentur.
933 4098 1068 4183 lamque
1081 4096 1185 4163 tribu·

131 4225 250 4268 norum
272 4219 305 4267 et
327 4202 555 4267 centurionum
578 4201 724 4289 plerique
746 4199 871 4263 deferre
893 4197 934 4261 ad
958 4198 1185 4285 imperatorem

165 4403 180 4464 5
198 4405 229 4449 V.
248 4407 336 4467 Pomp.
354 4402 433 4460 Mela,
447 4403 483 4458 11.
501 4401 525 4451 ⁵.
535 4426 568 4436 -
580 4397 712 4448 Strablib.
722 4397 766 4445 tt.
778 4423 811 4433 -
823 4395 885 4444 Plut.
896 4420 932 4430 -
944 4395 1015 4442 Oros.
1030 4420 1064 4434 -
1073 4393 1183 4460 Polym.

133 4486 204 4534 Strat.
218 4486 262 4533 lib.
272 4487 340 4535 Vlll.
