2594 4980
191 712 213 780 8
364 709 434 776 JO.
461 709 800 780 FREINSHEMII
829 707 1074 776 SUPPLEM.

190 831 339 894 «romani
352 830 560 919 recipiamur.
575 830 661 894 Olim
677 828 836 915 invidiosa
854 845 888 894 et
900 845 1046 917 suspecta
1063 828 1170 893 multis
1190 853 1249 916 po-

190 933 276 997 «tuit
294 932 362 996 haec
377 953 446 996 esse
460 932 651 1022 postulatio,
668 953 710 994 ne
732 930 773 995 ad
787 953 859 1020 spes
876 930 989 994 nimias
1010 931 1250 1018 praescriptione

190 1050 323 1098 «vestrae
333 1033 493 1097 societatis
507 1033 597 1097 abuti
613 1033 826 1123 cogitaremus
838 1056 845 1096 :
857 1054 946 1096 nunc
959 1031 1000 1095 ad
1009 1053 1078 1096 eam
1087 1079 1096 1114 ,
1105 1033 1193 1095 velut
1208 1031 1249 1094 ad

189 1135 336 1224 «asylum
356 1135 578 1223 confugimus,
599 1157 660 1199 nec
675 1149 714 1198 ut
729 1135 798 1198 aliis
816 1135 925 1198 timori
941 1134 1061 1215 simus,
1082 1132 1139 1196 sed
1155 1150 1192 1198 ut
1207 1134 1248 1196 ti·

188 1266 202 1292 ι
212 1258 301 1300 mere
316 1237 376 1324 ipsi
393 1235 609 1300 desinamus.»

231 1337 323 1400 XIII.
336 1336 422 1400 Huic
431 1337 570 1400 orationi
582 1386 591 1418 ,
602 1358 706 1424 quum
720 1336 832 1402 similis
843 1337 1025 1427 argumenti
1034 1339 1093 1401 alia
1103 1335 1246 1424 quaedam

186 1436 369 1519 adjecisset,
387 1437 526 1527 imagine
541 1438 749 1519 humilitatis,
763 1439 797 1501 in
814 1462 912 1527 quam
929 1462 968 1502 ex
986 1454 1076 1502 tanto
1093 1440 1176 1501 fastu
1192 1459 1248 1499 su·

128 1563 137 1585 *
185 1538 256 1602 bito
272 1536 434 1602 deciderat
450 1539 625 1603 clarissima
641 1539 768 1622 civitas,
787 1540 891 1604 movit
906 1540 1031 1604 animos
1048 1540 1196 1618 Patrum,
1212 1553 1249 1599 ut

185 1639 370 1703 societatem
383 1661 457 1702 cum
470 1639 719 1728 deprecantibus
728 1641 928 1729 jungendam
940 1664 1008 1706 esse
1018 1641 1246 1705 decernerent:

186 1762 293 1827 neque
321 1739 473 1821 deerant,
497 1742 554 1829 qui
578 1741 813 1824 reniterentur,
837 1743 1019 1806 sImulatam
1044 1742 1245 1806 Rhodiorum

184 1841 407 1929 paenitentiam
429 1857 600 1930 arguentes
618 1865 627 1906 :
647 1842 705 1907 sed
721 1842 809 1931 apud
825 1843 933 1930 plures
958 1842 1175 1906 misericordia
1193 1864 1248 1905 va·

183 1943 262 2023 luit,
278 1942 386 2024 adjuta
399 1944 449 2008 Ti.
463 1943 600 2008 Gracchi
616 1943 819 2024 testimonio,
830 1944 887 2032 qui
901 1941 1169 2006 senatusconsultis
1182 1967 1247 2004 om·

183 2044 273 2108 nitus
290 2046 534 2132 obtemperatum
560 2069 582 2109 a
603 2044 734 2108 Rhodiis
743 2042 849 2134 futsse
867 2044 1044 2125 referebat,
1060 2045 1246 2107 condemno·

184 2159 289 2234 totque
310 2145 440 2234 publico
456 2146 583 2233 judicio
606 2147 778 2225 undenos,
805 2147 863 2234 qai
874 2142 1029 2237 populum
1054 2167 1077 2206 a
1099 2145 1247 2207 Ilomam's

184 2244 399 2312 alienaverant
403 2272 416 2326 ;
432 2270 505 2311 nam
521 2247 621 2326 hujus
631 2246 767 2310 Gracchi
781 2249 818 2310 A.
832 2238 955 2310 Manlio
965 2247 1001 2310 A.
1011 2247 1047 2310 F.
1058 2247 1096 2308 Τ.
1112 2246 1152 2310 N.
1164 2248 1246 2309 Tor·

184 2365 299 2434 quito,
316 2349 357 2430 Q
374 2348 485 2411 Cassio
499 2347 534 2409 L.
554 2349 589 2410 F.
606 2347 646 2428 Q
656 2347 697 2410 N.
712 2348 861 2436 Longino
879 2370 960 2412 coss.
981 2347 1115 2411 celebris
1130 2347 1247 2435 legatio

183 2471 241 2535 per
260 2449 366 2513 Asiam
388 2449 466 2523 fuit,
491 2469 589 2534 quam
607 2447 724 2511 missus
746 2448 788 2510 ab
811 2464 925 2513 senatu
947 2448 988 2512 ad
1012 2471 1062 2511 res
1083 2448 1245 2512 sociorum

183 2547 402 2636 inspiciundas
419 2546 573 2610 obiverat.
595 2547 698 2610 Causa
717 2548 865 2612 mittendi
885 2550 1022 2612 maxime
1039 2549 1119 2629 fuit,
1136 2566 1174 2612 ut
1190 2573 1245 2612 co·

183 2669 252 2711 ram
268 2663 493 2737 cognosceret,
505 2645 586 2735 quid
601 2648 784 2712 Antiochus
800 2664 832 2712 et
844 2649 1006 2721 Eumenes
1022 2648 1122 2712 animi
1137 2649 1246 2712 consi·

183 2747 282 2834 liique
306 2747 445 2811 invicem
466 2763 522 2812 aut
544 2747 696 2813 adversus
713 2748 872 2837 populum
890 2771 1062 2812 romanum
1079 2750 1245 2815 haberent.

185 2847 520 2915 Honorificentissime
536 2851 578 2915 ab
592 2867 734 2938 utroque
743 2873 818 2940 rege
833 2866 1007 2937 exceptum
1018 2850 1141 2932 ferunt,
1156 2853 1246 2914 nullo

184 2951 434 3039 conspirationis
455 2954 610 3018 intereos
628 2969 715 3018 certo
736 2953 875 3034 indicio,
888 2952 1082 3016 benevolum
1101 2953 1177 3040 ipsis
1198 2953 1246 3016 la-

180 3068 375 3142 ventemque
392 3056 570 3120 revertisse.

226 3147 312 3219 XIV.
324 3156 478 3219 Acerrimi
492 3156 553 3219 viri
569 3155 766 3245 diligentiam
782 3157 945 3220 Eumenes
957 3156 1130 3245 prudentia
1144 3158 1246 3221 eluse·

181 3270 247 3336 rat,
261 3277 326 3342 qua
340 3256 469 3319 nemine
486 3273 557 3319 tum
573 3279 688 3345 regum
706 3256 840 3320 inferior
854 3257 933 3339 fuit3
949 3258 1064 3322 vicinia
1080 3261 1244 3345 potentio·

180 3376 256 3416 rum
271 3353 312 3417 ad
328 3355 460 3418 consilia
476 3378 534 3419 sua
548 3356 681 3420 sollicite
698 3357 836 3446 tegenda
851 3375 915 3423 tam
934 3361 1029 3448 longa
1046 3376 1137 3422 aetate
1154 3383 1244 3423 exer·

182 3454 274 3518 citus.
292 3456 456 3520 Antiocho
472 3456 546 3519 loco
560 3458 722 3545 sapientiae
738 3458 900 3525 temeritas
917 3460 995 3541 fuit,
1011 3481 1074 3546 qua
1091 3460 1244 3522 omnibus

182 3555 216 3617 in
237 3557 373 3645 negotiis
396 3558 566 3638 usus,va
583 3558 687 3622 ullum
704 3560 803 3623 animi
826 3562 877 3625 sui
900 3577 1024 3625 certum
1047 3559 1244 3647 firmumque

181 3658 351 3746 vestigium
363 3658 488 3723 sinebat
497 3660 717 3725 animadverti.
732 3661 848 3744 Quum
855 3663 941 3727 enim
957 3663 1009 3725 alii
1021 3685 1112 3751 reges
1127 3679 1243 3749 poten-

180 3759 258 3821 tiam
269 3758 458 3848 dlvitiasque
466 3784 539 3826 suas
548 3764 616 3851 pari
627 3764 842 3829 sollicitudine
851 3781 1005 3854 augerent
1015 3781 1242 3854 tegerentque,

181 3860 272 3948 gnari
284 3883 473 3949 magnarum
484 3885 585 3952 opum
595 3865 712 3928 famam
723 3864 961 3954 suspicionibus
971 3865 1145 3929 obnoxiam
1158 3888 1242 3944 esse3

181 3961 251 4043 hic,
263 3963 355 4050 quasi
369 3963 443 4028 data
459 3988 576 4054 opera,
590 3967 743 4056 produxit
758 3967 925 4030 thesauros
943 3989 1037 4047 suos,
1053 3981 1086 4029 et
1099 3981 1243 4029 ostenta·

180 4061 236 4125 vit.
259 4062 593 4152 MagnificentissImos
618 4069 705 4131 enim
724 4066 819 4131 ludos
837 4066 1009 4148 instruxit,
1027 4090 1064 4131 ex
1090 4068 1244 4131 universo

180 4159 248 4224 fere
259 4176 417 4227 terrarum
428 4166 507 4245 orbe
517 4191 577 4256 per
591 4168 760 4235 ambitiosa
770 4168 901 4257 praemia
914 4172 1032 4233 coactis
1047 4167 1241 4232 artificibus:

181 4284 248 4348 quo
265 4279 411 4355 tempore
425 4267 586 4356 quidquid
601 4271 694 4359 regiae
710 4271 931 4356 supellectilis,
952 4285 1139 4356 caeteraequc
1159 4293 1243 4357 opu·

215 4452 313 4516 §XIIL
327 4457 380 4506 Liv.
394 4458 460 4522 Epir.
472 4461 562 4510 xtvt
574 4487 605 4495 -
621 4460 671 4509 Pol.
687 4462 801 4525 Excerpt.
816 4463 897 4526 Legat.
910 4469 957 4517 rot
972 4472 995 4511 et
1009 4461 1065 4510 105.
