2594 4980
163 736 232 806 262
332 740 401 806 JO.
429 739 768 808 FREINSHEMII
800 739 1044 808 SUPPLEM.

114 886 119 899 ·
160 859 316 940 «jubebo.
330 890 343 913 n
362 858 447 921 Vicit
470 874 576 921 tamen
597 858 755 924 sententia
773 859 893 938 mitior,
911 857 1002 946 quod
1012 857 1063 922 vir
1079 859 1223 947 optimus

160 961 299 1025 adversae
318 961 455 1023 fortunae
473 960 601 1047 culpam
621 960 696 1025 satis
713 961 810 1025 luisse
826 975 915 1024 tanta
932 959 1110 1048 ignominia
1125 960 1221 1024 mise·

160 1063 273 1149 riaque
294 1060 466 1125 videretur.
495 1060 612 1124 Aderat
632 1079 666 1125 et
685 1059 766 1141 juris
789 1060 930 1148 species,
954 1075 1146 1148 poteratque
1171 1059 1224 1123 de·

159 1163 267 1241 sendi,
286 1162 367 1225 nihil
384 1159 485 1224 videri
499 1160 653 1226 traditum
669 1182 779 1249 posse,
799 1159 889 1248 quod
908 1160 948 1224 ab
967 1183 1026 1234 eo,
1045 1159 1098 1223 cui
1116 1159 1221 1224 trade·

159 1280 262 1342 retur,
280 1279 449 1350 acceptum
468 1284 533 1324 non
554 1278 646 1327 esset.
666 1263 780 1350 ltaque
798 1284 840 1327 ne
853 1277 910 1326 aut
925 1261 1067 1342 bomini,
1085 1278 1141 1326 aut
1158 1261 1221 1350 legi

159 1364 278 1443 injuria
301 1362 407 1443 fieret,
425 1378 556 1427 auctore
573 1377 704 1442 senatu,
726 1360 768 1427 ad
789 1362 948 1451 populum
972 1362 1073 1426 latum
1092 1378 1157 1443 est,
1176 1365 1225 1425 uti

162 1464 197 1529 C.
207 1466 378 1528 Mancinus
392 1466 462 1526 civis
475 1485 622 1528 romanus
632 1463 798 1528 haberetur
805 1486 818 1542 ,·
832 1485 928 1551 neque
944 1461 1059 1526 dedero
1071 1464 1102 1525 ei
1100 1459 1225 1549 fraudi

145 1564 250 1653 ferret.
263 1565 469 1629 Consecravit
479 1580 649 1651 utramque
663 1565 747 1629 hanc
757 1565 922 1629 fortunam
932 1586 1024 1629 suam
1033 1563 1221 1642 Mancinus,

157 1668 261 1754 posita
280 1666 341 1730 sibi
359 1682 482 1746 statua,
496 1664 611 1730 eodem
630 1665 759 1747 habitu,
774 1687 840 1754 quo
854 1663 982 1729 deditus
996 1664 1110 1733 iuerat.
1195 1744 1202 1757 .

202 1768 291 1831 XIX.
299 1768 421 1831 Eodem
430 1791 517 1831 anno
528 1789 677 1831 censores
690 1768 749 1855 Ap.
761 1764 917 1830 Claudius
931 1765 1079 1847 Pulcher,
1093 1765 1134 1847 Q.
1147 1762 1221 1828 Ful·

157 1870 229 1932 vius
248 1868 396 1932 Nobilior
411 1869 550 1931 lustrum
562 1866 905 1958 duodesexagcsimum
914 1864 1099 1931 condidere.
1115 1865 1219 1929 Censa

156 1984 234 2032 sunt
250 1969 368 2032 civium
390 1969 492 2056 capita
512 1984 655 2034 trecenta
669 1968 782 2058 viginti
804 1969 864 2032 tria
887 1967 995 2032 millia.
1015 1967 1220 2056 Magistratus

158 2086 355 2157 temperatus
378 2070 455 2144 fuir,
479 2085 576 2156 atque
598 2068 789 2157 praeferrido
811 2069 942 2133 alterius
965 2068 1120 2147 censoris,
1142 2067 1219 2130 alte·

155 2171 223 2234 rius
239 2170 304 2234 leni
324 2169 455 2258 ingenio
476 2169 559 2232 bene
582 2170 711 2234 mixtus.
730 2170 861 2257 Quippe
876 2169 901 2231 F
902 2167 1008 2232 ulvius
1023 2167 1218 2256 precipitem

105 2318 109 2329 .
154 2273 282 2361 collegae
300 2270 497 2333 iracundiam
515 2269 672 2357 obsequio
689 2270 872 2356 frangebat3
890 2269 974 2333 sicut
986 2268 1217 2332 intractabilem

155 2389 269 2437 contra
286 2370 509 2448 tendentibus,
527 2370 588 2451 ita,
607 2368 686 2434 dum
703 2369 773 2434 cedi
789 2370 850 2434 sibi
864 2364 981 2450 credit,
997 2370 1084 2434 ultro
1100 2368 1219 2433 ceden-

156 2486 232 2533 tem.
250 2470 317 2533 Sub
332 2468 443 2532 eadent
459 2486 605 2557 tempora
616 2492 720 2557 quum
736 2470 900 2558 Illyricum
914 2471 954 2534 ab
973 2469 1134 2557 Ardyaeis‚
1151 2471 1219 2534 Ma·

156 2569 299 2634 cedoniae
326 2568 465 2632 confinia
486 2592 504 2632 a
525 2569 700 2636 Scordiscis
722 2587 925 2654 vexarentur,
952 2586 1081 2635 senatus
1108 2573 1217 2635 sortiri

153 2693 255 2733 novos
270 2671 489 2759 magistratus,
509 2687 540 2734 et
557 2687 680 2736 mature
691 2673 726 2735 in
739 2673 921 2759 provincias
938 2669 1097 2760 proficisci
1111 2671 1216 2749 jussit.

152 2770 278 2859 Ardyaei
301 2773 420 2835 vicinas
446 2773 609 2851 nationes,
635 2796 707 2861 quae
730 2774 763 2837 in
791 2772 917 2837 ditione
937 2775 1161 2836 Romanorum
1184 2787 1217 2836 ct

154 2872 230 2961 ipsse
246 2889 356 2953 erant,
375 2872 619 2947 incursionibus
631 2873 822 2962 damnisque
838 2875 946 2939 multis
961 2874 1151 2953 affecerant,
1168 2874 1217 2961 ip·

155 2975 220 3038 sius
238 2976 333 3038 etiam
355 2975 469 3054 ltaliae,
487 2998 550 3060 qua
570 2976 753 3063 propinqua
771 2976 898 3064 Illyrico
916 2991 982 3055 est,
1000 2975 1214 3063 populatores.

89 3129 94 3140 .
153 3075 203 3139 Ne
221 3076 413 3163 legationem
432 3075 565 3161 quidem
587 3076 714 3140 reveriti
730 3090 838 3156 erant,
857 3075 1016 3139 abstinere
1032 3073 1180 3154 injuriam
1197 3097 1215 3137 a

153 3176 353 3254 civitatibus,
375 3199 446 3261 quae
470 3176 503 3236 in
526 3173 589 3238 lide
613 3176 725 3264 populi
748 3176 873 3239 romani
892 3191 1019 3256 essent,
1033 3175 1213 3254 jubentem.

152 3276 273 3338 Datum
292 3275 390 3362 igitur
403 3276 569 3362 negotium
589 3275 825 3363 magistratibus
843 3291 906 3356 est,
919 3277 969 3338 uti
984 3274 1130 3362 peditum
1144 3277 1216 3339 mil·

154 3375 194 3437 lia
211 3373 342 3452 decern,
362 3374 486 3458 equites
504 3375 645 3439 sexcenti
661 3373 702 3438 ad
718 3375 929 3440 coercendam
940 3375 1152 3466 Ardyaeorum
1165 3377 1215 3440 in·

153 3473 323 3536 solentiam
337 3472 563 3536 scriberentur.

197 3574 270 3636 XX.
292 3573 359 3654 Illi,
383 3572 473 3659 quod
497 3572 644 3639 nondum
673 3574 748 3640 satis
766 3575 807 3641 ad
831 3577 953 3641 bellum
975 3580 1077 3666 parati
1104 3595 1212 3659 erant,

152 3672 334 3737 oratoribus
348 3673 453 3738 missis
470 3691 612 3739 avertere
633 3675 813 3763 periculum
833 3694 1055 3761 tentaverunt,
1072 3681 1105 3743 in
1122 3696 1213 3768 pote·

150 3790 230 3838 state
253 3791 382 3838 senatus
399 3776 575 3863 populique
587 3779 713 3842 romani
727 3800 761 3843 sc
775 3779 846 3848 fore
862 3780 1004 3867 polliciti.
1021 3782 1156 3847 Senatus
1168 3780 1213 3844 ob

150 3897 201 3938 res
220 3876 253 3938 in
275 3875 426 3962 Hispania
444 3893 475 3940 et
493 3877 597 3942 Sicilia
616 3901 730 3965 parum
746 3902 932 3969 prosperas,
953 3882 1068 3946 lubens
1087 3881 1211 3946 veniam

149 3976 336 4065 petentibus
354 3976 458 4056 dedit,
475 3980 626 4066 imperata
644 3982 780 4063 mulcta,
793 4004 890 4069 quam
905 3984 1104 4065 civitatibus,
1121 3983 1211 4072 queis

150 4077 306 4142 damnum
334 4079 449 4158 injuria
473 4079 584 4144 datum
609 4098 708 4164 esset,
734 4083 943 4149 exsolverent.
968 4085 1114 4166 Barbari,
1137 4086 1212 4173 quia

150 4179 276 4267 primus
293 4195 398 4243 metus
417 4178 613 4263 decesserat,
634 4181 784 4248 mandata
799 4200 928 4250 senatus
944 4185 1078 4274 insuper
1088 4186 1214 4256 ,lubuc-

181 4385 197 4450 s
210 4386 305 4433 XVIII.
319 4385 370 4434 Cic.
387 4386 474 4449 Topic.
490 4402 512 4432 c.
528 4389 551 4433 8.
567 4413 602 4425 -
615 4387 643 4436 li.
657 4386 688 4436 de
699 4389 782 4453 legat.
793 4416 829 4427 -
840 4390 903 4439 l'liu.
918 4392 1043 4448 XXXIV,
1059 4392 1083 4441 5.
1098 4418 1132 4429 -
1146 4390 1212 4440 rasti

148 4462 227 4533 Capit.
238 4496 272 4506 -
281 4467 297 4531 S
308 4470 381 4518 XIX.
394 4470 447 4517 Lir.
458 4468 524 4533 Epit.
534 4495 569 4506 -
579 4470 654 4519 Diod.
666 4471 733 4535 apud
741 4471 822 4522 Valet.
835 4497 872 4511 -
881 4474 990 4539 Appirn.
1000 4473 1069 4538 Illyr.
