2594 4980
309 758 364 833 ΙΝ
394 758 509 827 LOC.
535 758 633 826 LIB.
658 758 788 827 LXVI
820 756 1061 827 LIVIANI..
1143 750 1214 826 505

146 897 179 946 et
192 879 282 969 quod
298 881 384 943 inter
401 878 525 968 pedites
540 879 783 944 velocissimum
799 893 884 958 erat,
899 898 997 941 cursu
1016 875 1215 941 contendere

145 984 186 1048 ad
198 999 309 1070 portas
321 981 412 1044 urbis
422 979 535 1061 jubet:
548 981 616 1070 ipse
631 1003 708 1046 cum
724 980 825 1070 signis
837 978 1005 1067 legionum
1017 976 1214 1065 insequitur.

189 1085 263 1146 XX.
290 1081 424 1162 Adjuvit
448 1080 561 1146 dolum
588 1085 736 1159 l'ortuna,
762 1097 795 1147 et
818 1082 1012 1168 Capsenses,
1037 1079 1215 1167 improviso

145 1202 269 1249 terrore
293 1182 428 1271 trepidi,
449 1185 547 1248 simul
561 1200 699 1251 suorum
719 1184 840 1248 multos
865 1182 899 1245 in
918 1195 1076 1271 potestate
1093 1181 1216 1245 Roma·

146 1310 264 1351 norum
287 1309 357 1351 esse
379 1285 544 1367 videntes,
568 1303 678 1374 portas
695 1287 937 1375 patefecerunt,
955 1280 1215 1347 incolumitatem

146 1390 238 1476 pacti.
256 1386 319 1450 Sed
334 1384 475 1468 Marius,
498 1387 627 1475 direpto
649 1389 850 1474 incensoque
869 1383 1010 1473 oppido,
1032 1397 1066 1447 et
1082 1382 1217 1471 puberi·

146 1489 207 1553 bus
219 1488 408 1571 interfectis,
420 1503 568 1554 caeteram
584 1489 828 1554 multitudinem
843 1487 905 1553 sub
918 1506 1040 1552 corona
1052 1483 1217 1568 vendidit3

146 1614 213 1655 non
237 1614 296 1679 per
317 1592 497 1668 avaritiam,
516 1607 574 1655 aut
591 1593 713 1674 scelus,
733 1591 808 1672 jure
823 1588 899 1654 belli
917 1588 1083 1678 neglecto,
1099 1606 1215 1649 verum

145 1694 221 1779 quia
237 1692 281 1757 ob
300 1693 400 1756 situm
418 1693 499 1776 loci,
517 1708 550 1757 et
566 1694 727 1757 levitatem
743 1693 865 1784 gentis,
889 1712 1074 1754 mansuram
1093 1688 1128 1751 in
1151 1684 1217 1751 lide

146 1794 282 1881 Capsam
299 1816 369 1857 esse
385 1793 596 1881 desperabat:
611 1793 646 1859 id
659 1797 747 1859 enirn
761 1793 930 1859 Sallustius
944 1805 1110 1870 causatur,
1123 1788 1217 1877 quasi
1259 1788 1263 1795 '

145 1917 211 1958 non
236 1895 368 1984 ingenio
392 1894 536 1983 perfidus
560 1898 598 1962 C.
620 1897 744 1962 Marius
763 1897 892 1977 fuisset3
908 1909 966 1959 aut
986 1895 1020 1957 in
1043 1890 1109 1957 fide
1130 1892 1218 1954 fran-

144 1995 267 2084 genda,
287 1997 351 2060 ulla
368 1999 471 2085 possit
491 2021 561 2063 esse
580 1999 666 2078 justa
689 2000 864 2064 excusatio.
882 2000 1060 2083 Ceterum,
1076 2016 1113 2059 re
1128 2008 1218 2056 tanta

145 2099 215 2161 sine
233 2098 378 2186 periculo
394 2100 553 2189 perlecta,
570 2101 635 2165 late
653 2103 777 2167 circum
800 2100 960 2165 exercitus
981 2095 1109 2161 romani
1127 2116 1218 2182 spar-

145 2223 200 2264 sus
218 2216 322 2264 terror
339 2218 407 2283 est;
424 2205 591 2290 multaque
602 2203 739 2293 oppida,
754 2205 866 2268 relicta
881 2225 900 2265 a
917 2201 1000 2280 suis,
1017 2211 1217 2286 patuerunt:

145 2301 176 2363 vi
195 2317 378 2391 expugnata
395 2327 497 2393 pauca
512 2321 600 2370 sunt.
618 2307 687 2370 Ilac
702 2306 854 2370 felicitate
872 2322 1091 2386 successuque
1106 2318 1218 2363 rerum

144 2401 246 2466 fretus
261 2406 393 2487 consul,
410 2406 538 2485 majoris
553 2407 648 2471 molis
664 2429 748 2496 opus
765 2408 871 2495 palam
884 2401 1085 2493 aggreditur,
1103 2398 1218 2463 castel·

144 2504 213 2568 lum
229 2505 333 2570 arduo
351 2508 424 2570 loco
447 2509 567 2589 situm,
592 2507 682 2572 haud
704 2507 820 2595 procul
844 2505 1000 2569 Mulucha
1024 2500 1142 2582 fluvio,
1160 2498 1219 2589 qni

145 2606 275 2670 Mauros
291 2608 518 2696 Numidasque
534 2606 650 2672 mediis
666 2609 759 2694 aquis
777 2605 990 2670 disterminat.

188 2708 279 2770 XXI.
308 2708 358 2770 lbi
384 2731 461 2771 eum
488 2730 528 2770 ex
555 2729 672 2795 magna
698 2703 917 2770 sollicitudine
942 2705 1075 2768 fortuna
1097 2699 1218 2789 magis,

144 2829 242 2891 quam
261 2808 451 2890 consilium,
467 2824 524 2871 aut
541 2808 661 2890 virtus,
675 2808 840 2895 explicuit.
861 2807 974 2889 Quum
994 2805 1081 2869 enim
1100 2804 1135 2866 in
1154 2802 1218 2866 ob·

144 2907 287 2987 sidione,
307 2907 417 2972 multis
437 2907 553 2972 diebus
574 2908 702 2997 pudore
725 2909 827 2997 magis
852 2908 934 2972 irriti
958 2907 1098 2994 incepti,
1117 2926 1217 2993 qnam

143 3031 201 3096 spe
219 3007 372 3096 potiundi
387 3009 551 3091 haesisset3
567 3011 701 3075 anxium
719 3011 837 3092 animi,
856 3025 888 3075 et
902 3031 1050 3091 manere,
1067 3031 1109 3073 an
1128 3008 1219 3073 abire

144 3110 285 3175 deterius
297 3110 399 3191 foret,
413 3111 651 3201 ambigentem,
666 3113 765 3176 unius
779 3111 948 3192 cujusdam
958 3111 1086 3201 liguris
1099 3131 1216 3199 open,

144 3237 235 3278 casus
249 3213 396 3279 absolvit.
414 3215 445 3277 ls
462 3236 585 3301 quum,
599 3230 756 3302 aquatum
774 3234 983 3304 progressus,
1001 3211 1149 3276 cochleas
1165 3208 1217 3273 in·

144 3333 194 3379 ter
215 3339 289 3380 saxa
311 3331 461 3404 repentes
487 3316 595 3405 legere
620 3319 786 3406 coepisset,
806 3316 964 3405 paulatim
987 3313 1029 3379 ad
1054 3332 1216 3379 summam

144 3439 259 3503 rupem
284 3417 393 3481 enisus
413 3434 481 3481 est:
500 3434 697 3506 repertoque
720 3419 755 3481 in
777 3419 897 3483 castelli
918 3417 1087 3506 planitiem
1107 3413 1216 3495 aditu,

144 3517 267 3579 nemini
297 3518 404 3602 visus,
434 3517 525 3606 quod
559 3519 593 3583 in
621 3520 749 3584 hostem
776 3518 906 3584 obversi
940 3532 1216 3607 propugnatores,

145 3617 253 3680 lodum
266 3618 376 3700 illum,
390 3635 429 3683 ut
439 3643 572 3708 prorsus
583 3623 802 3702 inaccessum,
814 3617 979 3685 custodire
991 3620 1216 3710 neglexerant,

144 3742 211 3782 rem
224 3718 266 3782 ad
276 3720 416 3783 Marium
429 3719 556 3786 detulit.
570 3722 692 3785 Marius
706 3721 926 3786 velocissimos
943 3720 972 3784 ei
989 3720 1124 3800 milites,
1138 3739 1215 3782 cum

144 3821 391 3885 centurionibus
406 3837 559 3908 quatuor,
573 3846 613 3888 ex
628 3823 720 3888 omni
740 3844 878 3886 numero
895 3822 1099 3885 cornicinum
1113 3833 1147 3882 et
1161 3833 1216 3883 tu·

144 3922 289 3985 bicinum
312 3922 440 3987 levitate
464 3944 641 4011 corporum
663 3938 853 4012 praestantes
876 3924 1023 4012 quinque
1045 3918 1214 4008 adjungit:

144 4046 278 4112 quoque
295 4024 397 4111 magis
413 4022 536 4089 obsessi
551 4049 570 4089 a
585 4047 684 4089 sensu
701 4025 749 4089 rei
765 4040 955 4106 avocentur,
969 4047 1034 4112 qua
1049 4038 1141 4110 parte
1157 4042 1216 4109 op-

143 4149 288 4215 pugnare
302 4125 467 4190 castellum
480 4141 705 4207 consueverat,
719 4125 840 4205 majore
852 4149 949 4215 quam
961 4141 1056 4189 antea
1070 4121 1214 4187 tumultu

142 4249 207 4290 Vlm
224 4241 376 4292 ostentat.

178 4437 265 4500 ¹5le
276 4440 347 4485 Oros.
361 4462 396 4472 -
409 4436 509 4486 Sallust.
523 4463 557 4472 -
573 4438 639 4487 Flos.
653 4465 688 4476 -
702 4437 781 4488 Strab.
795 4438 839 4487 lib.
853 4439 937 4488 xvii.
950 4462 985 4475 -·
998 4434 1015 4502 S
1029 4436 1102 4486 111.
1116 4434 1215 4485 sulm.

149 4546 175 4553 -
197 4518 259 4566 Flor.
270 4548 303 4558 -
315 4525 400 4569 l'rout.
411 4522 485 4570 strat.
495 4522 548 4581 lll,
559 4537 583 4584 9.
1207 4524 1210 4529 '
