2594 4980
131 672 203 760 460
304 677 373 745 to.
400 678 748 749 rnrrnsnasnr
777 650 1045 749 sonatan(

173 797 293 863 XXIV.
316 788 441 862 Eodem
462 822 550 863 anno
567 798 757 867 incendium
776 800 893 891 ingens
908 801 1023 865 Romo
1038 798 1124 881 fuit,
1139 820 1222 867 tna·

129 921 258 989 guoque
271 922 345 988 pars
363 902 454 965 urbis
473 900 668 990 deflagravit.
684 902 735 967 Eo
747 924 852 991 quum
867 900 953 967 edes
969 901 1085 967 Matris
1096 902 1219 971 Deum

130 1000 165 1060 in
178 999 259 1062 colle
269 1001 414 1065 Palatino
428 1018 623 1091 cousumpta
634 1003 758 1087 misam,
769 1000 921 1068 inviolata
931 1002 1076 1069 Claudia
1085 1018 1217 1089 stoma,

129 1122 201 1191 quae
219 1102 253 1164 in
270 1102 434 1167 vestibulo
450 1105 571 1186 stabat,
589 1120 661 1169 tiam
677 1124 812 1195 quoque
829 1101 1038 1168 admirationi
1056 1102 1216 1171 bomini·

126 1200 191 1266 bus
202 1203 282 1286 fuit3
296 1204 353 1268 sed
365 1207 505 1269 maxime
518 1223 694 1295 postquam
706 1205 845 1295 Augusti
858 1204 1059 1295 principatu,
1069 1206 1119 1271 M
1130 1206 1217 1271 Sa·-

128 1304 224 1385 vilio‚
252 1307 288 1370 L.
312 1307 421 1370 Lamia
444 1308 656 1389 consulibus,
676 1307 742 1373 alio
764 1305 917 1371 incendio
939 1305 1060 1371 iterum
1081 1306 1218 1373 intaeta

127 1402 264 1471 flammis
288 1409 388 1472 stetit.
416 1407 491 1471 Haec
515 1409 569 1473 illa
588 1406 724 1475 Claudia
746 1408 870 1493 Qiunta
895 1424 961 1489 est,
978 1408 1046 1471 sive
1063 1406 1215 1475 Verulis

125 1508 235 1599 virgo,
249 1524 287 1571 ut
297 1510 391 1573 multi
411 1526 623 1598 putaverunt,
636 1512 705 1576 sito
716 1526 884 1589 matrona,
898 1527 936 1575 ut
951 1510 1060 1575 Livius
1076 1496 1215 1577 inemo·

123 1611 178 1673 rito
192 1610 355 1699 prodidit,
369 1634 443 1700 que
458 1613 680 1679 adherentem
694 1614 731 1677 iu
745 1611 830 1677 rado
845 1611 972 1677 Tiberis
986 1632 1123 1695 navem,
1137 1634 1214 1701 qua

124 1711 230 1775 Mater
257 1710 340 1777 ldaea
363 1713 564 1796 vehebatur,
588 1736 693 1803 quum
719 1714 808 1779 nulla
828 1713 989 1795 juvenum
1015 1712 1047 1775 vi
1073 1714 1214 1779 moveri

124 1830 252 1901 posset,
265 1816 300 1878 in
321 1819 539 1904 patrocinium
556 1833 714 1906 suspectas
732 1815 897 1905 pudicitie
916 1814 1053 1905 cingulo.
1066 1815 1212 1881 euim

124 1913 263 1998 dicitur;
286 1940 353 2006 qno
378 1921 496 1983 merito
521 1918 730 1985 hauddubie
749 1916 1027 2006 statuailliapud
1049 1915 1211 1985 eamdem

125 2016 234 2098 deam,
249 2020 342 2100 cujus
359 2022 515 2111 suffragio
534 2038 620 2086 easta
633 2020 776 2102 judicata
794 2023 914 2101 fuerat,
928 2018 1085 2083 collocata
1097 2034 1162 2083 est.

168 2118 271 2183 XXV.
296 2121 354 2183 His
371 2121 517 2185 cladibus
530 2138 679 2187 moestam
694 2122 857 2187 civitatem
870 2121 976 2186 acrius
990 2120 1129 2185 irritavit
1141 2142 1210 2209 pa·

123 2238 213 2297 ctum
231 2244 307 2286 cum
321 2225 481 2313 Iugurtha
500 2223 622 2307 foedus,
636 2238 671 2289 et
683 2222 845 2289 dubitatio
856 2239 1005 2303 senatus,
1017 2222 1075 2309 qui
1089 2242 1209 2311 noque

122 2323 262 2413 probare
273 2323 349 2388 findi
361 2342 393 2388 et
402 2324 574 2414 perniciosi
584 2324 724 2415 exempli
732 2347 803 2389 rem
811 2340 1072 2413 poterat,neque
1081 2322 1211 2389 rescin-

123 2425 218 2505 dere,
238 2448 357 2516 magno
377 2426 418 2491 ad
437 2427 617 2514 potentiam
641 2426 754 2493 Scauri
774 2442 942 2514 respectu,
961 2422 1113 2489 audebat.
1134 2424 1208 2497 Sed

121 2530 159 2593 C.
172 2528 348 2593 Memmius
362 2531 514 2593 tribunus
529 2528 649 2619 plebia,
658 2527 885 2617 frequentibus
894 2525 936 2590 ad
950 2525 1110 2615 populum
1120 2546 1208 2591 con-

122 2629 292 2710 cionibus,
306 2632 432 2694 romani
446 2631 590 2695 nominis
603 2630 835 2723 ignominiam,
856 2628 1000 2693 facinora
1019 2625 1206 2713 nobilium,

120 2730 254 2795 audacia
279 2733 475 2820 avaritiaque
496 2733 579 2798 nihil
601 2755 670 2798 uon
691 2732 919 2822 patrantium,
941 2746 1092 2795 senatum
1116 2752 1205 2795 oon·
1245 2770 1249 2777 ·

120 2833 254 2897 scientia
280 2850 511 2917 cunctantem,
535 2856 699 2925 arguens,
723 2850 794 2900 acta
819 2833 985 2913 consulis,
1012 2832 1137 2921 quique
1163 2832 1204 2897 in

121 2931 234 2998 eadem
259 2957 354 2999 causa
376 2954 504 3012 essent,
527 2936 739 3001 vehementer
757 2934 990 3026 impugnabat,
1009 2933 1145 3024 iugenio
1167 2948 1207 2999 et

121 3038 354 3101 exercitatione
368 3060 442 3101 acer
458 3054 490 3100 et
503 3038 640 3102 acerbus
655 3053 832 3102 accusator.

164 3139 273 3203 XXVI
277 3188 284 3202 .
305 3139 406 3215 Cujus
428 3139 472 3200 rei
492 3136 589 3202 fidem
609 3138 686 3202 facit
698 3138 750 3202 vel
765 3158 833 3201 una
848 3160 888 3201 ex
902 3134 1113 3225 quammultis
1127 3156 1204 3232 oraf

119 3239 165 3303 tio
185 3242 278 3320 cnjus
295 3242 363 3327 ipsa
381 3241 478 3302 verba
495 3241 572 3326 quia
590 3260 626 3304 se
645 3238 766 3306 referre
784 3238 919 3328 Crispus
940 3236 1109 3302 Sallustius
1132 3236 1202 3322 ait,

120 3362 222 3403 exeo
245 3342 442 3420 referemus,
466 3362 564 3426 quern
587 3362 656 3405 non
681 3357 809 3406 tantum
834 3357 873 3405 ut
894 3341 1057 3428 optimum
1079 3336 1202 3427 iugor-

119 3440 205 3504 thini
228 3440 303 3505 belli
329 3442 539 3529 scriptorem,
558 3441 616 3505 sed
642 3442 740 3508 etiarn
766 3458 804 3505 ut
824 3462 930 3505 unum
955 3438 997 3505 de
1020 3436 1204 3526 compluri-

119 3543 182 3606 bus
204 3543 385 3631 reliquum,
406 3544 583 3631 sequimur.
606 3542 671 3609 Sed
692 3543 746 3609 ille
770 3545 809 3608 C.
829 3541 1024 3607 Memmium
1046 3537 1139 3602 huno
1162 3539 1201 3605 iu

118 3643 257 3708 modum
281 3646 452 3709 facientem
469 3646 568 3709 verba
590 3646 738 3713 inducitt
755 3676 769 3703 ι
782 3644 887 3711 Multa
907 3666 959 3708 me
975 3642 1201 3707 dehortantur

120 3771 167 3811 «a
187 3747 296 3829 vobis,
316 3748 479 3830 Quirites,
495 3750 528 3810 ni
550 3747 699 3814 studium
712 3748 901 3837 reipublice
915 3744 1028 3809 omnia
1040 3756 1199 3841 superet3

119 3876 133 3905 a
146 3873 224 3939 opes
245 3851 414 3931 factionis,
427 3867 532 3915 vestra
555 3852 729 3939 patientia,
745 3850 798 3931 jus
817 3851 966 3930 nullum,
983 3868 1021 3910 ac
1036 3843 1200 3925 maxime,

118 3981 130 4005 ιι
146 3954 237 4039 quod
262 3953 455 4015 innocentiae
474 3954 547 4040 plus
572 3954 729 4042 periculi,
747 3975 846 4041 quam
862 3951 999 4015 honoris
1024 3962 1092 4011 est:
1117 3966 1198 4010 nam

118 4082 130 4106 κ
146 4053 199 4116 illa
214 4055 347 4141 quidem
367 4056 455 4143 piget
474 4054 598 4136 dicere,
610 4055 661 4119 his
679 4055 772 4120 annis
786 4052 975 4142 quindecim
992 4069 1091 4137 quam
1106 4044 1201 4111 ludi-

119 4153 220 4217 «brio
239 4157 363 4221 fueritis
387 4156 548 4244 superbiae
569 4179 768 4245 paucorum,
789 4178 888 4246 quam
907 4152 1010 4233 fode,
1027 4170 1198 4238 quamque

15 4380 17 4384 '
149 4355 165 4420 s
178 4358 274 4405 xxIV·
282 4358 347 4407 Tae.
360 4361 449 4408 Annal.
461 4362 506 4417 w,
516 4360 559 4409 ⁶5.
571 4386 607 4399 ··-
617 4360 692 4411 ovid.
705 4362 770 4409 Fut.
781 4360 828 4419 Π,
837 4374 862 4406 v·
877 4355 936 4406 ³05.
951 4382 986 4393 -··
998 4354 1074 4403 tuat.
1086 4348 1118 4397 de
1127 4348 1201 4401 Vitis

118 4438 192 4490 illust.
206 4470 240 4479 -
251 4442 337 4492 Sidon,
349 4445 459 4508 Apollin.
471 4446 586 4493 earm-11.
