2594 4980
234 113 287 176 tu
318 112 428 176 Lus„
457 113 548 177 tiu.
578 111 647 176 tlt
678 111 891 175 Liviam.
1032 105 1096 174 185

67 233 195 293 XXIX.
206 233 283 292 Nou
296 232 457 318 displicuit
471 234 598 317 praetori
617 230 760 291 conditio
774 255 779 291 :
790 231 918 316 jutuque
930 246 1019 317 pactu
1031 255 1098 292 san·

23 333 213 410 ciebantur,
236 352 338 417 quum
356 333 520 395 Viriathus
543 356 551 395 :
569 364 581 387 a
592 333 710 418 Ecquae
733 332 801 394 haec
820 332 943 394 insania
961 350 1026 412 est,
1043 357 1100 398 ex·

24 433 183 512 «clamat,
196 432 256 493 viri
268 432 282 494 t
292 434 465 522 Quotquot
475 431 573 496 hodie
584 433 637 496 hic
650 454 779 514 sumus,
789 453 929 496 romana
938 433 1097 521 perfidias,

25 533 145 597 ‹ritata
163 531 275 596 Galbae
284 533 412 617 fraude,
426 535 524 598 vitata
533 533 676 615 Luculli,
688 533 831 620 reliquiae
847 552 960 597 sumus
971 557 979 597 ε
989 534 1100 598 multi·

27 634 168 722 «plicent
184 648 371 699 uostromm
386 656 560 699 numerum
577 633 664 699 idem
677 634 749 715 ille,
764 655 831 721 quo
843 656 933 697 nunc
945 635 1099 722 petimur,

29 733 146 799 «dotus
160 735 281 799 hausit.
302 736 479 801 Nocentior
500 737 638 799 Romani
657 734 768 799 dextra
784 751 851 816 est,
871 758 974 822 quum
991 736 1098 824 posito

31 836 137 900 «lerro
150 839 239 924 pacis
254 854 286 900 et
303 838 377 902 fidei
395 838 572 901 ministram
584 838 721 901 simulat.
734 837 850 923 Neque
864 836 973 900 adbuc
986 859 1026 900 eo
1042 836 1099 902 de·

33 954 208 1019 «rentum,
224 953 281 1018 ut,
297 940 324 1001 si
343 938 508 1003 deditione
527 940 589 1002 tuti
606 961 674 1002 esse
693 957 880 1027 possemus,
899 954 1025 1002 tautum
1042 937 1100 1002 de·

36 1036 180 1102 -decoris
205 1039 248 1103 sit
275 1039 494 1104 subeundum.
522 1042 555 1105 si
578 1041 715 1128 obsequi
737 1040 930 1103 salutaribus
958 1039 1101 1129 imperiis

36 1141 203 1226 ·potestis,
220 1157 328 1228 parata
344 1143 423 1205 mihi
435 1142 516 1205 ratio
528 1158 592 1225 est,
605 1165 668 1229 qua
682 1142 860 1206 incolumes
869 1142 981 1205 simus.
993 1173 1005 1196 ιι
1018 1142 1099 1205 Om-

39 1238 126 1303 nibus
149 1244 393 1328 promptissime
419 1264 551 1330 operam
578 1244 837 1330 obsequiumque
854 1243 1100 1332 pollicentibus,

40 1343 208 1406 exercitum
225 1342 380 1406 eductum
397 1346 487 1406 velut
499 1344 540 1408 ad
557 1364 699 1434 pugnam
717 1344 873 1408 instruit:
893 1344 979 1407 mille
995 1366 1034 1406 ex
1049 1343 1100 1407 his

44 1439 174 1507 delectos
190 1466 322 1508 manere
334 1467 461 1526 secum,
475 1461 624 1527 caeteros,
638 1462 677 1509 ut
690 1450 833 1534 primurn
844 1445 999 1510 vidissent
1015 1467 1101 1533 equo
1179 1496 1182 1503 .

46 1540 246 1626 insilientem,
274 1547 434 1634 dispersos
460 1549 494 1610 in
516 1568 648 1611 omnem
672 1564 796 1635 partem
820 1557 973 1611 contente
988 1546 1102 1636 lugere

49 1643 137 1727 iubet,
154 1646 358 1729 admonitos,
381 1666 419 1712 ut
437 1648 477 1712 ad
493 1650 607 1714 urltem
625 1649 790 1713 Tribolam
810 1672 844 1712 se
860 1648 1100 1737 opperirentur.

83 1746 182 1812 XXX.
203 1749 353 1830 Vetilius,
369 1750 524 1814 abeuntes
541 1767 632 1815 metu
652 1751 871 1816 resistentium
890 1745 1017 1837 insequi
1033 1764 1101 1813 uon

56 1868 147 1932 ausus,
157 1870 300 1938 suosque
312 1873 403 1938 paeue
417 1850 579 1915 dedititios
595 1869 706 1940 parato
716 1853 941 1939 instructoque
952 1851 1032 1937 eripi
1044 1849 1103 1913 do·

57 1943 121 2022 leus,
133 1950 264 2016 tandem
280 1952 313 2015 in
330 1951 511 2016 Viriathum
527 1954 673 2017 vertitur.
688 1957 731 2018 m
744 1954 797 2017 ille
809 1952 995 2041 pernicibus
1010 1953 1101 2040 equis
1126 1945 1131 1955 ’

62 2063 185 2113 conatum
211 2051 315 2115 hostis
339 2074 471 2117 omnem
497 2053 648 2134 eludens,
676 2054 775 2117 niodo
806 2054 940 2144 fugienti
966 2053 1099 2133 similis,

64 2141 153 2213 deinde
161 2153 329 2234 restitans,
343 2175 581 2241 nonnunquam
596 2156 682 2219 ultro
694 2155 833 2218 minatus
845 2154 1105 2242 impressionem,

65 2258 87 2305 tt
98 2270 130 2312 eo
143 2251 214 2332 die,
230 2269 263 2316 et
279 2256 425 2341 sequenti
444 2270 533 2336 toto,
550 2257 714 2319 Romanos
730 2256 843 2319 iisdem
859 2257 892 2318 in
908 2255 1028 2342 campis
1045 2253 1102 2317 de·

10 2344 12 2413 ζ
65 2343 252 2417 titulatum
269 2377 363 2435 vero,
386 2357 451 2419 suis
470 2357 600 2420 abunde
621 2358 714 2445 spatii
735 2356 776 2421 ad
794 2356 999 2420 securitatem
1021 2355 1103 2443 fugae

10 2470 13 2533 t
67 2442 138 2517 luisse
149 2456 350 2537 conjectans,
365 2473 466 2521 noctu
481 2480 540 2545 per
551 2459 677 2546 ignotas
690 2459 755 2522 vias
772 2478 932 2544 equorum
945 2455 1105 2520 celeritate

66 2544 174 2639 tlhtus,
193 2558 359 2622 Romanos
375 2560 473 2623 annis
491 2569 647 2639 onustos,
664 2557 889 2645 imperitiaque
907 2557 1054 2620 locorum
1071 2571 1105 2620 et

66 2642 212 2739 imparibus
231 2662 324 2745 equis
341 2652 503 2741 tardatos,
521 2660 694 2724 frustravit.
715 2661 786 2723 floc
809 2675 874 2722 tarn
900 2656 1052 2722 callidum
1071 2672 1104 2722 et

66 2749 120 2822 tn
129 2765 293 2828 consilium
308 2767 477 2830 maximam
490 2765 577 2854 apud
588 2766 742 2831 barbaros
751 2765 996 2831 admirationem
1003 2765 1104 2829 Viria-

67 2849 122 2942 tho,
135 2866 369 2953 maximamque
387 2867 610 2932 auctoritatem
628 2869 770 2956 peperit;
790 2890 971 2958 magnaque
984 2867 1102 2933 deinde

67 2959 212 3030 ¹1¹¹tltltudo
235 2965 277 3031 ad
297 2984 391 3048 eum,
410 2984 564 3056 tanquam
590 2970 725 3034 unicum
744 2968 877 3051 ducem,
900 2987 969 3033 sese
989 2981 1101 3058 aggre-
1151 3037 1155 3043 ,

65 3059 160 3135 Μ’
1010 3138 1013 3147 ,

96 3157 201 3231 ttxt.
221 3168 384 3232 Ceterum
400 3169 553 3251 Vetilius,
572 3168 756 3236 Viriathum
773 3180 987 3258 persequens,
1004 3181 1102 3255 quem

65 3247 175 3331 lllbolae
192 3291 260 3333 esse
283 3269 464 3351 audiverat,
482 3272 597 3336 eodem
618 3294 693 3336 cum
715 3271 857 3336 exercitu
878 3268 1102 3360 proficiscitur.

65 3348 173 3453 lterper
187 3371 287 3435 saltus
305 3372 493 3437 faciundum
509 3390 596 3454 erat,
613 3375 646 3436 in
664 3374 783 3461 quibus
795 3374 961 3437 Viriathus
978 3386 1102 3460 partem

64 3462 201 3546 &piarum
213 3470 476 3538 abscondiderat:
488 3475 533 3537 ibi
549 3488 624 3538 cutn
638 3475 748 3563 paucis
760 3491 971 3563 conspectus,
985 3471 1103 3536 deinde

66 3559 131 3662 'Velut
145 3592 260 3657 pavore
281 3574 461 3662 refugiens,
481 3573 665 3640 Romanum
682 3575 808 3665 pudore
825 3592 857 3639 et
878 3576 925 3637 ira
940 3571 1103 3638 incautius

67 3672 209 3736 muntem
226 3675 260 3737 in
282 3674 416 3762 paludes
432 3692 465 3739 et
480 3678 668 3766 voraginosa
684 3677 754 3741 loca
771 3673 928 3765 pertrahit
943 3695 951 3738 :
967 3673 1036 3762 ipse
1050 3693 1103 3734 so·

94 3847 197 3913 ihm.
209 3867 293 3914 Froot.
305 3866 379 3915 strat.
390 3868 429 3925 tt,
446 3867 485 3914 t3.
496 3894 532 3903 —
546 3867 654 3934 Appiam
