2594 4980
143 694 215 780 ste
316 690 755 764 Jo.rnamsunu11
786 693 1029 763 sueretu.

142 817 265 907 populo
277 817 532 880 circumcisionis
549 832 582 879 et
596 835 763 880 sacrorum
778 815 1011 879 communione
1026 819 1221 899 accensuit,

139 921 279 1009 vestigiis
296 935 402 983 tamen
421 919 582 982 servitutis
599 917 632 981 in
647 916 728 996 juris
743 914 958 1003 inaequalitate
972 917 1192 984 exstantibus.

186 1022 301 1086 XLIII.
326 1022 404 1084 Mox
427 1037 458 1083 et
480 1020 673 1100 Samariam,
693 1018 826 1082 alteram
846 1017 923 1081 olim
947 1019 1051 1107 gentis
1072 1018 1220 1099 judaicas

141 1125 279 1212 regiam,
301 1123 358 1186 sed
385 1139 455 1184 tum
478 1123 566 1208 Syris
591 1119 885 1209 parentem,'l0ssa
908 1134 941 1182 et
968 1118 1091 1207 duplici
1111 1144 1219 1188 muro

139 1223 394 1303 circumdatam,
422 1222 461 1286 ad
487 1222 633 1286 insolitos
661 1221 752 1286 cibos
779 1219 897 1310 adegit.
921 1221 995 1303 Qua
1017 1223 1217 1289 necessitate

138 1348 241 1414 quum
259 1326 456 1413 Cyzicenum
475 1324 675 1387 Antiochum
693 1321 735 1388 ed
756 1345 852 1410 opem
871 1322 933 1386 sibi
952 1321 1116 1387 serendam
1137 1346 1219 1413 per-

136 1429 328 1507 movissent,
343 1451 360 1489 a
374 1424 446 1489 filiis
459 1426 601 1513 Hyrcani
613 1424 800 1489 Aristobulo
811 1440 844 1487 et
858 1424 1021 1513 Antigono
1035 1441 1216 1512 superatus

136 1530 236 1620 fugit,
253 1528 465 1616 Scythopolin
483 1550 588 1614 usque
604 1526 876 1615 persequentibus
892 1547 967 1588 eum
982 1524 1110 1590 Iudeis.
1128 1526 1215 1592 Per·

136 1629 219 1692 ferre
237 1646 344 1692 tamen
368 1630 477 1692 omnia
496 1629 586 1716 prius
605 1628 769 1693 &maricae
787 1628 988 1706 maluerunt,
1005 1649 1104 1714 quarn
1120 1628 1214 1694 infe·

136 1731 281 1793 stissimis
302 1730 451 1792 hostibus
470 1752 503 1791 se
521 1728 688 1793 dederent.
709 1730 814 1820 Igitur
836 1751 1033 1816 quamquam
1056 1730 1213 1816 quotidie

136 1832 264 1919 gravius
280 1831 416 1919 urgebat
429 1831 548 1910 fames,
562 1845 595 1893 et
606 1831 661 1893 vix
673 1830 795 1917 sperari
811 1844 954 1917 poterat,
967 1851 1074 1920 regem
1089 1832 1213 1897 Antio·

136 1932 235 1995 cltum
258 1955 324 1994 rem
352 1933 450 1993 semel
475 1930 647 1995 infeliciter
665 1945 839 2012 tentatam,
859 1933 1035 2019 presertim
1059 1933 1117 2019 qui
1143 1937 1212 1998 mi-

137 2034 224 2097 nime
247 2033 347 2121 copiis
374 2032 577 2113 abundaret,
602 2034 721 2097 iterum
745 2055 976 2122 agressurum:
1003 2049 1112 2098 tamen
1129 2058 1209 2101 ora·

135 2152 220 2199 tores
243 2157 301 2222 per
322 2134 485 2197 custodias
509 2134 653 2198 hostium
678 2133 873 2216 emiserunt,
895 2136 952 2223 qui
972 2135 1056 2200 bene
1083 2139 1210 2202 meritae

134 2237 269 2300 civitatis
287 2252 429 2298 extrema
444 2237 603 2322 pericula,
619 2252 652 2301 et
666 2258 765 2299 unam
781 2237 815 2299 in
833 2237 903 2325 ipso
917 2236 1079 2301 residuam
1095 2260 1209 2327 spem,

133 2354 331 2401 nuntiarent.

176 2442 290 2504 XLIV.
314 2439 512 2520 Antiochus,
536 2439 687 2527 precibus
713 2438 859 2519 illorum,
877 2454 910 2503 et
932 2461 1065 2505 suarum
1089 2462 1206 2508 rerum

133 2542 258 2605 damnis
284 2543 424 2618 excitus,
449 2564 504 2604 sex
528 2540 625 2603 millia
647 2540 788 2604 militnm
813 2562 831 2603 a
855 2540 1030 2605 Ptolemaeo
1056 2541 1206 2608 bathum

132 2645 301 2731 impetrat:
318 2664 453 2729 quaeres
469 2664 528 2704 nec
541 2641 602 2728 ipsi
617 2664 742 2733 magne
758 2641 906 2722 utilitati,
918 2658 951 2706 et
964 2642 1068 2706 amico
1083 2666 1206 2733 prope-

131 2747 267 2809 modum
286 2747 383 2808 exitio
402 2746 472 2808 fuit.
498 2744 582 2807 Nam
601 2760 704 2808 mater
719 2743 884 2808 Ptolemaei
902 2743 1086 2832 Cleopatra,
1108 2746 1204 2833 quod

131 2870 163 2909 se
183 2847 280 2908 invita
298 2845 405 2908 traditi
422 2845 583 2908 Antiocho
604 2846 722 2910 milites
739 2862 848 2926 erant,
867 2867 935 2908 rern
957 2847 1000 2908 ita
1017 2845 1092 2909 tulit
1114 2847 1205 2912 indi·

130 2970 208 3035 gne,
226 2963 262 3009 ut
276 2948 329 3008 vix
347 2947 485 3034 mitigari
502 2964 632 3034 posset,
649 2969 716 3035 quo
733 2948 856 3028 minus,
871 2945 960 3033 quod
976 2963 1089 3034 postea
1104 2946 1207 3032 fecit,-

130 3047 232 3111 filium
246 3071 347 3136 regno
363 3048 546 3134 depelleret.
560 3048 739 3112 Antiochus
751 3065 878 3131 autem,
890 3065 1019 3136 accepta
1031 3048 1205 3138 AEgyptio-

129 3171 200 3211 rum
216 3171 332 3226 manu,
350 3170 451 3233 quum
470 3171 511 3209 nc
529 3149 574 3210 sic
591 3147 724 3235 quidem
747 3171 805 3236 par
822 3150 940 3215 Judaeis
959 3167 1059 3232 esset,
1075 3151 1109 3215 in
1125 3175 1202 3218 mo·

128 3271 195 3310 rem
215 3249 374 3311 latrocinii
397 3250 512 3334 magis,
531 3271 628 3335 quam
647 3248 741 3330 belli,
762 3274 855 3339 agros
876 3252 1020 3316 hostium
1033 3253 1199 3338 vastabat,

127 3347 167 3410 ad
184 3350 242 3411 ista
259 3347 460 3435 prohibenda
476 3347 631 3414 maleficia
648 3349 887 3417 abstracturum
906 3354 1032 3421 ludaecs
1048 3355 1090 3420 ab
1104 3357 1199 3421 obsi·

127 3449 224 3511 dione
239 3450 387 3512 Samariae
404 3466 501 3514 ratus.

169 3551 265 3614 XLV.
282 3551 346 3615 Sed
365 3552 421 3615 ubi
443 3577 511 3615 rem
533 3575 648 3640 parum
665 3555 859 3642 procedere,
878 3580 954 3622 suos
970 3560 1088 3647 passim
1107 3582 1202 3627 exce·

125 3667 197 3738 ptos
219 3652 341 3716 insidiis
363 3655 483 3717 multos
505 3653 661 3737 interfici,
683 3678 744 3720 nec
768 3656 843 3721 ideo
860 3659 988 3724 ludaeos
1004 3661 1045 3725 ab
1065 3661 1198 3750 incepto

126 3752 278 3820 dctemeri
293 3778 387 3842 posse
400 3756 505 3836 videt,
521 3755 740 3822 Callimandro
752 3774 785 3822 et
796 3760 937 3849 Epicrati
953 3762 1076 3827 bellum
1087 3763 1198 3843 judai·

126 3880 200 3920 cum
221 3856 368 3937 mandat,
391 3859 458 3945 ipse
480 3860 637 3947 Tripolim
660 3859 884 3949 proficiscitur.
911 3866 959 3928 Ex
982 3864 1033 3928 his
1053 3864 1196 3932 ducibus

125 3959 356 4038 Callimandcr‚
376 3959 528 4023 audacius
550 3983 648 4048 quam
668 3965 926 4049 perseverantius
946 3988 1022 4029 cum
1043 3965 1196 4032 hostibus

126 4060 204 4124 inito
221 4062 347 4148 praelio,
362 4062 466 4124 victus
484 4063 683 4150 fugatusque
699 4085 717 4126 a
735 4066 1004 4151 persequentibus
1020 4064 1193 4132 occiditur.

124 4161 286 4248 Epicrates
312 4187 417 4251 neque
441 4165 645 4228 obsidionem
671 4167 794 4230 solvere
819 4167 966 4231 Samariae
989 4169 1112 4255 quivit;
1138 4185 1199 4251 et,

158 4359 260 4423 §atu
272 4364 375 4426 Josrph.
387 4390 421 4398 -
431 4365 446 4410 J
449 4363 521 4410 nstin.
534 4364 683 4421 xxxv1‚1
695 4373 720 4410 et
731 4365 754 4410 ³:
765 4391 799 4400 -
810 4365 899 4413 Ettseb.
911 4392 942 4405 -
952 4363 1143 4429 Pseudcjcsepb.
1155 4390 1196 4406 -·

123 4443 240 4501 §xttlt
262 4447 361 4506 Appiam.
376 4448 468 4507 striae.
484 4464 538 4508 cup.
552 4448 591 4493 fit.
610 4475 642 4482 -
656 4446 757 4509 Jctepb.
