2594 4980
305 724 360 792 IN
389 726 501 793 LOC.
528 726 620 793 LIB.
649 725 774 801 LXIV
802 725 1019 795 LIVIANI.
1125 725 1196 813 453

126 843 307 908 herandum
326 845 539 910 Adherbalem
558 847 676 928 valuit3
691 847 783 926 cujus
799 869 840 909 ne
858 846 1041 933 appellandi
1061 849 1201 936 quidem-

125 963 282 1033 potestate
297 947 400 1026 facta,
416 968 609 1034 responsum
626 948 688 1012 tale
701 947 743 1010 ab
753 948 913 1035 Iugurtha
931 949 1099 1014 tulerunt:
1237 948 1244 957 ’

168 1049 207 1111 V.
225 1049 295 1112 Sibi
306 1063 430 1112 senatus
442 1053 660 1113 anctoritatem
675 1072 792 1137 serpet
806 1064 952 1113 sarratam
965 1049 1192 1117 inviolabilem·

124 1175 183 1237 que
192 1149 298 1236 sat‘sse
313 1175 324 1214 :
341 1173 439 1240 neque
460 1152 554 1216 alind
572 1154 614 1216 ab
632 1152 843 1215 adolescentia
863 1152 1021 1231 studium,
1042 1175 1140 1240 quam
1160 1169 1197 1218 ut

124 1255 238 1338 optento
254 1257 365 1340 cameto
375 1256 517 1316 maxine
524 1255 723 1342 probaretur.
738 1253 796 1316 His
811 1254 930 1317 artibus
941 1269 973 1316 et
985 1255 1022 1317 P.
1032 1252 1193 1341 Africano

122 1375 242 1417 summo
256 1358 326 1417 viro
337 1354 511 1442 placuisse,
532 1373 561 1418 et
577 1356 734 1443 Micipsa,
754 1377 867 1442 aquo,
884 1355 956 1420 licet
974 1380 1018 1419 esc
1030 1379 1061 1419 se
1070 1359 1193 1442 genitos

122 1453 266 1533 liaberet,
286 1456 325 1518 ob
344 1459 492 1520 ottanum
510 1468 541 1519 et
556 1460 669 1519 merita
678 1453 786 1543 suerat
798 1456 980 1545 adoptatus.
999 1457 1063 1519 Sed
1077 1459 1193 1546 pusce-

122 1557 211 1618 modi
220 1580 323 1620 rerum
334 1561 473 1622 conscios
483 1557 793 1646 animasplerurnqae
804 1559 991 1645 injuriarum
1001 1561 1194 1645 impatientes

108 1654 200 1743 steri.
216 1658 429 1722 Adherbalem
445 1663 520 1723 vtlae
532 1683 598 1724 suae
610 1662 761 1724 struxisse
775 1660 905 1723 t'nsidias
915 1683 927 1722 .·
938 1660 975 1722 id
984 1660 1082 1725 scelus
1096 1663 1192 1725 armis

121 1757 229 1822 ulcisci
237 1773 356 1822 eertum
368 1760 654 1850 sibt'decretamqne
666 1783 737 1825 etse.
755 1761 873 1839 Orare,
887 1784 928 1824 ne
934 1760 1073 1850 populas
1082 1786 1192 1826 rumn-

121 1884 178 1925 nus
194 1886 225 1924 se
240 1865 420 1951 itterponat
421 1863 607 1951 justissimae
620 1863 736 1928 ultioni
743 1888 755 1942 ;
770 1886 842 1928 neve
859 1863 897 1925 td
905 1877 1009 1942 vetet,
1023 1864 1114 1952 quod
1113 1866 1193 1954 jure

117 1968 258 2048 gentium
274 1969 459 2052 permissum
475 1969 517 2031 sit
533 1967 667 2054 regibus.
685 1966 874 2046 Postremo,
888 1966 928 2029 de
944 1966 1034 2030 rebus
1049 1966 1192 2032 onma'bus

112 2066 295 2152 propediem
312 2091 342 2129 se
357 2067 480 2153 legatos
495 2069 629 2131 llomom
642 2071 809 2131 missarum
822 2090 899 2147 esse,
918 2066 1100 2132 confirmat.

162 2168 217 2231 Vl.
229 2169 281 2231 Sic
291 2169 379 2232 irrita
392 2185 424 2233 et
436 2170 539 2233 inanis
552 2171 610 2233 ista
620 2159 737 2258 legatio
747 2169 819 2233 luit.
832 2169 906 2251 Qua
915 2167 1073 2257 digressa,
1085 2191 1189 2256 quum

119 2269 298 2355 oppidum,
318 2289 432 2336 natura
452 2273 515 2336 loci
534 2270 698 2352 validum,
717 2271 748 2334 vi
767 2271 945 2360 expugnari
972 2292 1041 2333 non
1059 2287 1188 2359 posset,

118 2371 200 2434 vallo
217 2389 316 2460 atque
334 2376 419 2437 fossa
436 2374 674 2457 circumdatur;
689 2373 902 2460 turribusque
919 2372 954 2434 in
976 2372 1116 2436 circuitu
1131 2394 1187 2437 ex·

118 2476 247 2538 structis
267 2476 415 2563 praesidia
431 2478 669 2566 imponuntur:
683 2474 766 2539 nihil
782 2475 947 2562 reliquum
963 2473 1124 2562 Iugurtha
1140 2475 1189 2537 ia·

117 2575 176 2653 rit,
188 2599 255 2661 quo
268 2579 376 2640 minus
395 2577 621 2641 confirmando
638 2599 732 2656 suos,
744 2575 896 2638 terrendo
912 2591 969 2638 aut
982 2574 1187 2638 sollicitando

116 2675 242 2752 hostes,
255 2679 304 2758 vi,
323 2679 418 2759 dolo,
435 2679 561 2742 diurnis
576 2678 816 2761 nocturnisque
833 2672 1024 2747 conatibus,
1039 2672 1112 2738 finis
1126 2696 1186 2738 ne·

116 2778 205 2861 gotio
217 2779 415 2864 imponatur.
429 2781 535 2843 'Panto
543 2777 778 2841 vehementiori
790 2790 879 2838 metu
889 2774 1058 2862 perculsus
1066 2772 1188 2839 Adher·

116 2877 183 2958 bal,
204 2894 376 2966 postquam
389 2881 498 2968 inopia
515 2902 625 2943 rerum
643 2878 896 2942 neeessariarum
914 2875 1061 2939 fatiscere
1072 2876 1186 2939 obses·

115 3002 168 3042 sos
182 2981 424 3066 animadvertit,
437 3004 475 3045 ex
490 2983 545 3062 iis,
558 2983 616 3070 qui
633 3003 698 3043 una
716 2979 838 3043 Cirtam
855 2979 1083 3067 profugerant,
1099 2976 1183 3041 duos

114 3083 252 3145 niaxime
270 3083 426 3173 impigros
443 3084 608 3173 promissis
628 3100 660 3147 et
677 3081 884 3145 miseratione
901 3081 997 3142 sortis
1021 3101 1088 3142 suae
1109 3102 1182 3166 per·

115 3201 240 3265 movet,
256 3202 293 3249 ut
302 3209 361 3274 per
370 3188 569 3250 munitiones
582 3184 727 3249 hostium
736 3181 778 3246 ad
788 3196 893 3261 mare,
906 3178 998 3269 quod
1015 3202 1075 3243 nec
1087 3179 1184 3270 longe

113 3288 238 3368 aberat,
255 3287 374 3352 deinde
387 3291 522 3353 Romam
537 3302 683 3376 pergant.

155 3389 228 3453 Vll.
247 3390 297 3452 Ab
313 3390 363 3452 his
376 3390 573 3455 miserabiles
588 3390 686 3453 literae
703 3385 830 3451 senatui
844 3381 1045 3456 redduntur,
1062 3381 1095 3444 in
1114 3381 1182 3446 liter

113 3491 208 3553 rerba
225 3493 351 3578 scriptas
364 3516 371 3554 τ
386 3523 399 3547 s
410 3494 485 3556 Non
503 3515 574 3555 mea
590 3492 685 3577 culpa
701 3510 784 3575 saepe
802 3484 844 3549 ad
857 3508 915 3548 vos
927 3501 1057 3548 oratum
1075 3483 1182 3563 mitto,

112 3622 123 3643 «ι
136 3592 245 3653 Patres
263 3593 436 3680 conscripti
457 3617 465 3657 z
488 3593 545 3656 sed
564 3593 610 3656 vis
626 3590 794 3679 Iugurthae
814 3586 956 3674 subigit,
975 3608 1074 3672 quem
1094 3600 1181 3648 tauta

113 3724 124 3746 a
136 3690 236 3754 libido
253 3693 477 3781 exstinguendi
494 3717 547 3757 me
558 3692 674 3756 invasit
686 3739 695 3772 ,
707 3709 744 3754 ut
758 3711 866 3775 neque
885 3709 963 3765 vos,
979 3707 1087 3772 neque
1101 3684 1180 3749 deos

112 3828 123 3850 t
134 3794 331 3858 immortales
343 3795 377 3857 in
390 3796 498 3859 animo
510 3797 641 3875 lrabeat3
652 3792 842 3881 sanguinem
855 3810 983 3868 meum,
996 3809 1095 3874 quam
1110 3810 1180 3850 om-

112 3930 122 3952 ιι
134 3899 203 3977 nia,
221 3897 320 3960 nralit.
341 3897 454 3984 ltaque
470 3899 623 3984 quintum
635 3897 701 3976 jam
719 3914 865 3956 mensem
882 3889 990 3952 socius
1009 3904 1042 3951 et
1056 3888 1177 3951 amicus

112 4031 124 4052 «
138 3999 248 4086 populi
260 3999 385 4062 romani
403 3999 499 4062 armis
516 3998 667 4062 obsessus
676 4012 809 4059 teneor:
823 4014 929 4078 neque
941 3990 1021 4053 milri
1032 3989 1175 4075 Micipsa

112 4103 232 4188 «patris
251 4099 424 4180 beneficia,
443 4122 551 4186 neque
568 4115 673 4162 vestra
691 4096 819 4160 decreta
837 4092 1033 4157 auxiliantur
1049 4111 1056 4151 :
1072 4088 1177 4171 ferro,

113 4226 172 4266 «an
197 4205 282 4268 lame
302 4203 407 4267 acrius
424 4224 560 4291 urgear,
576 4201 720 4263 incertus
741 4221 824 4261 sum.
844 4196 941 4258 Plura
960 4192 1001 4256 de
1016 4191 1177 4281 iugurtha

111 4305 273 4369 «scribere
286 4304 477 4369 dehortatur
487 4305 618 4367 tortura
631 4323 702 4364 mea
713 4325 720 4364 :
732 4300 828 4363 etiam
843 4312 919 4361 ante
930 4309 1080 4383 expertia
1090 4316 1176 4363 sum.

158 4485 228 4547 §Vl
242 4490 343 4540 Diodor.
353 4517 387 4527 -
397 4489 491 4538 Sallust.
504 4486 620 4552 sugunt.
632 4502 685 4551 rap.
697 4486 710 4531 5
724 4496 748 4532 et
760 4500 802 4532 nt.
