2640 5046
291 699 345 768 tu
376 696 1022 779 LOC.LIB.XL1X,LlVIANI.
1096 736 1101 749 =
1149 720 1196 793 79

122 819 283 888 Flaminio
305 834 467 882 exstructa
482 834 548 899 est,
571 815 773 881 memorabili
790 813 830 878 de
846 838 951 880 causa.
968 816 1087 882 Mulier
1102 817 1195 906 inge-

123 944 189 987 nua
205 921 248 985 ob
265 919 418 984 delictum
434 917 548 981 tradita
566 918 736 982 triumviro
752 917 878 1005 capitali
892 919 1013 998 fuerat,
1027 919 1108 982 utin
1124 942 1194 982 car·

123 1046 196 1088 cere
211 1035 390 1086 necaretur.
403 1021 480 1084 Eam
494 1042 595 1107 quum
610 1018 694 1083 fame
707 1018 927 1082 constituisset
941 1018 1107 1101 occidere,
1122 1043 1195 1084 mu·

123 1124 211 1190 lieris
237 1121 299 1186 filia
325 1143 484 1208 puerpera
507 1121 651 1184 obtinuit
675 1143 694 1183 a
716 1118 869 1209 praefecto
895 1120 1068 1200 custodiae,
1093 1137 1130 1184 ut
1154 1121 1195 1185 ad

124 1241 261 1290 matrem
278 1222 441 1287 visendam
458 1222 694 1286 admitteretur.
714 1222 786 1285 Hoc
801 1243 876 1285 curn
892 1222 1012 1286 lactum
1027 1222 1195 1309 aliquoties

125 1340 225 1406 esset,
249 1346 401 1410 morsque
424 1308 566 1387 mulieris
587 1323 687 1404 ultra,
709 1346 806 1410 quam
825 1324 969 1386 humana
990 1340 1104 1388 natura
1127 1325 1195 1411 pati

125 1425 266 1492 inediam
286 1424 405 1513 possit,
434 1424 689 1512 protraheretur,
715 1422 891 1488 admiratus
914 1446 981 1487 rem
1005 1425 1195 1513 praefectus,

126 1527 271 1617 quamvis
288 1547 481 1614 puerperam
495 1526 627 1590 minime
645 1541 825 1613 suspectam
840 1525 989 1607 haberet,
1002 1549 1100 1613 quam
1114 1549 1197 1590 seru·

124 1649 184 1714 per
201 1626 462 1714 diligentissime,
487 1648 528 1690 ne
550 1624 630 1714 quid
653 1626 801 1691 ciborum
820 1627 974 1708 inferret,
993 1644 1197 1710 excusserat3

125 1743 236 1791 tamen
251 1727 404 1791 attentius
419 1727 588 1791 observare
602 1727 686 1791 illam
701 1729 830 1808 statuit;
847 1727 1126 1817 deprehenditque
1144 1752 1199 1795 ex·

126 1845 210 1893 serta
223 1850 361 1892 mamma
378 1829 468 1893 lactis
483 1828 633 1892 alimenta
645 1828 835 1894 reddentem
850 1831 946 1912 anui,
960 1831 1052 1911 cujus
1069 1831 1137 1919 ipsa
1148 1830 1197 1895 lac

126 1929 301 2018 aliquando
314 1930 494 2010 juvenculae
512 1930 618 1994 infans
634 1947 772 1995 suxerat.
792 1931 936 2021 Dignum
949 1948 1016 1995 erat
1034 1949 1199 2020 spectacu-

126 2031 213 2113 lum,
231 2030 320 2118 quod
334 2029 597 2119 adtriumvirum
610 2080 619 2107 ,
634 2047 667 2095 et
682 2030 722 2095 ab
737 2032 802 2095 hoc
818 2031 859 2095 ad
873 2050 1043 2120 praetorem
1062 2036 1198 2098 referre·

128 2146 192 2197 tur.
223 2132 345 2196 Puetor
366 2132 433 2219 ipse
455 2155 588 2220 quoque
608 2155 642 2213 re
659 2133 702 2196 ad
723 2133 895 2197 consilium
916 2133 1063 2213 judicum
1083 2135 1197 2217 relata,

128 2250 167 2299 ut
186 2257 280 2322 poena
303 2234 429 2296 mulieri
455 2233 710 2316 condonaretur,
734 2233 926 2322 impetrarit.
950 2232 1085 2298 Addidit
1106 2256 1198 2298 sena·

129 2349 181 2397 tus
205 2334 334 2421 utrique
354 2349 509 2421 perpetua
530 2333 569 2397 de
592 2334 725 2422 publico
743 2335 910 2415 alimenta3
933 2334 1108 2422 locumque
1129 2359 1199 2399 car·

129 2436 211 2500 ceris
230 2435 348 2498 mutari
362 2436 457 2514 jussit
474 2437 507 2498 in
524 2435 635 2500 sedem
653 2435 802 2517 Pietatis,
816 2437 905 2500 velut
918 2435 958 2501 ab
974 2437 1046 2523 ipso
1064 2439 1200 2501 numine

129 2535 296 2603 delectam.

174 2640 229 2704 lv.
248 2641 335 2703 Atio
353 2641 444 2703 curia
460 2661 518 2726 per
531 2661 587 2702 eos
602 2637 671 2702 dies
687 2639 855 2703 sententiis
872 2638 913 2702 de
927 2640 1039 2726 punici
1048 2641 1125 2732 belli
1137 2639 1200 2706 line

130 2741 322 2820 certabatur,
339 2740 440 2803 nobili
454 2741 520 2818 jam
539 2740 625 2801 inter
642 2739 725 2801 duos
742 2739 876 2803 civitatis
893 2741 1054 2829 principes
1070 2759 1202 2806 contro·

131 2843 254 2920 versia,
277 2861 381 2927 quum
409 2840 455 2902 Μ.
481 2840 582 2917 Cato,
609 2837 730 2900 salvum
757 2861 818 2901 esse
843 2841 1064 2928 renqoublicam
1087 2865 1178 2931 posse
1190 2889 1199 2920 ,
1229 2868 1232 2875 “

131 2955 232 3004 statue
248 2941 321 3004 urbe
328 2943 467 3028 piosaco,
484 2954 630 3027 negaret3
651 2939 686 3004 P.
703 2939 834 3020 Nasica,
851 2965 888 3003 ne
904 2940 1105 3027 Carthaginis
1115 2946 1201 3006 arci·

132 3041 221 3105 dt'ttm
234 3043 370 3105 romanis
383 3063 504 3129 quoque
515 3039 603 3103 rebus
612 3043 782 3128 pertractem
800 3038 950 3129 affirret,
968 3042 1103 3130 relinqui
1114 3042 1203 3107 r‘ldrm

131 3158 270 3232 oportere
295 3158 474 3206 testaretur.
505 3140 605 3223 Quod
634 3143 720 3206 enim
748 3141 893 3224 videbat,
919 3143 1070 3230 antiquos
1097 3167 1202 3210 mores

132 3268 199 3309 non
210 3245 275 3323 jam
289 3243 443 3332 paulatim
461 3241 660 3324 exolescere,
678 3241 735 3307 scd
750 3264 861 3307 amore
874 3244 1051 3332 peregrinat
1067 3244 1201 3309 luxurie

131 3346 226 3425 abjici
256 3345 455 3433 expellique,
485 3343 675 3425 verebatur,
702 3343 793 3433 quod
827 3346 952 3428 evenit,
983 3369 1045 3426 ne,
1072 3363 1199 3413 remoto

133 3447 223 3511 urbis
247 3448 369 3511 aemulre
391 3447 525 3526 timore,
548 3446 648 3509 veluti
666 3445 780 3511 vinclis
797 3447 940 3510 exsoluta
960 3447 1148 3534 improbitas
1165 3448 1199 3511 in

91 3584 95 3591 ·
134 3550 244 3613 omnia
266 3559 459 3638 magnorum
483 3548 694 3635 imperiorum
717 3549 810 3630 vitia,
829 3564 861 3612 et
882 3571 921 3612 ex
941 3548 992 3612 his
1013 3550 1052 3618 in¹
1074 3551 1202 3613 calami·
1245 3583 1250 3594 ι

136 3666 217 3714 tates
235 3672 376 3738 praeceps
394 3664 515 3713 rueret.
532 3649 735 3738 Carthaginis
754 3667 863 3714 autem
881 3672 958 3738 opes
975 3651 1118 3715 minores
1134 3674 1204 3715 esse

132 3750 312 3832 judicabat,
329 3772 427 3837 quam
451 3766 488 3814 ut
515 3749 669 3814 Romanis
696 3774 814 3815 nocere
837 3769 991 3839 possent3
1014 3753 1203 3841 ampliores,

115 3937 116 3940 Ἴ
136 3873 235 3941 quarn
254 3866 292 3913 ut
308 3849 465 3915 deberent
477 3850 652 3916 contemni.
675 3854 773 3939 Atqui
790 3851 853 3917 hoc
867 3854 975 3940 ipsum
989 3856 1069 3918 Cato
1085 3878 1204 3942 anceps

136 3975 205 4017 csse
226 3949 410 4039 reputabat,
438 3951 464 4013 si
490 3951 612 4014 morbis
633 3951 793 4017 intestinis
818 3954 974 4018 laboranti
999 3957 1202 4043 reipublicae,

137 4053 215 4118 urbs
238 4054 416 4140 antiquitus
439 4051 555 4116 nobilis
578 4068 779 4141 potensque,
801 4072 833 4120 et
854 4056 950 4120 rebus
973 4056 1112 4120 adversis
1135 4080 1203 4121 non

171 4289 188 4355 S
199 4290 246 4338 111.
261 4291 363 4337 Pausan.
373 4287 480 4337 uhtu.
490 4311 524 4324 --
536 4285 599 4334 Plut.
610 4285 638 4332 in
647 4284 702 4333 Cet.
714 4281 769 4343 maj.
780 4297 834 4346 cap.
846 4282 885 4329 16.
897 4308 932 4319 -
941 4280 1030 4346 Polyb.
1037 4279 1205 4344 natale.-

138 4373 188 4423 Jul.
204 4373 295 4437 theq.
314 4388 369 4436 cap.
386 4378 444 4426 ut.
462 4368 588 4418 -Valen
606 4368 709 4417 Maxim
724 4366 756 4425 V,
777 4373 801 4421 Α.
821 4390 858 4402 -.
876 4365 954 4414 Solio.
974 4379 1026 4427 cap.
1048 4379 1072 4423 7.
1087 4391 1121 4401 -
1141 4364 1212 4415 l'liuv

140 4455 205 4514 vu,
220 4456 261 4505 ³6.
1184 4467 1188 4477 ·
