2594 4980
324 723 372 790 IN
408 725 519 789 Luc.
546 724 639 788 LlB.
668 725 771 791 LVII
803 725 1014 793 tlt—'IAM
1129 725 1198 823 ηδ

137 858 262 922 menta,
285 843 424 928 exceptis
443 842 580 904 maxime
598 843 800 923 necessariis,
825 865 867 906 ne
885 843 1019 909 militem
1040 869 1138 912 onere
1154 850 1198 914 le·

135 959 264 1022 carent,
283 942 379 1005 vendi
393 942 508 1020 jussit:
526 965 599 1005 vasa
621 943 685 1007 cibi
708 965 818 1024 causa,
835 960 1049 1034 preterquam
1068 973 1147 1014 reru
1165 969 1197 1016 et

136 1068 256 1107 aeneam
276 1046 390 1123 ollam,
408 1060 441 1106 et
459 1044 616 1131 poculum
636 1067 758 1123 unum,
775 1044 897 1108 habere
917 1049 1037 1130 vetuit3
1055 1051 1200 1140 itemque

136 1147 234 1223 alium
251 1147 379 1226 cibum,
399 1145 460 1209 nisi
479 1167 609 1208 carnem
627 1168 730 1209 assam
749 1144 905 1210 elixamve
920 1151 1035 1234 parari.

185 1250 240 1312 lV.
272 1247 445 1312 Prohihuit
473 1263 505 1310 et
533 1248 653 1326 lectos,
684 1248 875 1334 primusque
901 1248 991 1314 dedit
1016 1256 1199 1342 exemplum

137 1350 253 1412 humili
274 1365 346 1412 toro
367 1347 578 1412 recubando:
598 1371 705 1436 neque
725 1371 837 1435 pessus
859 1368 926 1425 est,
948 1352 1034 1416 inter
1054 1355 1200 1422 eundum

138 1451 233 1514 mulis
249 1451 388 1514 insidere
404 1450 538 1527 milites,
553 1449 632 1536 quin
654 1451 749 1513 etiam
773 1448 1041 1519 fluminumvada
1063 1456 1202 1543 pedibus

138 1551 272 1639 cogebat
294 1551 447 1629 trajicere.
471 1580 484 1604 ι
501 1549 591 1631 Quid
609 1551 697 1614 enim
718 1567 900 1638 exspectes,
919 1553 1040 1635 aiebat,
1061 1558 1095 1620 in
1116 1559 1202 1627 bello

137 1653 200 1714 «ab
217 1675 257 1715 eo
273 1652 423 1732 homine,
438 1651 495 1738 qui
509 1651 676 1715 ambulare
695 1674 763 1716 non
779 1654 882 1741 possit
892 1654 906 1717 i
917 1685 930 1711 ι
955 1656 1091 1722 Calones
1106 1662 1213 1730 etiarn

138 1752 256 1816 dimitti
270 1754 386 1835 jussit:
404 1769 436 1816 et
452 1774 556 1840 quum
573 1753 724 1818 nonnulli
738 1772 958 1837 causarentur,
972 1757 1005 1821 in
1023 1759 1145 1828 balneis
1162 1765 1203 1830 ad

139 1855 318 1919 fricandam
332 1871 365 1919 et
376 1853 567 1942 ungendum
581 1854 778 1919 famulorum
794 1878 892 1944 opera
903 1857 1064 1948 indigere,
1078 1863 1204 1956 Scipio,

139 1976 176 2022 ut
195 1974 262 2021 erat
283 1956 370 2020 acuti
393 1954 433 2019 ad
453 1955 545 2035 jocos
567 1955 689 2045 ingenii
711 1956 887 2044 facetique3
908 1989 921 2015 a
936 1960 1034 2024 Mulis
1053 1965 1202 2049 quidem,

139 2059 278 2146 «inquit,
289 2056 524 2145 ignoscendum
535 2072 594 2138 est,
604 2057 631 2120 si
641 2057 746 2120 alieno
756 2057 866 2122 labore
876 2059 1043 2142 fricantur,
1055 2067 1205 2134 manibus

139 2162 251 2224 «enirn
277 2175 387 2222 carent
409 2180 418 2222 ε
438 2158 495 2221 sed
511 2174 619 2222 tamen
644 2158 815 2222 ethorum
839 2158 1001 2224 solertiam
1025 2162 1205 2248 imitantes,

139 2294 152 2318 ι
162 2263 241 2326 alter
254 2262 389 2324 alterum
399 2258 562 2324 defricate.
574 2291 586 2315 »
598 2259 656 2323 His
667 2259 848 2323 rationibus
857 2259 979 2324 facturn
989 2278 1037 2325 est
1048 2265 1205 2351 opinione

140 2365 255 2444 citius,
278 2379 315 2427 ut
335 2363 412 2426 totis
435 2362 546 2426 castris
567 2361 816 2448 intemperantia
837 2361 997 2449 luxusque
1021 2366 1203 2454 pelleretur,

140 2466 323 2552 sensimque
331 2463 372 2527 ad
385 2463 529 2527 laborem
541 2479 574 2527 et
585 2462 816 2551 parcimoniam
830 2463 983 2537 homines
995 2483 1202 2538 reverterent.

183 2569 221 2631 V.
241 2569 355 2654 Neque
375 2565 484 2629 minus
506 2564 658 2628 studebat
676 2563 905 2628 conservande
922 2568 1106 2632 auctoritati
1121 2593 1205 2650 sue,

141 2670 395 2755 conciliabatque
417 2667 478 2731 sibi
501 2666 712 2730 reverentiam
736 2664 858 2729 difficili
881 2665 987 2742 aditu,
1006 2690 1113 2757 neque
1133 2695 1208 2761 pro-

142 2772 261 2835 miscua
278 2771 311 2833 in
332 2769 466 2833 meritos
483 2766 728 2853 immeritosque
747 2766 947 2831 liberalitate.
968 2767 1098 2833 Solebat
1118 2773 1205 2838 enim

141 2871 264 2950 dicere,
281 2880 417 2933 austeros
430 2882 463 2930 et
473 2880 596 2929 tenaces
607 2869 686 2928 recti
696 2866 789 2928 duces
799 2864 999 2953 suis,fhciles
1013 2892 1052 2932 ac
1066 2869 1207 2938 liberales

140 2972 273 3035 hostr'bus
287 2971 398 3033 utiles:
411 2989 487 3031 nam
502 2966 592 3054 apud
603 2965 658 3028 Itos
674 2965 750 3029 loeto
765 2966 889 3053 quedem
904 2984 1047 3056 aspectu,
1060 2987 1207 3039 creterram

140 3078 253 3161 ignara
269 3072 407 3160 obsequii
419 3085 524 3134 castra
541 3091 624 3146 esse,·
635 3066 724 3154 apud
736 3065 807 3129 illos
822 3069 923 3130 tristia
931 3114 941 3146 ,
960 3068 1017 3130 sed
1029 3074 1204 3158 morigera,

140 3190 172 3241 et
192 3177 239 3240 ad
258 3199 348 3239 omne
367 3176 527 3261 imperium
549 3173 681 3234 menta.
706 3171 885 3255 Quumque
902 3170 970 3233 bac
992 3171 1116 3236 ratione
1137 3197 1206 3241 ma.

142 3301 238 3366 gnam
249 3292 372 3367 partem
383 3275 536 3338 vitiorum
550 3273 584 3335 in
597 3272 739 3335 exercitu
751 3269 947 3352 rescidisset,
961 3294 1002 3336 ne
1015 3273 1205 3362 sicquidem

142 3378 183 3441 ad
198 3377 417 3441 Numantinos
432 3374 567 3462 propius
582 3371 733 3437 accedere
748 3393 862 3452 ausus,
874 3373 979 3436 multo
993 3375 1083 3462 prius
1096 3377 1206 3444 labore

144 3478 328 3542 durandum
343 3477 403 3541 sibi
417 3476 551 3539 militem
564 3474 765 3538 existimavit.
779 3473 885 3561 Igitur
897 3473 1092 3559 quotidianis
1103 3477 1206 3546 ferme

144 3580 314 3643 itineribus
327 3578 529 3667 propinquos
541 3597 634 3665 agros
648 3573 817 3655 obeundo,
832 3585 868 3638 ut
878 3574 946 3638 luto
956 3578 1242 3684 inquinarentur&

143 3684 200 3769 qui
213 3682 364 3766 sanguim
381 3677 497 3742 nollent
516 3677 578 3765 (sic
599 3676 686 3740 enim
703 3675 820 3739 dixisse
837 3675 905 3764 ipse
926 3676 1097 3764 traditur),
1119 3702 1204 3748 nova
1257 3701 1275 3733 ’κ

144 3780 282 3845 subinde
297 3797 399 3844 castra
413 3778 669 3857 communiebat,
684 3799 756 3864 quae
770 3799 847 3840 mox
860 3775 1019 3859 dirueret,
1030 3779 1130 3847 fossas
1144 3783 1205 3849 du.

144 3883 237 3947 cebat
249 3882 534 3972 profundissimas,
551 3895 584 3943 et
599 3879 706 3943 statim
720 3877 964 3965 complanabat;
979 3902 1091 3946 muros
1105 3900 1206 3949 strue·
1219 3960 1227 3969 ,
1241 3877 1245 3881 ’

144 3986 216 4065 bat,
234 3984 396 4072 pauloque
412 3997 485 4070 post
500 3981 618 4045 iterum
632 3977 887 4044 demoliebatur:
901 3979 951 4044 his
968 3983 1122 4047 omnibus
1135 3985 1204 4072 ipse
1263 4054 1265 4058 ,

144 4086 184 4149 ab
201 4085 376 4173 incipiente
388 4085 461 4148 luce
478 4081 518 4146 ad
537 4080 738 4146 desinentem
752 4092 895 4169 praeerat.

179 4298 195 4364 S
209 4301 255 4346 111.
266 4298 321 4345 val.
336 4300 402 4346 Mu.
415 4299 452 4354 11,
470 4311 493 4355 7.
505 4323 540 4332 -
553 4295 606 4345 biv.
620 4296 686 4360 ttpn.
697 4323 732 4332 -
746 4296 897 4360 Appiam-
912 4297 974 4345 Flor.
991 4323 1026 4333 -
1040 4297 1128 4365 cotys.
1139 4303 1206 4369 apud

145 4384 225 4431 Vales-
243 4410 277 4419 —
295 4385 378 4430 Frout.
397 4382 469 4430 stret·
487 4381 532 4437 IV,
555 4394 577 4426 1.
595 4405 630 4417 -
650 4377 759 4442 Poly-n.
771 4381 844 4427 stret.
858 4378 1026 4427 tit.V111.-
1042 4380 1205 4434 Plutarch...

141 4466 156 4529 S
167 4469 198 4512 V.
210 4475 282 4513 uros.
291 4465 323 4518 V.
338 4479 361 4522 7.
375 4491 410 4500 α
423 4463 530 4526 Appian.
541 4489 575 4499 -
589 4462 641 4511 biv.
651 4463 717 4526 Epit.
727 4490 761 4498 —
772 4462 836 4511 Flos.
850 4464 974 4524 -Veget
989 4464 1039 4517 111,
1051 4478 1092 4513 ro:

973 4558 1031 4637 rii..
