2594 4980
111 710 182 793 tto
287 710 353 778 io.
381 708 722 780 rnnmsntmt
750 706 994 780 suerrum.

110 831 221 895 cundo
231 831 403 912 Natisone,
421 848 452 895 et
465 832 616 896 distantia
629 834 778 897 locorum
795 831 945 897 ostendit.
960 832 1123 915 Teutoni,
1139 833 1186 897 ti-

111 948 162 996 cet
183 933 215 995 in
239 956 272 996 re
294 934 418 1015 subita,
439 958 513 996 nam
530 955 646 998 somno
664 932 772 998 adbuc
788 934 989 1022 quiescentes
1007 934 1186 999 Romanus

109 1035 289 1113 invaserat3
309 1052 416 1098 tamen
433 1037 531 1098 animi
552 1034 775 1124 magnitudine
791 1051 824 1099 et
839 1036 885 1099 oei
904 1035 1051 1099 militaris
1063 1035 1186 1124 peritia

109 1136 197 1217 freti,
211 1137 357 1200 celeriter
367 1161 454 1199 arma
464 1138 615 1225 capiunt,
628 1137 862 1224 consulemque
871 1154 984 1225 magna
995 1157 1074 1199 cum
1088 1134 1185 1199 clade

110 1237 261 1316 rejiciunt
285 1238 520 1325 funduntque:
547 1253 579 1300 et
600 1238 662 1301 nisi
679 1238 794 1328 ingens
815 1238 864 1301 vis
888 1236 1043 1300 imbrium
1066 1252 1188 1301 coorta

105 1336 192 1401 duos
211 1340 386 1420 exercitus,
403 1355 557 1425 tanquam
574 1338 651 1403 caelo
669 1362 703 1403 se
717 1339 960 1429 interponente,
976 1337 1185 1420 diremisset,

108 1438 277 1501 occidione
289 1461 376 1501 caesae
391 1441 614 1503 Romanorum
626 1441 727 1529 copiae
737 1440 857 1505 forent.
873 1442 997 1505 Tantus
1008 1439 1100 1521 enim
1113 1455 1185 1503 ter·

107 1562 164 1603 ror
177 1540 255 1620 fuit,
273 1556 312 1602 ut
328 1540 443 1626 passim
465 1564 523 1627 per
540 1541 632 1604 silvas
649 1541 812 1629 palantes,
831 1563 899 1629 quo
916 1561 1082 1628 quemque
1101 1540 1185 1630 fuga

109 1641 309 1727 abripuerat,
324 1643 375 1704 vix
388 1642 483 1704 tertio
495 1658 570 1729 post
585 1640 639 1706 die
654 1643 892 1732 colligerentur.

153 1742 304 1806 XXVIII.
330 1745 486 1805 Teutonis
510 1766 643 1831 quoque
664 1743 883 1832 persequendi
900 1744 1003 1807 victos
1023 1743 1184 1809 voluntas

108 1842 232 1920 abfuit3
251 1860 298 1923 et,
315 1844 434 1930 quibus
448 1845 551 1908 causis
568 1846 747 1927 incertum,
765 1846 798 1908 in
813 1844 948 1909 Galliam
961 1858 994 1906 et
1010 1843 1183 1909 Helvetios

107 1942 317 2007 deflexerunt.
334 1945 435 2032 quue
443 1948 554 2008 Romae
565 1968 668 2032 quum
681 1962 764 2010 esset
775 1945 961 2008 nuntiatum
970 1992 979 2025 ,
988 1943 1182 2009 vehementi

107 2061 198 2108 metu
212 2046 327 2109 levavit
343 2048 523 2126 civitatem,
536 2053 671 2136 pensato
685 2049 781 2113 etiam
800 2047 913 2111 dolore
928 2044 1026 2110 cladis
1043 2058 1077 2107 et
1089 2044 1184 2109 dam·

108 2169 171 2226 no,
193 2148 336 2211 consulis
359 2149 489 2211 alterius
511 2149 623 2231 rebus,
639 2172 713 2237 quae
733 2148 955 2214 Macedoniam
972 2147 1181 2234 provinciam

108 2247 240 2311 habenti
263 2251 337 2312 satis
363 2250 499 2312 feliciter
519 2249 758 2332 succedebant3
783 2250 903 2338 quibus
928 2266 960 2314 et
980 2249 1015 2312 in
1036 2248 1181 2313 Thracia

108 2339 229 2412 nomen
243 2350 485 2436 imperatorium
496 2399 504 2431 ,
516 2365 548 2414 et
556 2372 633 2414 mox
644 2350 734 2416 domi
745 2350 948 2439 triumphum
961 2349 1082 2413 meruit
1093 2371 1102 2412 τ
1113 2350 1182 2415 sin·

108 2452 211 2540 gulari
239 2450 356 2514 domus
373 2452 505 2514 Caeciliae
527 2452 636 2515 ltetitia
655 2453 844 2541 gloriaque,
869 2449 959 2538 quod
981 2448 1099 2513 eodem
1123 2449 1181 2514 die

106 2554 205 2616 frater
227 2553 296 2632 ejus
315 2577 506 2640 germanus,
523 2553 568 2617 Μ.
581 2554 728 2619 Caecilius
744 2556 785 2637 Q.
795 2556 829 2618 F.
841 2554 931 2635 Q.N.
946 2550 1116 2632 Metellus,
1136 2575 1177 2617 ex

108 2653 251 2717 Sardinia
276 2655 504 2740 triumphavit,
526 2678 630 2741 quum
649 2654 745 2720 etiam
765 2656 884 2720 Corsos
908 2652 1099 2717 rebellantes
1125 2654 1178 2716 vi-

108 2757 212 2820 cisset.

120 2838 126 2853 ⁸
150 2857 272 2921 XXIX.
293 2857 391 2922 Plane
407 2858 443 2921 iis
458 2858 660 2947 temporibus
673 2861 742 2926 Iiaec
753 2860 871 2925 familia
888 2856 1129 2948 magistratibus
1143 2874 1180 2922 et

106 2958 288 3022 honoribus
312 2960 544 3023 incredibiliter
567 2959 731 3044 effloruit,
755 2985 858 3050 quum
884 2962 966 3025 intra
984 2979 1088 3022 annos
1109 2959 1178 3022 XII

106 3059 241 3122 totidem
262 3076 319 3122 am
334 3062 418 3123 ultra
434 3061 641 3142 consulatus,
659 3063 909 3151 triumphosque
926 3075 981 3125 aut
999 3079 1177 3140 censuras,

106 3177 313 3240 numerarem
333 3177 369 3222 nt
385 3161 448 3238 jam
466 3163 633 3248 ignoscere
653 3163 765 3228 Noevio
787 3180 889 3253 poetae
907 3159 1028 3227 Metelli
1045 3158 1179 3224 debue-

105 3264 189 3343 rint,
210 3263 237 3323 si
244 3259 325 3347 sato
342 3284 391 3321 eos
405 3258 603 3345 Romoefieri
618 3263 758 3326 consules
775 3262 974 3329 existimavit.
994 3260 1042 3322 Ex
1057 3258 1176 3324 eadem

105 3360 224 3425 deinde
236 3360 393 3437 Thracia,
409 3378 440 3421 et
457 3361 494 3423 T.
508 3360 625 3425 Didius
640 3363 678 3426 Τ.
688 3364 725 3426 F.
736 3381 934 3452 proprtetore
948 3359 1176 3447 triumphavit,

104 3460 179 3547 quia
193 3459 395 3534 Scordiscos,
412 3462 497 3522 ricto
515 3463 659 3544 Catone,
676 3464 838 3528 incautius
852 3464 1064 3541 exsultantes,
1080 3477 1115 3526 et
1131 3462 1175 3525 li-

103 3564 180 3625 bera
196 3561 406 3648 populatione
427 3561 584 3643 diffusos,
600 3564 686 3628 iutra
702 3565 872 3630 Thraciam
889 3584 980 3629 suam
996 3560 1173 3647 repulerat.

104 3665 182 3745 Quo
200 3663 374 3725 notabilius
387 3666 423 3726 C.
436 3665 570 3728 Catonis
587 3663 727 3731 dedecus
743 3668 822 3749 suit,
840 3688 956 3755 quem,
970 3663 1081 3726 nescio
1101 3685 1174 3750 quo

101 3778 214 3854 paeto,
231 3764 367 3826 Romam
387 3787 550 3828 reversum
568 3765 635 3829 duo
651 3790 690 3832 ex
706 3767 820 3832 iisdem
838 3766 989 3856 gentibus
1009 3762 1172 3851 triumphi

102 3865 300 3953 arguebant,
318 3889 376 3928 sua
390 3868 490 3955 magis
514 3869 626 3956 culpa,
642 3890 739 3956 quam
756 3869 899 3932 hostium
916 3866 1054 3943 virtute,
1075 3885 1172 3928 exer·

102 3968 202 4030 citum
220 3966 407 4055 perdidisse.

136 4142 270 4206 §xxvrn
281 4142 359 4191 stris.
370 4140 413 4190 nn.
422 4144 454 4199 r,
469 4160 493 4206 p.
507 4151 567 4199 ιιι.
579 4169 614 4191 -.
624 4142 686 4193 run.
696 4145 749 4202 m,
765 4157 853 4204 19.-
864 4138 974 4206 Appian-
985 4160 1020 4173 ·-
1032 4133 1086 4182 mv.
1099 4135 1170 4200 epte.

100 4251 136 4261 -
147 4224 269 4273 Plutarch.
285 4226 310 4272 in
323 4227 386 4272 Mar.
402 4241 456 4287 cap.
470 4235 512 4280 at.
526 4253 560 4262 —
573 4227 623 4276 Jul.
637 4226 730 4291 Obseq.
743 4253 778 4263 -
788 4223 805 4290 S
815 4224 938 4274 XXVIII.
946 4220 1030 4267 sutus
1041 4230 1082 4280 tp.
1095 4217 1169 4280 Ptgts

100 4336 135 4345 —
144 4309 210 4356 Vell.
221 4311 257 4367 II,
271 4312 285 4357 8
296 4322 320 4357 et
333 4326 341 4355 ι
351 4326 371 4358 ι,
387 4337 421 4344 -
435 4311 536 4375 Eutrop.
547 4311 590 4359 lib.
599 4311 645 4358 IV.
653 4337 688 4348 --
695 4305 891 4373 TebTriunplt.
900 4332 936 4342 ·-
943 4306 999 4353 82¹·
1009 4297 1066 4345 Rus·
1075 4314 1133 4365 ο11)·
1142 4308 1169 4355 l·

99 4390 594 4454 -srxrx.v2n.11‚11.-ss002.
608 4394 635 4442 n
644 4392 802 4444 curent
814 4417 851 4429 -
862 4389 914 4439 cu.
923 4386 951 4434 n
960 4382 1043 4433 rison
1052 4395 1111 4444 eu>-
1123 4380 1167 4429 ²⁵·

97 4500 132 4512 -·
142 4474 206 4523 FIor.
220 4478 270 4535 III,
286 4485 310 4531 4.
324 4503 359 4513 -
373 4476 429 4523 Sex.
445 4479 502 4525 unt.
517 4495 570 4543 cap.
584 4493 608 4540 9.
