2594 4980
170 373 176 384 ι

279 710 335 778 IN
365 708 479 777 LOC.
508 708 605 774 LlB.
633 710 685 776 Ll
716 709 944 779 LIVIANl.
1077 714 1137 795 141

111 853 265 912 manorum,
283 844 447 918 quotquot
458 828 491 891 in
509 843 667 916 potestate
682 827 839 908 habebat,
852 829 886 892 in
902 832 1037 912 moenia,
1055 832 1143 898 unde

110 933 220 1022 conspici
239 957 258 998 a
276 931 343 997 suis
365 944 516 1019 possent,
537 927 714 1010 adductos,
733 929 849 1016 partim
867 930 985 1013 oculis,
1003 948 1060 997 aut
1079 933 1143 997 lin·

109 1056 166 1123 gua,
178 1049 227 1098 aut
242 1030 405 1122 pudendis
424 1031 544 1119 privat,
561 1053 648 1094 unco
662 1028 815 1094 divellens
834 1053 989 1120 corpora3
1005 1034 1143 1099 aliorum

110 1149 221 1221 amputat
247 1135 391 1223 plantas,
419 1147 475 1195 aut
497 1131 636 1220 digitos;
666 1131 862 1219 quibusdam
885 1132 1010 1197 detrahi
1035 1151 1144 1200 cutem
1229 1112 1236 1133 ἱ

109 1233 189 1316 jubet,
203 1253 299 1324 atque
313 1237 358 1298 ita
373 1234 463 1297 vivos
475 1232 582 1297 adhuc
598 1233 821 1322 spirantesque
832 1256 891 1323 per
901 1256 998 1323 rupes
1011 1235 1144 1301 barbara

111 1335 204 1401 tentate
218 1337 407 1425 precipitat.

141 1436 173 1501 X.
191 1437 308 1503 Eadem
324 1459 422 1525 opera
438 1451 570 1500 cnutum
587 1436 648 1500 sibi
668 1437 799 1501 rebatur
815 1436 966 1502 adversus
985 1440 1146 1504 mobilita-

112 1552 159 1601 tem
176 1540 272 1630 vulgi,
288 1538 385 1604 taedio
402 1538 620 1626 periculorum
638 1560 751 1627 pacem
767 1539 967 1627 quibuslibet
984 1540 1146 1606 conditio·

113 1638 183 1704 nibus
196 1641 373 1730 accepturi,
398 1641 432 1704 ni
454 1639 679 1730 magnitudine
698 1640 849 1704 facinoris
871 1662 1002 1704 omnem
1022 1664 1146 1728 spema

112 1739 231 1808 Romanis
246 1745 348 1808 veniae
368 1743 578 1832 desperasset
597 1745 639 1807 At
662 1742 707 1807 illi
724 1765 775 1807 res
792 1742 872 1807 adeo
890 1744 924 1806 in
948 1745 1146 1810 contrarium

113 1843 193 1926 vertit,
204 1862 239 1909 ut
251 1869 291 1910 ex
309 1868 349 1910 eo
363 1868 429 1909 non
446 1846 564 1934 vulgus
576 1844 676 1908 modo
692 1844 836 1909 timidius
852 1844 893 1909 ad
909 1845 1147 1911 defendendam

114 1941 198 2009 urben
220 1945 327 2026 lieret,
356 1945 412 2009 sed
435 1945 532 2009 etiam
558 1944 635 2008 odio
658 1945 793 2010 haberet
813 1944 1065 2028 Hasdrubalem,
1091 1949 1147 2033 qui

113 2039 414 2110 ltttoimmanissimo
434 2046 555 2108 invisos
577 2043 638 2108 diis
661 2044 916 2132 hominibusque
934 2045 1051 2110 Poenos
1073 2045 1147 2110 red·

114 2139 223 2210 didisset.
248 2146 378 2228 Quibus
401 2144 454 2207 ille
476 2143 659 2230 opprobriis
684 2160 715 2207 et
735 2144 802 2208 suis
823 2145 996 2209 sceleribus
1018 2168 1146 2228 vecors,

115 2256 185 2331 atque
196 2248 227 2311 in
244 2246 313 2312 dics
330 2244 503 2325 crudelior,
519 2261 628 2332 aperte
645 2244 848 2333 tyrannidem
865 2267 1022 2333 usurpare
1034 2250 1146 2335 coepit,

118 2342 175 2408 nihil
186 2349 237 2412 sibi
255 2347 296 2412 ad
313 2350 449 2413 salutem
467 2346 629 2434 reliquum
645 2346 786 2434 fingens,
801 2346 862 2409 nisi
874 2361 964 2409 metu
978 2362 1011 2410 et
1026 2362 1149 2413 terrore

117 2464 222 2514 tusuas
240 2449 421 2514 stabiliret:
441 2447 547 2512 donec
568 2469 607 2511 eo
626 2448 790 2534 profectus
812 2463 880 2528 est,
896 2464 934 2511 ut
952 2448 986 2511 in
1004 2449 1148 2530 civitate,

118 2554 178 2607 tota
190 2550 297 2614 seculis
311 2550 427 2629 libera,
443 2548 568 2637 impetu
585 2548 681 2612 etiam
698 2550 733 2619 in
750 2564 914 2614 senatores
929 2551 1030 2631 facto,
1049 2573 1148 2638 quos-

119 2638 170 2707 bu
182 2648 325 2714 audacius
338 2651 504 2738 praesentia
518 2650 737 2738 increpantes,
751 2652 887 2714 crimine
902 2650 1096 2738 proditionis
1108 2652 1149 2718 de

120 2745 196 2813 nodio
208 2751 340 2816 tolleret.

148 2846 191 2914 lll.
210 2852 331 2941 Scipio,
353 2853 500 2916 crematis
516 2853 662 2915 hostium
686 2852 811 2934 castris,
830 2853 939 2915 fauces
957 2853 1042 2916 inter
1056 2855 1148 2940 palu·

119 2940 171 3008 ltu
189 2966 217 3014 et
235 2975 324 3016 mare
344 2968 523 3017 transversa
542 2953 627 3017 fossa
649 2950 820 3015 occludere
842 2955 955 3040 coepit,
976 2975 1043 3015 non
1066 2953 1149 3021 ultra

120 3045 275 3128 “lindum
298 3054 339 3119 ab
361 3053 442 3118 urbe
463 3053 595 3118 divisus.
617 3054 763 3141 Spatium
784 3051 1150 3141 permuniendum'erat

120 3149 221 3234 ⁸mplius
235 3157 335 3220 trium
353 3155 490 3220 millium
509 3177 680 3243 passuum,
696 3156 794 3219 simul
807 3153 848 3219 ad
861 3177 1004 3245 pugnam
1023 3172 1056 3220 et
1067 3179 1150 3245 opus

120 3243 221 3321 uento.
236 3258 320 3321 Nam
337 3257 634 3345 Carthaginienses,
653 3271 691 3320 ut
707 3278 747 3320 ex
764 3257 968 3345 propinquo,
985 3257 1149 3322 continuis

120 3344 340 3424 l‘trastultiltus
359 3380 568 3448 perrumpere
588 3359 775 3439 stationem,
790 3350 910 3423 inferre
929 3380 963 3424 se
976 3360 1149 3424 munitori-

122 3445 362 3536 ludendam
376 3483 476 3549 opera
490 3461 687 3525 nitebantur.
701 3458 765 3524 Sed
780 3458 982 3546 providentia
992 3460 1150 3554 §cipionis
1208 3528 1213 3539 ,

121 3559 232 3640 ⁸¹¹perior
243 3565 322 3646 luit3
338 3565 561 3652 perfectaque,
574 3585 671 3651 quam
687 3562 885 3642 instituerat,
901 3559 1000 3641 fossa,
1012 3561 1078 3641 jam
1093 3563 1149 3624 mi·

123 3668 180 3757 Μ
190 3664 342 3746 periculo,
357 3664 434 3752 quia
450 3665 691 3728 munimentum
705 3663 769 3726 hoe
781 3660 933 3725 adversus
950 3662 1078 3726 hostem
1091 3661 1148 3726 ob-

122 3766 320 3844 Wntmliam
329 3765 418 3830 haud
430 3787 547 3854 magno
558 3789 577 3828 a
587 3764 687 3852 priori
696 3762 864 3827 intervallo
877 3760 969 3826 duxit
976 3810 985 3844 ,
996 3763 1029 3826 in
1047 3763 1149 3826 conti·

125 3867 222 3925 ”mem
234 3888 342 3931 versus
360 3890 370 3930 t
386 3865 504 3930 deinde
516 3850 584 3930 aliis
598 3864 725 3929 duabus
741 3863 878 3943 additis,
894 3879 931 3927 ut
945 3879 1050 3928 totum
1067 3885 1148 3951 opus

125 3952 243 4059 llldnta
253 3969 356 4030 forma
369 3982 547 4050 constaret,
559 3966 648 4031 vallis
663 3966 830 4054 proeacutis
843 3962 1061 4053 undequaque
1074 3985 1148 4027 mu·

126 4050 203 4120 urit:
218 4082 324 4149 preter
341 4067 410 4130 haec
425 4090 442 4130 a
460 4082 551 4156 tergo
565 4083 597 4131 et
613 4065 765 4130 lateribus
779 4088 944 4156 aggerem,
961 4088 980 4128 a
994 4067 1100 4127 fronte
1115 4063 1149 4126 in

126 4147 324 4249 urbaltrorsus
338 4189 472 4232 mutum
484 4168 652 4257 opposuit,
669 4190 726 4231 sex
740 4167 861 4257 pedum
878 4164 1033 4245 crassitie,
1049 4162 1149 4227 altum
1184 4164 1193 4177 ‘

148 4353 205 4415 §¹¹-
217 4371 344 4428 Mesenis.
354 4381 457 4438 xxm,
472 4395 494 4439 7.
504 4405 540 4416 ·-
552 4379 640 4443 Polyb.
654 4395 694 4444 ap.
701 4379 782 4426 Valcs.
793 4405 828 4413 -
840 4340 946 4440 Appiani
956 4402 991 4413 ··-
1000 4374 1051 4424 Jul.
1059 4375 1149 4440 Obasq.

123 4435 167 4497 3
177 4444 204 4493 x·
217 4452 299 4508 Zonar.
313 4485 349 4499 -
364 4462 470 4525 App'mu.
482 4489 515 4498 -
527 4461 613 4524 Polyb.
704 4462 711 4478 ³
