2594 4980
250 698 305 767 IN
334 699 446 766 LOC.
475 699 570 766 LIB.
598 697 763 766 LXXIV
794 698 1010 769 LIVIANI.
1098 701 1167 792 703

91 821 200 907 «cipes
225 819 433 907 procliviores
456 818 497 882 ad
523 819 674 899 injuriam
702 818 791 898 sim,
818 819 965 906 imperita
989 836 1022 885 et
1045 822 1167 886 venalis

91 921 292 986 «multitudo
307 945 315 986 :
336 921 439 985 medii·
455 921 541 984 inter
562 937 719 1008 utrosque
738 942 846 1008 neque
862 920 1024 1010 gravitatis
1041 939 1074 987 et
1088 946 1167 1010 pru·

91 1022 233 1086 «dentiae
249 1037 382 1111 egeant,
401 1044 508 1109 neque
524 1021 633 1085 nimiis
655 1020 774 1109 opibus
794 1020 836 1085 ad
855 1022 1080 1111 impotentiam
1100 1024 1166 1089 sol·

91 1124 298 1206 «licitentur3
314 1124 479 1212 aequaliter
498 1123 539 1186 ab
559 1125 735 1187 alterorum
751 1122 923 1206 sordibus,
943 1141 975 1189 et
993 1125 1034 1189 ab
1048 1126 1166 1190 altero·

91 1257 104 1280 ιι
117 1249 190 1288 rum
206 1226 386 1289 ambitione
403 1225 530 1289 remoti.
550 1225 666 1312 Neque
677 1247 806 1288 causam
821 1248 911 1307 esse,
927 1248 988 1290 cur
1000 1227 1167 1314 equitibus

92 1359 104 1382 ι
117 1329 186 1391 haec
199 1328 357 1392 inferatur
370 1327 510 1408 injuria,
529 1345 566 1391 ut
577 1327 670 1414 quasi
686 1327 769 1390 male
780 1327 918 1391 exercita
927 1326 1094 1407 judicandi
1106 1351 1167 1416 po·

92 1445 230 1492 «testate
245 1430 424 1517 priventur.

136 1529 283 1593 XLVIII.
312 1531 420 1594 «Sane
436 1528 635 1593 invidiosum
655 1527 689 1591 id
712 1530 1032 1594 senatusconsultum
1047 1530 1166 1612 fuisse,

92 1658 181 1723 «quo
207 1636 286 1725 legis
310 1636 413 1700 Variae
434 1634 530 1700 dilata
547 1634 669 1716 judicia
692 1635 779 1716 sint,
802 1634 859 1699 sed
881 1636 1005 1699 nemini
1028 1635 1167 1699 dubium

92 1759 200 1819 «esse,
216 1737 295 1823 quin
310 1737 371 1800 alia
383 1760 418 1801 re
433 1737 521 1800 nulla
535 1737 654 1801 offensi
670 1736 781 1800 Patres
794 1737 933 1819 fuerint,
946 1760 1044 1825 quam
1059 1739 1168 1802 incor-

92 1859 228 1928 «rupta,
246 1859 278 1905 et
292 1841 400 1930 gratiae
415 1839 578 1927 minisque
589 1840 682 1920 juxta
701 1838 937 1927 impenetrabili
950 1838 1098 1920 judicum
1116 1861 1168 1903 se-

92 1943 257 2007 «veritate.
283 1942 419 2006 CrImini
447 1964 524 2005 sane
543 1940 675 2023 datum,
691 1939 785 2029 quod
801 1940 945 2005 damnati
965 1942 1030 2004 sint
1046 1940 1168 2036 aliqui,

92 2068 198 2132 «quos
215 2046 405 2108 innocentes
423 2044 522 2108 fuisse
540 2043 635 2106 amici
654 2065 768 2107 eorum
789 2065 826 2106 ac
844 2043 1021 2132 propinqui
1040 2041 1168 2107 dictita·

92 2179 103 2200 ι
116 2163 205 2228 rent,
220 2145 277 2210 sed
291 2147 413 2210 nullam
427 2145 509 2210 adeo
523 2143 682 2234 perditam
697 2144 731 2207 in
744 2143 905 2224 judicium
918 2143 1025 2207 afferri
1037 2166 1167 2207 causam

93 2271 231 2334 «posse,
252 2264 375 2311 utnon
398 2247 583 2334 aliquibus,
608 2262 640 2310 et
662 2246 800 2310 maxime
817 2246 875 2327 iis,
900 2268 1042 2334 quorum
1064 2247 1167 2309 salvos

92 2372 185 2413 «esse
202 2373 275 2414 reos
291 2350 445 2430 interest,
465 2347 556 2412 valde
574 2347 749 2436 probabilis
766 2347 923 2412 videatur.

136 2451 251 2515 XLIX.
266 2449 390 2533 «Quod
406 2451 432 2513 si
447 2450 531 2514 forte
547 2448 724 2537 aliquando
736 2449 778 2512 sit
793 2464 953 2529 erratum,
968 2469 1028 2511 nec
1042 2448 1166 2533 equites

91 2554 221 2615 «omnis
237 2553 354 2617 erroris
371 2568 517 2639 expertes
532 2572 620 2625 esse,
635 2571 696 2613 nec
712 2564 903 2612 caeterorum
917 2570 1115 2635 quemquam
1131 2548 1167 2610 id

93 2654 178 2716 «sibi
197 2676 271 2717 vere
289 2653 433 2740 polliceri
450 2672 555 2738 posse.
573 2651 791 2713 Communem
810 2648 1013 2712 mortalitatis
1029 2647 1167 2711 infirmi-

94 2768 215 2814 ·‹tatem
232 2775 298 2814 non
319 2752 363 2813 ita
378 2751 473 2814 certis
492 2750 683 2813 hominibus
703 2749 979 2837 exprobrandam,
998 2749 1091 2835 quasi
1106 2770 1166 2813 cae·

93 2853 174 2915 «teri
198 2852 293 2916 alieni
316 2852 357 2915 ab
379 2874 415 2915 ea
438 2874 507 2915 esse
530 2849 711 2914 videantur.
733 2850 820 2912 Olim
841 2866 873 2914 et
896 2851 930 2913 in
948 2850 1166 2914 celeberrimis

93 2986 105 3008 ιι
116 2955 244 3018 Graeciac
261 2953 443 3018 civitatibus
461 2952 546 3016 viros
561 2951 859 3040 praestantissimos,
875 2966 909 3014 et
923 2953 1035 3014 Romae
1051 2951 1166 3015 Corio·

93 3087 105 3110 «
117 3056 227 3136 Ianos,
242 3054 412 3135 Camillos,
428 3053 593 3141 Scipiones
608 3053 778 3117 damnatos
797 3076 881 3134 esse,
896 3076 999 3140 quum
1017 3053 1166 3117 nondum

92 3157 240 3244 «equites
257 3156 383 3219 romani
395 3154 588 3235 judicarent.
609 3156 680 3219 Hoc
694 3155 849 3217 nimirum
860 3155 925 3236 jam
941 3154 998 3219 diu
1012 3177 1168 3242 quorum·

93 3293 104 3314 ιι
117 3259 192 3322 dam
208 3258 332 3322 artibus
355 3258 440 3322 volvi
466 3257 602 3346 agique,
625 3272 681 3338 ut,
698 3272 857 3344 quatenus
878 3256 1026 3344 abrogari
1043 3255 1163 3338 judicia

92 3361 307 3447 «nequirent,
324 3359 435 3422 saltem
453 3358 474 3421 ii
489 3357 614 3437 judices
627 3359 829 3447 legerentur,
843 3357 930 3446 apud
949 3380 1032 3445 quos
1048 3357 1089 3421 ad
1103 3381 1165 3422 no·

93 3460 293 3540 abilitatem,
311 3462 512 3549 gratiamque
532 3476 565 3523 et
582 3461 761 3548 potentiam
784 3483 915 3524 reorum
936 3477 1118 3548 respectus,
1133 3477 1166 3524 et

92 3594 103 3616 ιι
117 3586 155 3626 ex
172 3563 364 3651 cognatione
378 3562 562 3653 sanguinis,
577 3560 790 3627 similitudine
806 3562 963 3642 fortunae,
978 3563 1121 3626 fortassis
1134 3579 1166 3626 et

92 3695 103 3718 ι
116 3666 236 3751 culpae,
250 3679 360 3750 parata
373 3663 535 3728 absolutio
549 3663 667 3728 foret.»

135 3765 170 3829 L.
194 3764 371 3829 Dicebatur
387 3783 521 3830 contra:
538 3765 657 3829 «Falso
679 3766 788 3828 vocari
810 3766 844 3827 in
868 3766 1087 3855 suspicionem
1107 3766 1166 3828 Pa·

91 3895 104 3919 ιι
117 3881 198 3945 tres,
215 3866 305 3952 quasi
322 3865 442 3944 judicia
463 3868 614 3956 legesque
631 3866 674 3929 ob
693 3866 924 3930 conscientiam
939 3865 1163 3930 formidarent.

91 3967 286 4030 «Neminem
299 3966 367 4047 ejus
384 3991 453 4033 esse
466 3967 604 4043 ordinis,
618 3969 697 4055 quin
713 3990 746 4031 se
761 3991 904 4056 suosque
917 3969 1062 4057 primum
1073 3969 1164 4031 omni

91 4098 102 4119 ιι
115 4069 209 4154 culpa
220 4090 332 4130 vacare
341 4085 451 4155 optet;
464 4067 582 4132 deinde
593 4118 602 4150 ,
615 4069 641 4132 si
654 4069 837 4157 postuletur
848 4092 939 4148 reus,
956 4066 1042 4156 apud
1054 4091 1165 4156 aequos

91 4199 103 4222 ι
112 4167 237 4247 judices
259 4167 390 4231 defendi
412 4184 549 4233 recuset.
573 4169 689 4257 Neque
708 4168 782 4234 ideo
799 4171 839 4233 ab
858 4186 972 4233 senatu
992 4170 1166 4258 interposi-

91 4301 102 4321 ιι
116 4285 179 4332 tam
195 4270 420 4333 auctoritatem
444 4293 532 4350 esse,
553 4287 589 4334 ut
609 4272 834 4360 subterfugere
850 4270 1009 4350 judicium
1027 4272 1072 4335 rei
1090 4273 1164 4359 qui·

91 4401 103 4423 ι
116 4386 205 4452 rent,
223 4371 279 4435 scd
297 4388 333 4435 ut
350 4372 519 4436 latrocini0
538 4373 662 4453 verius,
682 4397 778 4462 quam
794 4372 936 4454 judicIo,
953 4376 1120 4463 equitum,
1137 4375 1165 4437 si
