<?xml version="1.0" encoding="UTF-8"?>
<!DOCTYPE html PUBLIC "-//W3C//DTD XHTML 1.0 Transitional//EN"
    "http://www.w3.org/TR/xhtml1/DTD/xhtml1-transitional.dtd">
<html xmlns="http://www.w3.org/1999/xhtml" xml:lang="en" lang="en">
 <head>
  <title>
</title>
<meta http-equiv="Content-Type" content="text/html;charset=utf-8" />
  <meta name='ocr-system' content='tesseract 3.04.00' />
  <meta name='ocr-capabilities' content='ocr_page ocr_carea ocr_par ocr_line ocrx_word'/>
</head>
<body>
  <div class='ocr_page' id='page_1' title='image "./titusliviuspata00freigoog_0181.png"; bbox 0 0 2594 4980; ppageno 0'>
   <div class='ocr_carea' id='block_1_1' title="bbox 101 696 988 773">
    <p class='ocr_par' dir='ltr' id='par_1_1' title="bbox 101 696 988 773">
     <span class='ocr_line' id='line_1_1' title="bbox 101 696 988 773; baseline 0 -2"><span class='ocrx_word' id='word_1_1' title='bbox 101 696 168 771; x_wconf 82' lang='lat'><strong>188</strong></span> <span class='ocrx_word' id='word_1_2' title='bbox 270 700 339 768; x_wconf 83' lang='lat' dir='ltr'><strong>JO.</strong></span> <span class='ocrx_word' id='word_1_3' title='bbox 367 700 709 771; x_wconf 84' lang='lat' dir='ltr'><strong>FREINSHEMII</strong></span> <span class='ocrx_word' id='word_1_4' title='bbox 741 700 988 773; x_wconf 79' lang='lat' dir='ltr'><strong>SUPPLEM.</strong></span> 
     </span>
    </p>
   </div>
   <div class='ocr_carea' id='block_1_2' title="bbox 97 816 1188 4254">
    <p class='ocr_par' dir='ltr' id='par_1_2' title="bbox 97 816 1148 2025">
     <span class='ocr_line' id='line_1_2' title="bbox 99 816 1148 904; baseline 0 -17"><span class='ocrx_word' id='word_1_5' title='bbox 99 824 142 904; x_wconf 85' lang='lat' dir='ltr'><strong>Q.</strong></span> <span class='ocrx_word' id='word_1_6' title='bbox 156 816 275 887; x_wconf 79' lang='lat' dir='ltr'>Fabius</span> <span class='ocrx_word' id='word_1_7' title='bbox 287 822 480 887; x_wconf 84' lang='lat' dir='ltr'><strong>AEmiliunus</strong></span> <span class='ocrx_word' id='word_1_8' title='bbox 493 822 624 904; x_wconf 85' lang='lat' dir='ltr'><strong>consui,</strong></span> <span class='ocrx_word' id='word_1_9' title='bbox 641 822 694 887; x_wconf 86' lang='lat' dir='ltr'><strong>cui</strong></span> <span class='ocrx_word' id='word_1_10' title='bbox 705 820 990 887; x_wconf 87' lang='lat' dir='ltr'><strong>senatusoonsulto</strong></span> <span class='ocrx_word' id='word_1_11' title='bbox 999 818 1148 887; x_wconf 66' lang='lat' dir='ltr'><strong>defleto!</strong></span> 
     </span>
     <span class='ocr_line' id='line_1_3' title="bbox 97 921 1148 1013; baseline 0.002 -26"><span class='ocrx_word' id='word_1_12' title='bbox 97 938 183 1005; x_wconf 74' lang='lat' dir='ltr'><strong>etat,</strong></span> <span class='ocrx_word' id='word_1_13' title='bbox 207 925 254 987; x_wconf 91' lang='lat' dir='ltr'><strong>uti</strong></span> <span class='ocrx_word' id='word_1_14' title='bbox 277 924 419 1012; x_wconf 79' lang='lat' dir='ltr'>legiones</span> <span class='ocrx_word' id='word_1_15' title='bbox 439 923 519 989; x_wconf 90' lang='lat' dir='ltr'><strong>duos</strong></span> <span class='ocrx_word' id='word_1_16' title='bbox 540 923 711 1006; x_wconf 77' lang='lat' dir='ltr'><strong>scriberet,</strong></span> <span class='ocrx_word' id='word_1_17' title='bbox 733 924 854 988; x_wconf 83' lang='lat' dir='ltr'><strong>timues</strong></span> <span class='ocrx_word' id='word_1_18' title='bbox 872 921 1030 1013; x_wconf 76' lang='lat' dir='ltr'><strong>scripsitt</strong></span> <span class='ocrx_word' id='word_1_19' title='bbox 1052 938 1090 989; x_wconf 87' lang='lat' dir='ltr'><strong>ut</strong></span> <span class='ocrx_word' id='word_1_20' title='bbox 1103 921 1148 1001; x_wconf 79' lang='lat' dir='ltr'><strong>iis,</strong></span> 
     </span>
     <span class='ocr_line' id='line_1_4' title="bbox 101 1022 1148 1115; baseline 0.002 -28"><span class='ocrx_word' id='word_1_21' title='bbox 101 1023 158 1111; x_wconf 88' lang='lat' dir='ltr'><strong>qui</strong></span> <span class='ocrx_word' id='word_1_22' title='bbox 174 1023 273 1088; x_wconf 88' lang='lat' dir='ltr'><strong>modo</strong></span> <span class='ocrx_word' id='word_1_23' title='bbox 287 1026 448 1106; x_wconf 82' lang='lat' dir='ltr'><strong>Africum,</strong></span> <span class='ocrx_word' id='word_1_24' title='bbox 463 1038 518 1090; x_wconf 86' lang='lat' dir='ltr'><strong>aut</strong></span> <span class='ocrx_word' id='word_1_25' title='bbox 533 1025 711 1106; x_wconf 74' lang='lat' dir='ltr'><strong>Graeciam,</strong></span> <span class='ocrx_word' id='word_1_26' title='bbox 727 1022 1148 1115; x_wconf 61' lang='lat' dir='ltr'><strong>sutMaoedouiamsubep</strong></span> 
     </span>
     <span class='ocr_line' id='line_1_5' title="bbox 99 1120 1148 1216; baseline 0.001 -26"><span class='ocrx_word' id='word_1_27' title='bbox 99 1138 188 1207; x_wconf 84' lang='lat' dir='ltr'><strong>rant,</strong></span> <span class='ocrx_word' id='word_1_28' title='bbox 211 1147 272 1213; x_wconf 88' lang='lat' dir='ltr'><strong>pro</strong></span> <span class='ocrx_word' id='word_1_29' title='bbox 295 1140 408 1213; x_wconf 82' lang='lat' dir='ltr'><strong>navata</strong></span> <span class='ocrx_word' id='word_1_30' title='bbox 429 1126 552 1191; x_wconf 85' lang='lat' dir='ltr'><strong>utiliter</strong></span> <span class='ocrx_word' id='word_1_31' title='bbox 572 1144 671 1216; x_wconf 83' lang='lat' dir='ltr'><strong>opera</strong></span> <span class='ocrx_word' id='word_1_32' title='bbox 691 1120 824 1214; x_wconf 73' lang='lat' dir='ltr'><strong>aliquod</strong></span> <span class='ocrx_word' id='word_1_33' title='bbox 841 1140 882 1190; x_wconf 80' lang='lat' dir='ltr'><strong>rx</strong></span> <span class='ocrx_word' id='word_1_34' title='bbox 902 1125 1073 1191; x_wconf 73' lang='lat' dir='ltr'><strong>mentions</strong></span> <span class='ocrx_word' id='word_1_35' title='bbox 1088 1146 1148 1215; x_wconf 71' lang='lat' dir='ltr'><strong>p*</strong></span> 
     </span>
     <span class='ocr_line' id='line_1_6' title="bbox 98 1222 1146 1317; baseline 0.002 -27"><span class='ocrx_word' id='word_1_36' title='bbox 98 1226 201 1290; x_wconf 87' lang='lat' dir='ltr'><strong>mium</strong></span> <span class='ocrx_word' id='word_1_37' title='bbox 231 1227 322 1291; x_wconf 81' lang='lat' dir='ltr'><strong>foret.</strong></span> <span class='ocrx_word' id='word_1_38' title='bbox 351 1228 435 1289; x_wconf 88' lang='lat' dir='ltr'><strong>Cum</strong></span> <span class='ocrx_word' id='word_1_39' title='bbox 455 1226 505 1291; x_wconf 87' lang='lat' dir='ltr'><strong>his</strong></span> <span class='ocrx_word' id='word_1_40' title='bbox 530 1241 564 1291; x_wconf 93' lang='lat' dir='ltr'><strong>et</strong></span> <span class='ocrx_word' id='word_1_41' title='bbox 586 1222 712 1291; x_wconf 80' lang='lat' dir='ltr'><strong>auxiliis</strong></span> <span class='ocrx_word' id='word_1_42' title='bbox 737 1227 901 1291; x_wconf 79' lang='lat' dir='ltr'><strong>sociorum</strong></span> <span class='ocrx_word' id='word_1_43' title='bbox 923 1226 959 1291; x_wconf 90' lang='lat' dir='ltr'><strong>in</strong></span> <span class='ocrx_word' id='word_1_44' title='bbox 980 1224 1146 1317; x_wconf 72' lang='lat' dir='ltr'><strong>Hispania</strong></span> 
     </span>
     <span class='ocr_line' id='line_1_7' title="bbox 97 1322 1147 1419; baseline 0.006 -30"><span class='ocrx_word' id='word_1_45' title='bbox 97 1326 280 1415; x_wconf 82' lang='lat' dir='ltr'><strong>profectus,</strong></span> <span class='ocrx_word' id='word_1_46' title='bbox 297 1330 423 1391; x_wconf 87' lang='lat' dir='ltr'><strong>Orsune</strong></span> <span class='ocrx_word' id='word_1_47' title='bbox 437 1327 545 1416; x_wconf 85' lang='lat' dir='ltr'><strong>eopius</strong></span> <span class='ocrx_word' id='word_1_48' title='bbox 558 1328 722 1393; x_wconf 85' lang='lat' dir='ltr'><strong>recensuit</strong></span> <span class='ocrx_word' id='word_1_49' title='bbox 736 1350 744 1392; x_wconf 77' lang='grc' dir='ltr'><strong>ε</strong></span> <span class='ocrx_word' id='word_1_50' title='bbox 761 1326 951 1417; x_wconf 82' lang='lat' dir='ltr'><strong>quindecim</strong></span> <span class='ocrx_word' id='word_1_51' title='bbox 965 1322 1066 1395; x_wconf 73' lang='lat' dir='ltr'><strong>milti·</strong></span> <span class='ocrx_word' id='word_1_52' title='bbox 1077 1324 1147 1419; x_wconf 76' lang='lat' dir='ltr'><strong>pod-</strong></span> 
     </span>
     <span class='ocr_line' id='line_1_8' title="bbox 100 1426 1147 1519; baseline 0.002 -28"><span class='ocrx_word' id='word_1_53' title='bbox 100 1443 186 1510; x_wconf 85' lang='lat' dir='ltr'><strong>tum,</strong></span> <span class='ocrx_word' id='word_1_54' title='bbox 203 1428 328 1516; x_wconf 84' lang='lat' dir='ltr'><strong>equites</strong></span> <span class='ocrx_word' id='word_1_55' title='bbox 344 1428 445 1493; x_wconf 86' lang='lat' dir='ltr'><strong>ferme</strong></span> <span class='ocrx_word' id='word_1_56' title='bbox 461 1428 512 1492; x_wconf 90' lang='lat' dir='ltr'><strong>bis</strong></span> <span class='ocrx_word' id='word_1_57' title='bbox 531 1428 618 1493; x_wconf 81' lang='lat' dir='ltr'><strong>mide</strong></span> <span class='ocrx_word' id='word_1_58' title='bbox 636 1429 766 1519; x_wconf 75' lang='lat' dir='ltr'><strong>reperti.</strong></span> <span class='ocrx_word' id='word_1_59' title='bbox 781 1430 850 1493; x_wconf 85' lang='lat' dir='ltr'><strong>iios</strong></span> <span class='ocrx_word' id='word_1_60' title='bbox 866 1426 1067 1519; x_wconf 81' lang='lat' dir='ltr'><strong>quotidianis</strong></span> <span class='ocrx_word' id='word_1_61' title='bbox 1079 1448 1147 1493; x_wconf 78' lang='lat' dir='ltr'><strong>esu·</strong></span> 
     </span>
     <span class='ocr_line' id='line_1_9' title="bbox 100 1514 1146 1620; baseline 0.002 -27"><span class='ocrx_word' id='word_1_62' title='bbox 100 1530 182 1594; x_wconf 84' lang='lat' dir='ltr'><strong>uitiis</strong></span> <span class='ocrx_word' id='word_1_63' title='bbox 200 1529 391 1593; x_wconf 81' lang='lat' dir='ltr'><strong>confirmare</strong></span> <span class='ocrx_word' id='word_1_64' title='bbox 412 1530 566 1613; x_wconf 73' lang='lat' dir='ltr'><strong>instituit,</strong></span> <span class='ocrx_word' id='word_1_65' title='bbox 583 1531 772 1620; x_wconf 82' lang='lat' dir='ltr'><strong>priusquam</strong></span> <span class='ocrx_word' id='word_1_66' title='bbox 792 1530 880 1595; x_wconf 86' lang='lat' dir='ltr'><strong>busti</strong></span> <span class='ocrx_word' id='word_1_67' title='bbox 896 1550 967 1595; x_wconf 87' lang='lat' dir='ltr'><strong>nou</strong></span> <span class='ocrx_word' id='word_1_68' title='bbox 985 1514 1146 1620; x_wconf 57' lang='lat' dir='ltr'><strong>speruus</strong></span> 
     </span>
     <span class='ocr_line' id='line_1_10' title="bbox 101 1630 1146 1723; baseline 0.002 -28"><span class='ocrx_word' id='word_1_69' title='bbox 101 1650 223 1696; x_wconf 77' lang='lat' dir='ltr'><strong>uotum</strong></span> <span class='ocrx_word' id='word_1_70' title='bbox 239 1630 372 1694; x_wconf 86' lang='lat' dir='ltr'><strong>militem</strong></span> <span class='ocrx_word' id='word_1_71' title='bbox 389 1630 553 1712; x_wconf 81' lang='lat' dir='ltr'><strong>objiueret.</strong></span> <span class='ocrx_word' id='word_1_72' title='bbox 568 1631 607 1696; x_wconf 91' lang='lat' dir='ltr'><strong>Id</strong></span> <span class='ocrx_word' id='word_1_73' title='bbox 623 1632 780 1721; x_wconf 86' lang='lat' dir='ltr'><strong>quoniam</strong></span> <span class='ocrx_word' id='word_1_74' title='bbox 795 1648 855 1721; x_wconf 88' lang='lat' dir='ltr'><strong>per</strong></span> <span class='ocrx_word' id='word_1_75' title='bbox 868 1630 994 1723; x_wconf 73' lang='lat' dir='ltr'><strong>legatos</strong></span> <span class='ocrx_word' id='word_1_76' title='bbox 1008 1630 1061 1723; x_wconf 68' lang='lat' dir='ltr'><strong>agi</strong></span> <span class='ocrx_word' id='word_1_77' title='bbox 1074 1644 1146 1721; x_wconf 78' lang='lat' dir='ltr'><strong>pott-</strong></span> 
     </span>
     <span class='ocr_line' id='line_1_11' title="bbox 101 1724 1146 1819; baseline 0.001 -25"><span class='ocrx_word' id='word_1_78' title='bbox 101 1747 166 1812; x_wconf 85' lang='lat' dir='ltr'><strong>rat,</strong></span> <span class='ocrx_word' id='word_1_79' title='bbox 185 1732 253 1819; x_wconf 92' lang='lat' dir='ltr'><strong>ipse</strong></span> <span class='ocrx_word' id='word_1_80' title='bbox 273 1732 396 1812; x_wconf 83' lang='lat' dir='ltr'><strong>trajecit</strong></span> <span class='ocrx_word' id='word_1_81' title='bbox 416 1733 450 1795; x_wconf 91' lang='lat' dir='ltr'><strong>in</strong></span> <span class='ocrx_word' id='word_1_82' title='bbox 470 1730 662 1796; x_wconf 75' lang='lat' dir='ltr'><strong>Guditonutu</strong></span> <span class='ocrx_word' id='word_1_83' title='bbox 681 1732 839 1814; x_wconf 83' lang='lat' dir='ltr'><strong>insulam,</strong></span> <span class='ocrx_word' id='word_1_84' title='bbox 866 1732 1000 1798; x_wconf 77' lang='lat' dir='ltr'><strong>Herculi</strong></span> <span class='ocrx_word' id='word_1_85' title='bbox 1018 1724 1146 1799; x_wconf 75' lang='lat' dir='ltr'><strong>somis-</strong></span> 
     </span>
     <span class='ocr_line' id='line_1_12' title="bbox 99 1830 1145 1925; baseline -0.002 -26"><span class='ocrx_word' id='word_1_86' title='bbox 99 1846 228 1913; x_wconf 87' lang='lat' dir='ltr'><strong>eturus,</strong></span> <span class='ocrx_word' id='word_1_87' title='bbox 247 1854 345 1922; x_wconf 82' lang='lat' dir='ltr'><strong>quem</strong></span> <span class='ocrx_word' id='word_1_88' title='bbox 363 1835 459 1898; x_wconf 86' lang='lat' dir='ltr'><strong>etiam</strong></span> <span class='ocrx_word' id='word_1_89' title='bbox 479 1833 592 1925; x_wconf 72' lang='lat' dir='ltr'><strong>gentili</strong></span> <span class='ocrx_word' id='word_1_90' title='bbox 610 1834 767 1923; x_wconf 80' lang='lat' dir='ltr'>religione</span> <span class='ocrx_word' id='word_1_91' title='bbox 785 1832 929 1915; x_wconf 85' lang='lat' dir='ltr'><strong>uolebat,</strong></span> <span class='ocrx_word' id='word_1_92' title='bbox 946 1830 1039 1923; x_wconf 78' lang='lat' dir='ltr'><strong>quod</strong></span> <span class='ocrx_word' id='word_1_93' title='bbox 1052 1830 1145 1899; x_wconf 76' lang='lat' dir='ltr'><strong>raste-</strong></span> 
     </span>
     <span class='ocr_line' id='line_1_13' title="bbox 101 1934 666 2025; baseline 0.002 -26"><span class='ocrx_word' id='word_1_94' title='bbox 101 1956 176 1999; x_wconf 88' lang='lat' dir='ltr'><strong>rum</strong></span> <span class='ocrx_word' id='word_1_95' title='bbox 191 1936 380 2025; x_wconf 84' lang='lat' dir='ltr'><strong>progenitor</strong></span> <span class='ocrx_word' id='word_1_96' title='bbox 396 1936 449 2000; x_wconf 84' lang='lat' dir='ltr'><strong>iile</strong></span> <span class='ocrx_word' id='word_1_97' title='bbox 464 1934 666 2000; x_wconf 70' lang='lat' dir='ltr'><strong>credebamur.</strong></span> 
     </span>
    </p>

    <p class='ocr_par' dir='ltr' id='par_1_3' title="bbox 101 2032 1188 3722">
     <span class='ocr_line' id='line_1_14' title="bbox 146 2032 1146 2127; baseline 0.002 -28"><span class='ocrx_word' id='word_1_98' title='bbox 146 2037 298 2100; x_wconf 75' lang='lat' dir='ltr'><strong>xxxvi.</strong></span> <span class='ocrx_word' id='word_1_99' title='bbox 324 2038 387 2100; x_wconf 87' lang='lat' dir='ltr'><strong>Per</strong></span> <span class='ocrx_word' id='word_1_100' title='bbox 404 2036 581 2101; x_wconf 87' lang='lat' dir='ltr'><strong>absentium</strong></span> <span class='ocrx_word' id='word_1_101' title='bbox 605 2036 748 2101; x_wconf 78' lang='lat' dir='ltr'><strong>consulis</strong></span> <span class='ocrx_word' id='word_1_102' title='bbox 769 2036 934 2118; x_wconf 73' lang='lat' dir='ltr'><strong>Lusitani,</strong></span> <span class='ocrx_word' id='word_1_103' title='bbox 958 2032 1146 2127; x_wconf 74' lang='lat' dir='ltr'><strong>dignatoribrt</strong></span> 
     </span>
     <span class='ocr_line' id='line_1_15' title="bbox 104 2136 1146 2229; baseline 0.002 -28"><span class='ocrx_word' id='word_1_104' title='bbox 104 2139 326 2202; x_wconf 83' lang='lat' dir='ltr'><strong>Romanorum</strong></span> <span class='ocrx_word' id='word_1_105' title='bbox 353 2138 514 2221; x_wconf 87' lang='lat' dir='ltr'><strong>insidiati,</strong></span> <span class='ocrx_word' id='word_1_106' title='bbox 538 2139 660 2203; x_wconf 83' lang='lat' dir='ltr'><strong>multos</strong></span> <span class='ocrx_word' id='word_1_107' title='bbox 683 2137 890 2221; x_wconf 81' lang='lat' dir='ltr'><strong>oeciderunt3</strong></span> <span class='ocrx_word' id='word_1_108' title='bbox 910 2139 1009 2203; x_wconf 81' lang='lat' dir='ltr'><strong>etiam</strong></span> <span class='ocrx_word' id='word_1_109' title='bbox 1029 2136 1146 2229; x_wconf 70' lang='lat' dir='ltr'><strong>legato!</strong></span> 
     </span>
     <span class='ocr_line' id='line_1_16' title="bbox 103 2232 1146 2329; baseline -0.001 -25"><span class='ocrx_word' id='word_1_110' title='bbox 103 2242 262 2318; x_wconf 86' lang='lat' dir='ltr'><strong>consulis,</strong></span> <span class='ocrx_word' id='word_1_111' title='bbox 279 2241 402 2305; x_wconf 81' lang='lat' dir='ltr'><strong>collatis</strong></span> <span class='ocrx_word' id='word_1_112' title='bbox 421 2241 520 2329; x_wconf 87' lang='lat' dir='ltr'><strong>signis</strong></span> <span class='ocrx_word' id='word_1_113' title='bbox 538 2241 691 2306; x_wconf 84' lang='lat' dir='ltr'><strong>dimicare</strong></span> <span class='ocrx_word' id='word_1_114' title='bbox 707 2258 844 2321; x_wconf 85' lang='lat' dir='ltr'><strong>ausum,</strong></span> <span class='ocrx_word' id='word_1_115' title='bbox 860 2237 1035 2321; x_wconf 80' lang='lat' dir='ltr'><strong>fuderunt,</strong></span> <span class='ocrx_word' id='word_1_116' title='bbox 1049 2232 1146 2329; x_wconf 68' lang='lat' dir='ltr'><strong>iognt&#39;</strong></span> 
     </span>
     <span class='ocr_line' id='line_1_17' title="bbox 101 2336 1147 2431; baseline 0 -26"><span class='ocrx_word' id='word_1_117' title='bbox 101 2342 208 2429; x_wconf 84' lang='lat' dir='ltr'><strong>praeda</strong></span> <span class='ocrx_word' id='word_1_118' title='bbox 228 2343 333 2431; x_wconf 89' lang='lat' dir='ltr'><strong>potiti.</strong></span> <span class='ocrx_word' id='word_1_119' title='bbox 354 2341 404 2406; x_wconf 87' lang='lat' dir='ltr'><strong>Ad</strong></span> <span class='ocrx_word' id='word_1_120' title='bbox 420 2343 539 2406; x_wconf 86' lang='lat' dir='ltr'><strong>borum</strong></span> <span class='ocrx_word' id='word_1_121' title='bbox 558 2342 677 2407; x_wconf 83' lang='lat' dir='ltr'><strong>famum</strong></span> <span class='ocrx_word' id='word_1_122' title='bbox 701 2362 804 2430; x_wconf 88' lang='lat' dir='ltr'><strong>quum</strong></span> <span class='ocrx_word' id='word_1_123' title='bbox 823 2340 945 2406; x_wconf 77' lang='lat' dir='ltr'><strong>Fabius</strong></span> <span class='ocrx_word' id='word_1_124' title='bbox 965 2336 1147 2415; x_wconf 73' lang='lat' dir='ltr'><strong>amouisset,</strong></span> 
     </span>
     <span class='ocr_line' id='line_1_18' title="bbox 103 2440 1148 2532; baseline 0.002 -27"><span class='ocrx_word' id='word_1_125' title='bbox 103 2442 268 2508; x_wconf 80' lang='lat' dir='ltr'><strong>Viriathus</strong></span> <span class='ocrx_word' id='word_1_126' title='bbox 289 2445 423 2509; x_wconf 83' lang='lat' dir='ltr'><strong>victoria</strong></span> <span class='ocrx_word' id='word_1_127' title='bbox 449 2446 557 2524; x_wconf 80' lang='lat' dir='ltr'><strong>ferox,</strong></span> <span class='ocrx_word' id='word_1_128' title='bbox 583 2459 616 2507; x_wconf 87' lang='lat' dir='ltr'><strong>et</strong></span> <span class='ocrx_word' id='word_1_129' title='bbox 641 2458 680 2507; x_wconf 89' lang='lat' dir='ltr'><strong>ut</strong></span> <span class='ocrx_word' id='word_1_130' title='bbox 707 2460 782 2507; x_wconf 85' lang='lat' dir='ltr'><strong>eum</strong></span> <span class='ocrx_word' id='word_1_131' title='bbox 807 2440 969 2507; x_wconf 86' lang='lat' dir='ltr'><strong>tironibus</strong></span> <span class='ocrx_word' id='word_1_132' title='bbox 997 2450 1148 2532; x_wconf 69' lang='lat' dir='ltr'><strong>popm,</strong></span> 
     </span>
     <span class='ocr_line' id='line_1_19' title="bbox 104 2536 1148 2634; baseline 0 -27"><span class='ocrx_word' id='word_1_133' title='bbox 104 2543 245 2610; x_wconf 79' lang='lat' dir='ltr'><strong>subinde</strong></span> <span class='ocrx_word' id='word_1_134' title='bbox 263 2544 429 2608; x_wconf 86' lang='lat' dir='ltr'><strong>instructis</strong></span> <span class='ocrx_word' id='word_1_135' title='bbox 442 2544 544 2631; x_wconf 88' lang='lat' dir='ltr'><strong>copiis</strong></span> <span class='ocrx_word' id='word_1_136' title='bbox 560 2544 727 2608; x_wconf 83' lang='lat' dir='ltr'><strong>consulem</strong></span> <span class='ocrx_word' id='word_1_137' title='bbox 744 2542 784 2607; x_wconf 88' lang='lat' dir='ltr'><strong>ad</strong></span> <span class='ocrx_word' id='word_1_138' title='bbox 803 2562 947 2634; x_wconf 80' lang='lat' dir='ltr'><strong>pugnam</strong></span> <span class='ocrx_word' id='word_1_139' title='bbox 968 2536 1148 2632; x_wconf 59' lang='lat' dir='ltr'><strong>promi!-</strong></span> 
     </span>
     <span class='ocr_line' id='line_1_20' title="bbox 105 2642 1149 2735; baseline 0.001 -27"><span class='ocrx_word' id='word_1_140' title='bbox 105 2642 169 2708; x_wconf 82' lang='lat' dir='ltr'><strong>Sed</strong></span> <span class='ocrx_word' id='word_1_141' title='bbox 187 2642 239 2708; x_wconf 85' lang='lat' dir='ltr'><strong>illu</strong></span> <span class='ocrx_word' id='word_1_142' title='bbox 257 2645 382 2707; x_wconf 84' lang='lat' dir='ltr'><strong>consilii</strong></span> <span class='ocrx_word' id='word_1_143' title='bbox 399 2659 494 2709; x_wconf 76' lang='lat' dir='ltr'><strong>tenax</strong></span> <span class='ocrx_word' id='word_1_144' title='bbox 509 2662 585 2709; x_wconf 83' lang='lat' dir='ltr'><strong>oum</strong></span> <span class='ocrx_word' id='word_1_145' title='bbox 604 2644 762 2709; x_wconf 79' lang='lat' dir='ltr'><strong>universis</strong></span> <span class='ocrx_word' id='word_1_146' title='bbox 778 2643 911 2732; x_wconf 83' lang='lat' dir='ltr'><strong>quidem</strong></span> <span class='ocrx_word' id='word_1_147' title='bbox 927 2642 1031 2735; x_wconf 85' lang='lat' dir='ltr'><strong>oopiis</strong></span> <span class='ocrx_word' id='word_1_148' title='bbox 1045 2642 1078 2709; x_wconf 79' lang='lat' dir='ltr'><strong>in</strong></span> <span class='ocrx_word' id='word_1_149' title='bbox 1087 2658 1149 2733; x_wconf 68' lang='lat' dir='ltr'><strong>pm·</strong></span> 
     </span>
     <span class='ocr_line' id='line_1_21' title="bbox 105 2736 1150 2833; baseline -0.005 -21"><span class='ocrx_word' id='word_1_150' title='bbox 105 2745 186 2812; x_wconf 90' lang='lat' dir='ltr'><strong>lium</strong></span> <span class='ocrx_word' id='word_1_151' title='bbox 207 2745 404 2811; x_wconf 74' lang='lat' dir='ltr'><strong>descendere</strong></span> <span class='ocrx_word' id='word_1_152' title='bbox 422 2745 606 2826; x_wconf 80' lang='lat' dir='ltr'><strong>recusabat3</strong></span> <span class='ocrx_word' id='word_1_153' title='bbox 626 2766 686 2833; x_wconf 86' lang='lat' dir='ltr'><strong>per</strong></span> <span class='ocrx_word' id='word_1_154' title='bbox 706 2744 834 2809; x_wconf 75' lang='lat' dir='ltr'><strong>crebras</strong></span> <span class='ocrx_word' id='word_1_155' title='bbox 853 2744 1055 2811; x_wconf 82' lang='lat' dir='ltr'><strong>velitationes</strong></span> <span class='ocrx_word' id='word_1_156' title='bbox 1075 2736 1150 2807; x_wconf 76' lang='lat' dir='ltr'><strong>ndo</strong></span> 
     </span>
     <span class='ocr_line' id='line_1_22' title="bbox 105 2838 1151 2935; baseline -0.004 -24"><span class='ocrx_word' id='word_1_157' title='bbox 105 2848 185 2928; x_wconf 87' lang='lat' dir='ltr'><strong>bos,</strong></span> <span class='ocrx_word' id='word_1_158' title='bbox 201 2848 300 2912; x_wconf 88' lang='lat' dir='ltr'><strong>modo</strong></span> <span class='ocrx_word' id='word_1_159' title='bbox 316 2849 388 2912; x_wconf 89' lang='lat' dir='ltr'><strong>illos</strong></span> <span class='ocrx_word' id='word_1_160' title='bbox 403 2870 539 2913; x_wconf 86' lang='lat' dir='ltr'><strong>suorum</strong></span> <span class='ocrx_word' id='word_1_161' title='bbox 561 2846 696 2911; x_wconf 74' lang='lat' dir='ltr'><strong>serendo</strong></span> <span class='ocrx_word' id='word_1_162' title='bbox 715 2847 860 2910; x_wconf 89' lang='lat' dir='ltr'><strong>bostium</strong></span> <span class='ocrx_word' id='word_1_163' title='bbox 877 2844 1086 2935; x_wconf 82' lang='lat' dir='ltr'><strong>conspectui,</strong></span> <span class='ocrx_word' id='word_1_164' title='bbox 1099 2838 1151 2907; x_wconf 80' lang='lat' dir='ltr'><strong>sti·</strong></span> 
     </span>
     <span class='ocr_line' id='line_1_23' title="bbox 107 2938 1151 3038; baseline -0.003 -26"><span class='ocrx_word' id='word_1_165' title='bbox 107 2970 289 3038; x_wconf 86' lang='lat' dir='ltr'><strong>uerumque</strong></span> <span class='ocrx_word' id='word_1_166' title='bbox 320 2965 352 3014; x_wconf 91' lang='lat' dir='ltr'><strong>et</strong></span> <span class='ocrx_word' id='word_1_167' title='bbox 378 2950 490 3015; x_wconf 88' lang='lat' dir='ltr'><strong>mortis</strong></span> <span class='ocrx_word' id='word_1_168' title='bbox 522 2949 639 3013; x_wconf 85' lang='lat' dir='ltr'><strong>terrori</strong></span> <span class='ocrx_word' id='word_1_169' title='bbox 668 2946 866 3012; x_wconf 76' lang='lat' dir='ltr'><strong>assuefacere</strong></span> <span class='ocrx_word' id='word_1_170' title='bbox 894 2962 1079 3013; x_wconf 74' lang='lat' dir='ltr'><strong>contentus.</strong></span> <span class='ocrx_word' id='word_1_171' title='bbox 1099 2938 1151 3009; x_wconf 79' lang='lat' dir='ltr'><strong>rai</strong></span> 
     </span>
     <span class='ocr_line' id='line_1_24' title="bbox 106 3044 1188 3137; baseline -0.001 -23"><span class='ocrx_word' id='word_1_172' title='bbox 106 3050 337 3128; x_wconf 82' lang='lat' dir='ltr'><strong>sollieitudine,</strong></span> <span class='ocrx_word' id='word_1_173' title='bbox 354 3052 490 3114; x_wconf 81' lang='lat' dir='ltr'><strong>neinter</strong></span> <span class='ocrx_word' id='word_1_174' title='bbox 504 3048 726 3137; x_wconf 74' lang='lat' dir='ltr'><strong>pabulantium</strong></span> <span class='ocrx_word' id='word_1_175' title='bbox 737 3048 914 3137; x_wconf 80' lang='lat' dir='ltr'><strong>improviso</strong></span> <span class='ocrx_word' id='word_1_176' title='bbox 928 3047 1034 3115; x_wconf 81' lang='lat' dir='ltr'><strong>bostis</strong></span> <span class='ocrx_word' id='word_1_177' title='bbox 1043 3044 1152 3129; x_wconf 67' lang='lat' dir='ltr'><strong>‚ium</strong></span> <span class='ocrx_word' id='word_1_178' title='bbox 1183 3058 1188 3073; x_wconf 92' lang='lat'>&#39;</span> 
     </span>
     <span class='ocr_line' id='line_1_25' title="bbox 106 3142 1153 3241; baseline -0.006 -24"><span class='ocrx_word' id='word_1_179' title='bbox 106 3154 381 3241; x_wconf 85' lang='lat' dir='ltr'><strong>opprimerentur,</strong></span> <span class='ocrx_word' id='word_1_180' title='bbox 400 3150 608 3239; x_wconf 77' lang='lat' dir='ltr'><strong>providebat3</strong></span> <span class='ocrx_word' id='word_1_181' title='bbox 625 3152 692 3240; x_wconf 90' lang='lat' dir='ltr'><strong>ipse</strong></span> <span class='ocrx_word' id='word_1_182' title='bbox 711 3150 906 3239; x_wconf 84' lang='lat' dir='ltr'><strong>plerumque</strong></span> <span class='ocrx_word' id='word_1_183' title='bbox 920 3168 998 3212; x_wconf 84' lang='lat' dir='ltr'><strong>eum</strong></span> <span class='ocrx_word' id='word_1_184' title='bbox 1016 3142 1153 3236; x_wconf 65' lang='lat' dir='ltr'><strong>oquiu‘w</strong></span> 
     </span>
     <span class='ocr_line' id='line_1_26' title="bbox 106 3246 1154 3337; baseline -0.006 -20"><span class='ocrx_word' id='word_1_185' title='bbox 106 3253 403 3332; x_wconf 77' lang='lat' dir='ltr'><strong>circumcursitans,</strong></span> <span class='ocrx_word' id='word_1_186' title='bbox 420 3266 453 3315; x_wconf 87' lang='lat' dir='ltr'><strong>et</strong></span> <span class='ocrx_word' id='word_1_187' title='bbox 471 3268 670 3317; x_wconf 78' lang='lat' dir='ltr'><strong>onustorum</strong></span> <span class='ocrx_word' id='word_1_188' title='bbox 690 3246 838 3315; x_wconf 81' lang='lat' dir='ltr'><strong>custodit</strong></span> <span class='ocrx_word' id='word_1_189' title='bbox 858 3248 1059 3313; x_wconf 77' lang='lat' dir='ltr'><strong>metentibus</strong></span> <span class='ocrx_word' id='word_1_190' title='bbox 1077 3260 1154 3337; x_wconf 69' lang='lat' dir='ltr'><strong>opp·</strong></span> 
     </span>
     <span class='ocr_line' id='line_1_27' title="bbox 108 3344 1154 3442; baseline -0.006 -25"><span class='ocrx_word' id='word_1_191' title='bbox 108 3353 178 3417; x_wconf 87' lang='lat' dir='ltr'><strong>situ.</strong></span> <span class='ocrx_word' id='word_1_192' title='bbox 198 3354 290 3416; x_wconf 82' lang='lat' dir='ltr'><strong>Hunc</strong></span> <span class='ocrx_word' id='word_1_193' title='bbox 306 3352 394 3415; x_wconf 90' lang='lat' dir='ltr'><strong>enim</strong></span> <span class='ocrx_word' id='word_1_194' title='bbox 415 3350 613 3442; x_wconf 80' lang='lat' dir='ltr'><strong>diligentiam</strong></span> <span class='ocrx_word' id='word_1_195' title='bbox 634 3368 759 3441; x_wconf 74' lang='lat' dir='ltr'><strong>spatie</strong></span> <span class='ocrx_word' id='word_1_196' title='bbox 781 3349 899 3432; x_wconf 85' lang='lat' dir='ltr'><strong>Paulo,</strong></span> <span class='ocrx_word' id='word_1_197' title='bbox 913 3344 1154 3415; x_wconf 58' lang='lat' dir='ltr'><strong>nominoio·</strong></span> 
     </span>
     <span class='ocr_line' id='line_1_28' title="bbox 108 3440 1154 3545; baseline 0 -28"><span class='ocrx_word' id='word_1_198' title='bbox 108 3471 270 3545; x_wconf 87' lang='lat' dir='ltr'><strong>peratore,</strong></span> <span class='ocrx_word' id='word_1_199' title='bbox 294 3453 401 3516; x_wconf 81' lang='lat' dir='ltr'><strong>Persei</strong></span> <span class='ocrx_word' id='word_1_200' title='bbox 425 3453 509 3517; x_wconf 79' lang='lat' dir='ltr'><strong>bello</strong></span> <span class='ocrx_word' id='word_1_201' title='bbox 527 3453 692 3519; x_wconf 69' lang='lat' dir='ltr'><strong>didicerat,</strong></span> <span class='ocrx_word' id='word_1_202' title='bbox 712 3451 815 3532; x_wconf 82' lang='lat' dir='ltr'><strong>cujus</strong></span> <span class='ocrx_word' id='word_1_203' title='bbox 835 3450 933 3515; x_wconf 79' lang='lat' dir='ltr'><strong>etiam</strong></span> <span class='ocrx_word' id='word_1_204' title='bbox 956 3440 1154 3531; x_wconf 70' lang='lat' dir='ltr'><strong>severiuub</strong></span> 
     </span>
     <span class='ocr_line' id='line_1_29' title="bbox 109 3548 1154 3645; baseline -0.006 -24"><span class='ocrx_word' id='word_1_205' title='bbox 109 3555 228 3621; x_wconf 89' lang='lat' dir='ltr'><strong>tuenda</strong></span> <span class='ocrx_word' id='word_1_206' title='bbox 251 3555 380 3618; x_wconf 85' lang='lat' dir='ltr'><strong>militari</strong></span> <span class='ocrx_word' id='word_1_207' title='bbox 397 3554 563 3645; x_wconf 82' lang='lat' dir='ltr'><strong>disciplina</strong></span> <span class='ocrx_word' id='word_1_208' title='bbox 582 3576 677 3638; x_wconf 91' lang='lat' dir='ltr'><strong>usus,</strong></span> <span class='ocrx_word' id='word_1_209' title='bbox 695 3552 903 3619; x_wconf 81' lang='lat' dir='ltr'><strong>clarissimam</strong></span> <span class='ocrx_word' id='word_1_210' title='bbox 921 3550 1044 3623; x_wconf 77' lang='lat' dir='ltr'><strong>exinde</strong></span> <span class='ocrx_word' id='word_1_211' title='bbox 1059 3548 1154 3615; x_wconf 69' lang='lat' dir='ltr'><strong>iam</strong></span> 
     </span>
     <span class='ocr_line' id='line_1_30' title="bbox 112 3674 298 3722; baseline 0 -2"><span class='ocrx_word' id='word_1_212' title='bbox 112 3680 128 3720; x_wconf 90' lang='lat' dir='ltr'><strong>r</strong></span> <span class='ocrx_word' id='word_1_213' title='bbox 170 3674 298 3722; x_wconf 82' lang='lat' dir='ltr'><strong>ortaut.</strong></span> 
     </span>
    </p>

    <p class='ocr_par' dir='ltr' id='par_1_4' title="bbox 107 3680 1156 4254">
     <span class='ocr_line' id='line_1_31' title="bbox 128 3680 1155 3841; baseline 0 -20"><span class='ocrx_word' id='word_1_214' title='bbox 128 3680 321 3822; x_wconf 73' lang='lat' dir='ltr'><strong>epXXXVII.</strong></span> <span class='ocrx_word' id='word_1_215' title='bbox 339 3758 402 3824; x_wconf 85' lang='lat' dir='ltr'><strong>Sed</strong></span> <span class='ocrx_word' id='word_1_216' title='bbox 417 3760 452 3822; x_wconf 91' lang='lat' dir='ltr'><strong>in</strong></span> <span class='ocrx_word' id='word_1_217' title='bbox 462 3758 553 3823; x_wconf 88' lang='lat' dir='ltr'><strong>Urbe</strong></span> <span class='ocrx_word' id='word_1_218' title='bbox 560 3759 596 3822; x_wconf 88' lang='lat' dir='ltr'><strong>C.</strong></span> <span class='ocrx_word' id='word_1_219' title='bbox 608 3752 751 3835; x_wconf 78' lang='lat' dir='ltr'><strong>Licinius</strong></span> <span class='ocrx_word' id='word_1_220' title='bbox 763 3756 897 3820; x_wconf 79' lang='lat' dir='ltr'><strong>Crassus</strong></span> <span class='ocrx_word' id='word_1_221' title='bbox 910 3754 1065 3821; x_wconf 74' lang='lat' dir='ltr'><strong>tribum</strong></span> <span class='ocrx_word' id='word_1_222' title='bbox 1074 3750 1155 3841; x_wconf 61' lang='lat' dir='ltr'><strong>hp</strong></span> 
     </span>
     <span class='ocr_line' id='line_1_32' title="bbox 109 3842 1156 3949; baseline -0.006 -25"><span class='ocrx_word' id='word_1_223' title='bbox 109 3860 341 3949; x_wconf 79' lang='lat' dir='ltr'><strong>promulgarit,</strong></span> <span class='ocrx_word' id='word_1_224' title='bbox 354 3864 404 3926; x_wconf 81' lang='lat' dir='ltr'><strong>uti</strong></span> <span class='ocrx_word' id='word_1_225' title='bbox 416 3860 589 3925; x_wconf 70' lang='lat' dir='ltr'><strong>sacerdotes</strong></span> <span class='ocrx_word' id='word_1_226' title='bbox 598 3880 679 3940; x_wconf 83' lang='lat' dir='ltr'><strong>non,</strong></span> <span class='ocrx_word' id='word_1_227' title='bbox 697 3871 732 3922; x_wconf 77' lang='lat' dir='ltr'><strong>ut</strong></span> <span class='ocrx_word' id='word_1_228' title='bbox 744 3870 860 3939; x_wconf 79' lang='lat' dir='ltr'><strong>anteo,</strong></span> <span class='ocrx_word' id='word_1_229' title='bbox 875 3859 1073 3946; x_wconf 75' lang='lat' dir='ltr'><strong>coaptatione</strong></span> <span class='ocrx_word' id='word_1_230' title='bbox 1082 3842 1156 3917; x_wconf 61' lang='lat'><em>0011*</em></span> 
     </span>
     <span class='ocr_line' id='line_1_33' title="bbox 107 3958 1156 4052; baseline -0.002 -27"><span class='ocrx_word' id='word_1_231' title='bbox 107 3981 238 4051; x_wconf 77' lang='lat' dir='ltr'><strong>garum,</strong></span> <span class='ocrx_word' id='word_1_232' title='bbox 259 3964 314 4026; x_wconf 87' lang='lat' dir='ltr'><strong>sed</strong></span> <span class='ocrx_word' id='word_1_233' title='bbox 326 3962 493 4052; x_wconf 75' lang='lat' dir='ltr'><strong>suffragiis</strong></span> <span class='ocrx_word' id='word_1_234' title='bbox 510 3962 648 4027; x_wconf 74' lang='lat' dir='ltr'><strong>tribuum</strong></span> <span class='ocrx_word' id='word_1_235' title='bbox 662 3972 852 4024; x_wconf 78' lang='lat' dir='ltr'><strong>crearentur.</strong></span> <span class='ocrx_word' id='word_1_236' title='bbox 869 3958 947 4023; x_wconf 83' lang='lat' dir='ltr'><strong>Erat</strong></span> <span class='ocrx_word' id='word_1_237' title='bbox 962 3958 1058 4048; x_wconf 85' lang='lat' dir='ltr'><strong>plane</strong></span> <span class='ocrx_word' id='word_1_238' title='bbox 1071 3962 1156 4045; x_wconf 50' lang='lat' dir='ltr'><strong>pop·</strong></span> 
     </span>
     <span class='ocr_line' id='line_1_34' title="bbox 109 4048 1156 4154; baseline -0.008 -26"><span class='ocrx_word' id='word_1_239' title='bbox 109 4051 176 4128; x_wconf 85' lang='lat' dir='ltr'><strong>lare</strong></span> <span class='ocrx_word' id='word_1_240' title='bbox 201 4065 280 4154; x_wconf 83' lang='lat' dir='ltr'><strong>legis</strong></span> <span class='ocrx_word' id='word_1_241' title='bbox 304 4079 564 4154; x_wconf 83' lang='lat' dir='ltr'><strong>argumentum:</strong></span> <span class='ocrx_word' id='word_1_242' title='bbox 591 4060 706 4151; x_wconf 87' lang='lat' dir='ltr'><strong>pupuli</strong></span> <span class='ocrx_word' id='word_1_243' title='bbox 730 4060 819 4125; x_wconf 88' lang='lat' dir='ltr'><strong>euim</strong></span> <span class='ocrx_word' id='word_1_244' title='bbox 842 4054 1039 4124; x_wconf 81' lang='lat' dir='ltr'><strong>beneficium</strong></span> <span class='ocrx_word' id='word_1_245' title='bbox 1063 4048 1156 4121; x_wconf 62' lang='lat' dir='ltr'><strong>bebi·</strong></span> 
     </span>
     <span class='ocr_line' id='line_1_35' title="bbox 112 4148 1155 4254; baseline -0.009 -23"><span class='ocrx_word' id='word_1_246' title='bbox 112 4165 201 4254; x_wconf 89' lang='lat' dir='ltr'><strong>quod</strong></span> <span class='ocrx_word' id='word_1_247' title='bbox 219 4167 376 4232; x_wconf 87' lang='lat' dir='ltr'><strong>hactenus</strong></span> <span class='ocrx_word' id='word_1_248' title='bbox 391 4166 425 4229; x_wconf 90' lang='lat' dir='ltr'><strong>in</strong></span> <span class='ocrx_word' id='word_1_249' title='bbox 441 4178 601 4253; x_wconf 85' lang='lat' dir='ltr'><strong>potestate</strong></span> <span class='ocrx_word' id='word_1_250' title='bbox 615 4164 721 4227; x_wconf 86' lang='lat' dir='ltr'><strong>fuerat</strong></span> <span class='ocrx_word' id='word_1_251' title='bbox 734 4168 926 4251; x_wconf 75' lang='lat' dir='ltr'><strong>paucorum.</strong></span> <span class='ocrx_word' id='word_1_252' title='bbox 941 4158 1018 4225; x_wconf 87' lang='lat' dir='ltr'><strong>Nou</strong></span> <span class='ocrx_word' id='word_1_253' title='bbox 1034 4148 1155 4249; x_wconf 59' lang='lat' dir='ltr'><strong>puato</strong></span> 
     </span>
    </p>
   </div>
   <div class='ocr_carea' id='block_1_3' title="bbox 115 4372 1155 4533">
    <p class='ocr_par' dir='ltr' id='par_1_5' title="bbox 115 4372 1155 4533">
     <span class='ocr_line' id='line_1_36' title="bbox 147 4372 1155 4451; baseline -0.011 -17"><span class='ocrx_word' id='word_1_254' title='bbox 147 4384 286 4451; x_wconf 66' lang='lat' dir='ltr'><strong>§XXU</strong></span> <span class='ocrx_word' id='word_1_255' title='bbox 300 4386 333 4434; x_wconf 86' lang='lat' dir='ltr'><strong>U.</strong></span> <span class='ocrx_word' id='word_1_256' title='bbox 344 4386 373 4435; x_wconf 87' lang='lat' dir='ltr'><strong>C.</strong></span> <span class='ocrx_word' id='word_1_257' title='bbox 387 4386 451 4445; x_wconf 74' lang='lat'><strong>6073</strong></span> <span class='ocrx_word' id='word_1_258' title='bbox 464 4384 495 4432; x_wconf 84' lang='grc' dir='ltr'><strong>Δ.</strong></span> <span class='ocrx_word' id='word_1_259' title='bbox 507 4382 537 4433; x_wconf 85' lang='lat' dir='ltr'><strong>C.</strong></span> <span class='ocrx_word' id='word_1_260' title='bbox 549 4383 608 4439; x_wconf 70' lang='lat'><strong>145.</strong></span> <span class='ocrx_word' id='word_1_261' title='bbox 621 4410 657 4421; x_wconf 91' lang='lat'>-</span> <span class='ocrx_word' id='word_1_262' title='bbox 669 4380 745 4430; x_wconf 82' lang='lat' dir='ltr'><strong>Diod.</strong></span> <span class='ocrx_word' id='word_1_263' title='bbox 760 4396 800 4446; x_wconf 85' lang='lat' dir='ltr'><strong>tp.</strong></span> <span class='ocrx_word' id='word_1_264' title='bbox 808 4380 889 4429; x_wconf 80' lang='lat' dir='ltr'><strong>Valet.</strong></span> <span class='ocrx_word' id='word_1_265' title='bbox 898 4378 1003 4429; x_wconf 76' lang='lat' dir='ltr'><strong>-Toos</strong></span> <span class='ocrx_word' id='word_1_266' title='bbox 1014 4378 1079 4427; x_wconf 72' lang='lat' dir='ltr'><strong>An·</strong></span> <span class='ocrx_word' id='word_1_267' title='bbox 1089 4372 1155 4427; x_wconf 67' lang='grc' dir='ltr'><strong>Μ·</strong></span> 
     </span>
     <span class='ocr_line' id='line_1_37' title="bbox 115 4462 1013 4533; baseline -0.006 -18"><span class='ocrx_word' id='word_1_268' title='bbox 115 4495 149 4504; x_wconf 91' lang='lat'>-</span> <span class='ocrx_word' id='word_1_269' title='bbox 158 4470 264 4533; x_wconf 74' lang='lat' dir='ltr'><strong>Appiau.</strong></span> <span class='ocrx_word' id='word_1_270' title='bbox 278 4495 313 4504; x_wconf 93' lang='lat'><strong>--</strong></span> <span class='ocrx_word' id='word_1_271' title='bbox 325 4468 342 4530; x_wconf 68' lang='lat' dir='ltr'>S</span> <span class='ocrx_word' id='word_1_272' title='bbox 354 4468 476 4517; x_wconf 74' lang='lat' dir='ltr'>xxxvl.</span> <span class='ocrx_word' id='word_1_273' title='bbox 488 4466 611 4516; x_wconf 75' lang='lat' dir='ltr'><strong>Plutarch.</strong></span> <span class='ocrx_word' id='word_1_274' title='bbox 622 4468 649 4515; x_wconf 82' lang='lat' dir='ltr'><strong>in</strong></span> <span class='ocrx_word' id='word_1_275' title='bbox 663 4466 753 4524; x_wconf 80' lang='lat' dir='ltr'><strong>Fabio,</strong></span> <span class='ocrx_word' id='word_1_276' title='bbox 762 4480 817 4530; x_wconf 77' lang='lat' dir='ltr'><strong>usp.</strong></span> <span class='ocrx_word' id='word_1_277' title='bbox 827 4480 849 4511; x_wconf 84' lang='lat' dir='ltr'><strong>r.</strong></span> <span class='ocrx_word' id='word_1_278' title='bbox 860 4490 891 4501; x_wconf 91' lang='lat'><em>-</em></span> <span class='ocrx_word' id='word_1_279' title='bbox 905 4462 1013 4530; x_wconf 69' lang='lat' dir='ltr'><strong>Appium.</strong></span> 
     </span>
    </p>
   </div>
   <div class='ocr_carea' id='block_1_4' title="bbox 0 0 1317 4980">
    <p class='ocr_par' dir='ltr' id='par_1_6' title="bbox 0 0 1317 4980">
     <span class='ocr_line' id='line_1_38' title="bbox 0 0 1317 4980; baseline 0 0"><span class='ocrx_word' id='word_1_280' title='bbox 0 0 1317 4980; x_wconf 95' lang='lat' dir='ltr'><strong> </strong></span> 
     </span>
    </p>
   </div>
  </div>
 </body>
</html>
