2594 4980
308 673 363 741 IN
392 671 500 741 LOC.
527 674 619 742 LIB.
648 673 677 738 L
705 674 917 749 LIVIANI.
1080 683 1145 757 115

136 795 181 861 IV.
192 795 289 859 Tales
302 809 411 857 autern
425 816 514 884 reges
530 795 618 859 nulla
630 794 731 858 lerme
745 820 824 886 gens
836 823 928 887 aequo
944 805 1053 869 animo
1067 810 1149 895 pati·

64 920 70 993 ',
106 896 297 986 tutllithyni
315 895 436 960 caeteris
449 896 544 959 etiam
562 898 686 978 minus,
701 897 820 963 durum
834 924 950 989 genus,
966 923 999 970 et
1012 911 1147 977 remisso

64 998 74 1055 l·
109 999 216 1088 inperio
237 996 493 1086 haudquaquam
519 1014 654 1064 tractatu
675 1001 775 1065 facile.
803 1003 866 1067 Sed
892 1022 924 1069 ct
947 1007 980 1070 in
1002 1009 1149 1085 libidines
1250 1006 1254 1013 ¹

112 1123 237 1190 preceps,
246 1101 340 1165 omni
352 1122 471 1189 genere
482 1100 632 1166 foeditatis
648 1125 765 1191 corpus
775 1110 1041 1175 commaculabat.
1053 1114 1149 1178 Sum-

73 1208 76 1213 '
114 1226 150 1267 ut
163 1205 237 1267 iuter
254 1202 325 1267 hec
347 1202 508 1266 bonarum
531 1204 648 1267 artium
668 1205 843 1293 imperitia,
864 1231 971 1296 neque
987 1214 1150 1299 sapientiae

113 1303 200 1369 studiis
208 1305 289 1369 ullus
303 1303 392 1392 apud
408 1305 516 1392 ipsum
530 1305 655 1388 honos,
669 1330 777 1395 neque
789 1332 977 1375 sermonum
991 1314 1151 1392 ejusmodi

76 1416 79 1423 '
114 1406 232 1493 patientia
245 1421 302 1471 aut
321 1405 504 1470 intellectus
522 1423 598 1473 erat.
619 1410 825 1497 Quapropter
843 1413 989 1499 quotidie
1008 1415 1040 1478 in
1059 1418 1149 1505 pejus

79 1552 82 1557 -
115 1524 239 1590 nutauu,
255 1509 488 1596 omniumque,
512 1509 608 1572 etiam
630 1511 906 1595 humillimorum,
925 1517 1077 1581 vitiorum
1097 1520 1149 1582 in·

80 1688 84 1699 ¹
116 1608 185 1673 huia
203 1610 354 1690 obrutus,
381 1611 414 1672 in
438 1625 529 1674 tanto
550 1611 615 1690 jam
642 1636 777 1677 suorum
801 1615 878 1680 odio
905 1634 936 1680 et
957 1636 1150 1709 contemptu

116 1726 317 1801 exsuperat,
332 1726 386 1792 ut,
401 1735 496 1801 parva
507 1714 676 1778 occasione
692 1715 816 1797 oblata,
832 1741 898 1780 non
916 1720 956 1784 ad
968 1744 1106 1810 regnum
1119 1724 1149 1810 ei

116 1809 199 1893 nob,
211 1814 263 1878 ted
276 1814 373 1877 etiam
383 1812 425 1877 ad
435 1815 532 1877 vitam
545 1816 743 1905 eripiendam
758 1838 1015 1888 concurreretur.
1029 1826 1148 1890 Filium

116 1908 220 1979 ltlttbat
240 1915 468 1997 Nicomedem,
491 1932 623 2005 ,gratum
642 1920 754 2009 vulgo,
778 1922 826 1984 vel
854 1922 945 2003 ideo,
971 1926 1047 2011 quia
1072 1929 1148 1991 mali

115 2014 175 2103 tegit
186 2015 280 2098 lilius,
293 2019 362 2105 ipse
383 2017 531 2081 nondum
549 2020 767 2108 imperaverat.
786 2023 906 2086 Prusiae
923 2026 1146 2092 crudelitatem

116 2114 181 2200 (utu
198 2137 227 2184 et
242 2122 307 2184 hoc
327 2121 413 2184 inter
434 2136 547 2183 caetera
571 2122 651 2182 vitio
670 2124 854 2207 laborabat)
878 2148 912 2188 ea
935 2150 1068 2215 quoque
1089 2132 1147 2195 sti·

117 2216 221 2284 nutat
233 2244 328 2300 cura,
346 2244 388 2284 ne
405 2219 533 2307 Bithyni
549 2243 671 2284 novum
690 2223 880 2310 imperium,
899 2248 1070 2315 moresque
1089 2232 1146 2297 titii

119 2318 226 2385 noudum
250 2322 396 2412 cognitos
416 2320 569 2406 experiri,
598 2344 696 2408 quam
721 2323 794 2385 saevi
814 2324 1037 2414 luxuriosique
1060 2333 1146 2396 senis

118 2414 345 2487 medicabilem
362 2418 549 2510 pravitatem
566 2421 687 2485 diutius
705 2424 858 2504 tolerare,
879 2428 1022 2492 mallent.
1044 2434 1145 2496 Acce·

118 2514 219 2595 delitet
228 2523 372 2589 studium
386 2522 575 2587 consulendi
591 2525 722 2588 alterius
734 2528 842 2589 uxoris
859 2528 983 2610 liberie,
1002 2556 1144 2618 quorum

79 2662 83 2669 ·
118 2624 173 2687 atati
184 2624 388 2704 Nicomedes,
405 2623 495 2688 lirma
511 2625 579 2713 ipse
590 2623 739 2705 juventa,
759 2629 863 2714 gravis
879 2629 1078 2697 imminebat.

146 2721 284 2818 V.lgitur,
294 2749 492 2816 quamquam
507 2725 633 2814 pridem
643 2773 651 2806 ,
663 2741 700 2789 ut
709 2727 749 2790 ab
759 2729 861 2791 oculis
874 2730 1045 2796 bominum
1056 2759 1147 2799 amo·

118 2842 176 2892 tuat
184 2830 345 2911 juvenem,
363 2829 395 2891 in
410 2828 525 2891 urbem
542 2830 679 2891 Romam
693 2851 769 2892 eum
787 2830 935 2913 miserat,
953 2835 1054 2898 nesio
1070 2839 1144 2922 qui·

118 2920 340 3021 lumnquitto
362 2947 428 2995 erat
449 2931 576 3009 animo,
588 2930 734 2995 'maxime
753 2954 855 3017 quum
875 2932 919 2995 ibi
944 2957 1077 3022 quoque
1093 2961 1146 3000 va·

117 3021 160 3091 lue
172 3054 237 3098 eum
256 3033 357 3124 gratia
378 3046 411 3095 et
428 3031 574 3096 amicitiis
591 3031 776 3119 principum
794 3032 1009 3098 intellexisset.
1032 3038 1145 3123 Itaque

117 3130 301 3201 Wrernns
312 3134 440 3213 animo,
453 3149 563 3196 utrum
576 3155 614 3195 ex
632 3131 696 3195 vita
711 3131 766 3194 lilii
780 3133 903 3220 potius,
915 3157 955 3196 an
968 3159 1006 3199 ex
1022 3154 1144 3220 morte,

116 3224 219 3301 huam
239 3237 419 3327 perciperet
441 3233 526 3321 (erat
548 3234 634 3297 enim
656 3233 696 3297 ad
720 3234 830 3298 callida
855 3237 986 3300 consilia
1010 3239 1145 3305 minime

116 3323 212 3423 lelu),
224 3339 354 3403 Menam
371 3335 545 3425 quemdam
558 3358 596 3399 ex
612 3336 722 3399 amicis
739 3339 863 3400 Roman
876 3339 992 3420 mittit,
1009 3340 1091 3404 datis
1103 3343 1145 3407 ad

115 3424 286 3505 lunden
307 3438 481 3519 mandatis,
507 3454 545 3502 ut
563 3438 686 3526 ipse=et
708 3439 837 3519 Menas,
863 3456 1017 3527 tanquam
1046 3445 1142 3531 legati

115 3538 199 3622 Mil,
212 3542 298 3609 adito
315 3559 446 3622 senatu,
464 3542 580 3604 remitti
587 3543 754 3629 pecuru‘am
775 3543 992 3629 postularent,
1011 3568 1083 3633 qtae
1100 3570 1144 3608 ex

112 3650 238 3715 Nm
245 3646 335 3733 pacis
343 3643 461 3725 legibus
475 3640 588 3706 Attalo
601 3642 777 3705 debebatur.
789 3641 826 3703 Id
839 3642 866 3703 si
878 3658 961 3705 esset
970 3646 1143 3726 ellectum,

116 3740 177 3817 aad
194 3742 254 3809 llio
269 3744 404 3826 jubebat
421 3769 431 3825 3
451 3744 500 3807 sin
519 3765 597 3806 vero
618 3742 664 3806 nil
689 3741 898 3820 obtinuisset,
919 3766 960 3805 ne
981 3743 1144 3809 dubitaret

117 3845 281 3912 antone
300 3844 480 3911 interficere
498 3868 506 3908 :
523 3845 613 3908 hune
630 3846 663 3906 in
682 3867 794 3922 usum,
812 3859 844 3905 et
858 3866 925 3929 quo
942 3845 1068 3909 minore
1085 3870 1142 3932 pe-

117 3933 316 4013 iulobunus
331 3962 513 4036 perageret,
527 3969 676 4010 cercuros
688 3945 810 4032 aliquot
827 3945 946 4026 lllenae,
962 3947 1144 4032 militesque

119 4032 235 4113 admittis
247 4050 314 4115 duo
328 4050 484 4114 attribuit„
500 4050 618 4113 Missus
631 4064 663 4110 et
673 4046 714 4110 ab
730 4048 837 4110 Attalo
855 4064 903 4111 est
917 4048 1144 4127 Andronicus,

120 4155 196 4226 toque
209 4148 355 4229 docente,
372 4154 520 4215 ntiuorem
540 4153 724 4238 imperatam
739 4171 801 4212 esse
812 4151 981 4236 pecualem
1003 4148 1141 4227 Prusae,

147 4336 202 4399 lll·
214 4352 259 4403 lit.
275 4352 345 4421 Epit.
363 4382 398 4393 -
414 4355 501 4419 Polyb.
511 4381 545 4391 -
556 4355 665 4419 Appiam.
677 4379 712 4390 --
726 4355 813 4400 Zonar.
830 4378 864 4388 ·-·
876 4351 967 4398 lustin.
980 4352 1102 4405 mlv,
1116 4363 1139 4408 a.

122 4420 166 4483 *l
174 4427 198 4477 v·
208 4437 285 4489 unu.
297 4467 331 4480 -
344 4439 451 4505 appias.
461 4438 592 4502 -aotyn

925 4531 962 4600 8.
