2594 4980
164 750 234 815 JO.
250 746 478 816 FREINSII.
496 747 636 816 SUPP.
652 747 707 816 IN
723 744 835 815 LOC.
855 744 949 812 LIB.
969 745 1094 813 LXII.
1113 743 1183 838 407

117 866 264 954 genitus,
277 864 494 928 lllanastabale
506 882 539 931 et
547 865 686 930 Gulussa
695 866 849 929 fratribus
864 865 981 928 morbo
989 865 1185 953 absumptis,

117 987 256 1052 regnum
275 987 333 1053 per
349 967 469 1029 multos
487 989 591 1031 annos
606 968 694 1031 solus
710 965 897 1056 possederat
912 991 921 1048 3
941 967 1072 1054 quietus
1092 967 1184 1057 inge·

118 1066 191 1146 nio,
211 1068 487 1155 humanitatisque
501 1092 538 1132 ac
553 1070 717 1156 sapientire
735 1067 850 1132 studiis
869 1066 1008 1131 deditus.

157 1169 204 1230 Il.
226 1171 421 1256 Quanquam
438 1186 547 1234 autem
562 1193 652 1235 more
666 1170 883 1235 Numidarum
896 1192 934 1232 ex
949 1169 1060 1233 multis
1076 1171 1189 1234 mulie·

116 1266 208 1330 ribus
218 1268 351 1344 liberos,
363 1270 420 1333 sed
431 1273 599 1359 praecipuae
607 1272 804 1362 dignationis
814 1271 1027 1335 Adherbalem
1040 1289 1072 1334 et
1080 1272 1190 1335 Hiem-

117 1370 238 1458 psalem
257 1370 413 1453 haberet,
430 1372 644 1460 Iugurtham,
666 1373 771 1436 fratris
795 1371 1042 1452 Manastabalis,
1063 1368 1121 1435 sed
1144 1392 1185 1434 ex

118 1472 318 1554 concubina,
336 1472 437 1536 lilium
449 1471 631 1560 adoptavit,
648 1489 680 1536 et
694 1488 886 1537 testamento
899 1472 1017 1559 pariter
1031 1493 1107 1535 curn
1121 1470 1189 1534 suis

117 1571 272 1636 heredem
286 1574 436 1637 instituit.
454 1575 507 1638 Sic
522 1576 610 1638 enim
625 1576 748 1663 optime
767 1597 801 1638 se
820 1575 1047 1638 consulturum
1062 1572 1189 1636 familioe

119 1695 184 1736 suae
198 1673 417 1755 existimabat,
434 1675 460 1737 si
480 1676 586 1739 virum
602 1698 728 1758 acrem,
742 1690 775 1740 et
790 1675 984 1738 numantino
1002 1674 1088 1738 bello
1104 1673 1189 1737 mul·

119 1790 166 1837 tas
184 1774 268 1861 apud
289 1778 455 1841 Romanos
471 1777 613 1867 insignes
631 1778 786 1842 am.citias
804 1790 955 1856 nactum,
974 1777 1050 1864 quia
1066 1798 1124 1862 per
1135 1775 1189 1838 in·

120 1875 215 1939 sidias
233 1878 346 1942 tollere
368 1901 435 1942 non
453 1895 521 1962 erat
539 1902 655 1961 ausus,
675 1878 833 1943 beneficio
849 1877 911 1942 sibi
928 1876 1103 1963 liberisque
1123 1876 1190 1940 suis

119 1979 345 2068 obstringeret.
363 1980 460 2045 Haud
478 1982 589 2046 multis
601 1998 676 2046 ante
690 1997 829 2044 mortem
845 1978 980 2058 diebus,
993 1990 1189 2042 convocatos

120 2103 251 2160 omnes,
271 2082 416 2170 cognatis
435 2105 472 2148 ac
487 2084 598 2148 amicis
617 2083 786 2164 adhibitis,
806 2077 893 2170 gravi
910 2081 1058 2144 oratione
1076 2076 1190 2142 admo·

120 2184 210 2262 nuit,
225 2183 432 2247 concordiam
449 2186 534 2250 inter
547 2208 580 2250 se
596 2185 742 2249 colerent
757 2208 764 2249 :
780 2182 814 2247 id
829 2183 856 2246 si
872 2181 1041 2260 fecissent,
1056 2179 1191 2243 invictas

121 2305 234 2346 eorum
252 2306 349 2371 opes;
367 2286 416 2349 sin
433 2308 530 2369 vero,
549 2285 650 2352 lluxas
669 2284 760 2350 etad
783 2283 953 2348 interitum
973 2302 1091 2370 pronas
1109 2280 1190 2344 fore.

121 2386 288 2447 Veriorem
305 2387 404 2450 luisse
424 2405 550 2466 ratem,
571 2411 669 2477 quam
690 2387 866 2451 feliciorem
884 2382 1123 2462 consiliarium,
1139 2402 1192 2446 se·

121 2486 253 2572 quentia
267 2486 463 2554 docuerunt.

164 2594 224 2658 111.
242 2596 494 2683 Quamprimum
510 2598 598 2661 enim
614 2597 701 2677 justa
723 2610 855 2659 mortuo
876 2593 1022 2656 exsoluta
1042 2592 1192 2669 fuerant,

121 2698 285 2783 congressi
304 2697 338 2759 in
360 2720 466 2761 unum
482 2699 605 2785 reguli,
624 2713 663 2760 ut
678 2696 720 2760 de
742 2693 980 2759 constituendis
997 2693 1094 2756 rebus
1111 2689 1195 2754 deli·

121 2796 285 2877 berarent,
303 2796 384 2860 illud
401 2796 636 2861 discordiarum
656 2795 845 2860 incendium
869 2794 1107 2871 excitaverunt,
1125 2812 1193 2878 quo

120 2898 232 2984 paucis
245 2896 364 2962 deinde
375 2898 468 2960 annis
477 2898 654 2963 Masinissae
667 2896 804 2976 domus,
818 2914 1023 2982 regnumque
1031 2889 1194 2954 Numidiae

121 2995 338 3085 conflagravit.
356 2998 540 3062 Ambitioso
559 3022 596 3063 ac
613 2996 739 3087 perfido
754 2995 922 3085 Iugurthae
943 2995 1054 3059 animo
1076 2993 1194 3055 stimu-

122 3099 190 3162 lum
208 3100 395 3164 admoverat
416 3100 603 3188 importuna
620 3098 811 3186 Hiempsalis
828 3097 964 3175 ferocia,
985 3094 1042 3182 qui
1057 3093 1194 3156 fratrum

124 3219 203 3264 natu
222 3204 395 3285 minimus,
413 3224 515 3290 quum
533 3203 599 3282 jam
621 3201 780 3291 iugurtha
797 3216 829 3263 et
847 3197 1011 3265 Adherbal
1029 3195 1196 3262 consedis-

123 3320 210 3383 sent,
224 3304 265 3366 ad
275 3304 359 3368 latus
369 3303 560 3367 Adherbalis
572 3303 660 3390 cepit
670 3303 797 3384 locum,
813 3317 852 3366 ut
863 3301 1058 3389 Iugurtham
1071 3295 1196 3379 medio,

124 3405 180 3488 qui
194 3405 443 3469 honestissimus
459 3405 548 3493 apud
562 3405 720 3469 Numidas
734 3421 800 3485 est,
817 3403 1009 3491 depulsum,
1023 3402 1056 3465 in
1070 3415 1197 3489 postre-

125 3524 209 3563 mam
224 3504 333 3567 sedern
349 3505 557 3585 detruderet3
577 3507 652 3594 quia
668 3528 735 3569 non
751 3507 879 3586 solum,
897 3520 935 3568 ut
949 3519 1136 3568 consortem
1150 3524 1199 3567 re·

125 3603 199 3691 gni,
224 3604 353 3686 oderat,
375 3607 565 3687 sedetiam,
583 3623 621 3670 ut
639 3623 786 3670 materno
812 3629 930 3695 genere
947 3605 1121 3693 imparem,
1138 3601 1197 3668 dc·

126 3704 289 3791 spiciebat.

169 3806 223 3869 IV.
236 3805 410 3870 Annitente
420 3823 528 3871 tamen
536 3807 718 3872 Adherbale
727 3806 843 3885 fratre,
856 3821 889 3868 et
900 3805 1002 3869 aetatis
1013 3802 1196 3869 habendam

126 3930 194 3970 esse
209 3908 368 3976 rationem
380 3908 605 3995 precipiente,
619 3909 673 3972 rix
685 3908 718 3969 in
734 3907 866 3969 alteram
884 3921 1009 3992 partem
1026 3902 1195 3993 concessit.

126 4010 222 4087 Mox,
237 4008 294 4070 ubi
309 4008 350 4071 dc
366 4008 504 4096 negotiIs
517 4007 631 4072 disseri
644 4023 805 4094 coeptum,
823 4023 855 4069 ct
870 4006 1031 4095 Iugurtha
1047 4006 1132 4067 forte
1145 4001 1197 4066 di·

128 4126 226 4190 xerat,
238 4110 444 4197 quinquennii
452 4107 597 4173 consulta
606 4123 637 4172 et
645 4109 773 4172 decreta
784 4111 891 4171 omnia
904 4105 1039 4170 rescindi
1044 4119 1195 4192 oportere,

126 4213 214 4299 quod
224 4235 284 4300 per
304 4234 342 4274 ea
362 4222 503 4298 tempora
519 4207 682 4296 consectus
696 4208 790 4272 annis
802 4208 939 4296 Micipsa
953 4226 1072 4293 parum
1089 4206 1196 4269 anim

127 4313 301 4376 valuisset:
314 4312 349 4375 id
363 4334 437 4375 vero
451 4334 638 4399 magnopere
650 4312 711 4374 sibi
716 4309 861 4399 placere,
877 4306 1044 4395 Hiempsal
1059 4328 1196 4394 respon·

129 4412 193 4492 dit;
204 4435 280 4475 nam
290 4429 320 4478 et
333 4412 525 4499 Iugurtham
536 4416 722 4503 proximum
734 4415 821 4476 intra
832 4409 997 4474 triennum
1012 4408 1199 4497 adoptatum

130 4536 200 4578 esse.
221 4516 303 4579 Satis
320 4515 510 4604 apparebat,
530 4539 598 4580 nou
615 4538 709 4604 posse
725 4514 760 4579 in
776 4530 843 4579 tam
863 4509 1067 4577 discordibus
1083 4509 1199 4575 animis
