2594 4980
228 700 282 769 ΙΝ
313 700 425 768 LOC.
453 701 546 767 tta.
575 700 741 769 LXXIV
774 700 987 771 LlVIANI.
1072 699 1138 797 091

77 822 216 902 retenti,
243 821 431 909 bellumque
459 819 690 885 meditantibus
712 836 839 885 tantum
860 844 927 885 non
952 845 1083 888 excussa
1104 825 1145 888 de

77 925 228 989 manibus
244 946 332 986 arma
349 938 435 986 sunt.

121 1028 179 1090 lx.
202 1025 266 1090 Sed
284 1047 390 1112 neque
409 1039 520 1112 postea
538 1022 624 1087 liniti
645 1023 768 1087 bellum
790 1024 850 1087 alia
873 1025 999 1089 ratione
1016 1026 1144 1113 potuit,

77 1151 174 1216 quam
194 1143 232 1190 ut
244 1123 384 1189 subinde
399 1125 456 1204 iis,
475 1148 617 1211 quorum
636 1126 745 1188 minor
760 1125 793 1187 in
812 1125 991 1189 resistendo
1004 1128 1146 1214 pervica-

76 1232 124 1294 cia
142 1230 263 1308 fuerat,
283 1243 354 1290 tum
371 1226 556 1314 promiscue
575 1227 670 1289 sociis
687 1226 840 1289 omnibus
858 1227 992 1308 Italicis,
1011 1227 1143 1291 Lucano

75 1347 202 1394 tantum
222 1345 254 1393 et
276 1329 420 1394 Samnite
443 1329 601 1415 exceptis,
621 1344 654 1392 et
674 1326 715 1391 ad
736 1343 916 1391 extremum
939 1327 989 1391 his
1011 1351 1145 1416 quoque

76 1434 203 1512 civitas,
225 1454 285 1520 pro
304 1430 398 1511 cujus
420 1427 625 1517 impetrando
645 1429 717 1508 jure
741 1444 869 1492 tantum
890 1429 1057 1518 sanguinis
1077 1444 1147 1492 erat

75 1536 205 1614 fusum,
221 1532 362 1597 daretur.
380 1533 469 1595 Dum
485 1530 610 1593 Italiam
625 1531 778 1594 intestina
791 1529 875 1594 bella
888 1531 975 1593 varie
988 1546 1146 1618 premunt

74 1651 285 1723 vastantque,
300 1656 368 1696 non
383 1633 489 1696 multo
502 1632 719 1719 quietioribus
733 1632 808 1696 Asia
819 1653 876 1695 usa
891 1631 989 1695 rebus
1000 1647 1063 1711 est,
1075 1653 1145 1694 cre-

74 1738 141 1801 bris
156 1758 333 1827 regnorum
350 1734 604 1814 mutationibus,
621 1749 653 1797 et
675 1734 800 1828 incerto
826 1734 966 1797 maxime
983 1734 1142 1822 Bithyno·

77 1862 150 1903 rum
167 1836 463 1926 Cappadocumque
483 1849 579 1898 statu.
1020 1913 1022 1921 Α

118 1940 159 2002 Χ.
170 1937 369 2025 bithyniam,
385 1958 490 2024 nuper
499 1952 631 1999 mortuo
643 1935 822 2000 Nicomede
834 1937 954 2000 Prusiae
965 1935 1047 2016 lilio,
1059 1936 1140 1999 alius

76 2039 288 2120 Nicomedes,
305 2039 480 2128 superioris
497 2060 536 2102 ex
549 2037 636 2127 Nysa
648 2060 750 2101 uxore
768 2035 868 2118 filius,
884 2038 1075 2101 auctoritate
1091 2060 1142 2102 se·

76 2158 170 2206 natus
191 2142 318 2205 romani
342 2139 539 2229 possederat.
556 2139 620 2202 Sed
639 2139 688 2202 uti
704 2160 874 2225 nunquam
892 2139 1067 2202 certamina
1084 2137 1142 2201 de-

73 2260 151 2308 sunt
167 2244 252 2306 inter
270 2242 375 2332 regios
387 2241 536 2322 juvenes,
558 2241 811 2304 controversiam
828 2241 857 2303 ei
873 2238 913 2303 de
929 2261 1031 2329 regno
1044 2241 1143 2303 frater

74 2345 238 2424 Socrates,
254 2358 473 2433 cognomento
491 2343 662 2422 Chrestos,
678 2340 826 2405 faciebat.
844 2341 920 2424 Hic,
942 2365 1046 2429 quum
1063 2343 1142 2406 viri-

71 2445 134 2508 bus
154 2445 262 2507 minus
274 2458 400 2530 posset,
419 2458 451 2506 et
467 2443 609 2505 romanis
624 2443 741 2532 opibus
756 2443 928 2507 sustentari
943 2443 1075 2508 fratrem
1092 2445 1141 2506 vi·

71 2544 180 2625 deret,
196 2544 236 2607 ad
251 2543 471 2609 Mithridatem
490 2566 524 2606 se
539 2543 696 2623 contulit,
711 2565 818 2630 neque
831 2544 985 2607 Romanis
1005 2567 1141 2608 conces·

71 2668 202 2725 surum,
223 2663 256 2708 et
275 2645 433 2732 Bithyniae
453 2666 582 2730 semper
604 2643 795 2706 inhiantem.
814 2643 919 2730 Igitur
934 2643 1138 2708 Mithridates

70 2745 283 2809 Nicomedem
301 2743 467 2807 saltatricis
482 2741 603 2821 filium,
621 2759 653 2804 et
665 2742 750 2831 regia
761 2742 893 2805 fortuna
907 2742 1080 2832 indignum
1089 2745 1141 2806 in·

72 2868 221 2933 crepans,
239 2844 420 2920 Socratem,
439 2842 514 2905 licet
531 2843 691 2905 minorem
711 2857 806 2923 natu,
823 2859 976 2931 tanquam
993 2860 1139 2908 materna

70 2948 196 3036 origine
213 2946 394 3034 potiorem,
411 2945 554 3007 exercitu
571 2943 665 3025 dat0,
680 2943 816 3008 deduxit
832 2946 866 3008 in
884 2968 1033 3034 regnum.
1098 2951 1099 2955 ’

115 3052 172 3113 ΧΙ.
193 3051 268 3113 Duo
288 3049 365 3112 hinc
382 3046 496 3111 eodem
517 3065 663 3137 tempore
679 3070 771 3136 reges
787 3050 929 3130 exsules,
951 3049 1139 3114 Ariobarza-

70 3174 127 3216 nes
147 3151 375 3240 Cappadociae,
395 3148 589 3212 Nicomedes
602 3148 778 3237 Bithyniae,
794 3171 897 3236 quum
916 3147 993 3212 odio
1006 3149 1138 3213 Mithri·

69 3255 152 3319 datis
164 3253 353 3317 favorabiles
365 3252 477 3314 Romae
493 3265 614 3332 essent,
628 3272 815 3338 quanquam
829 3249 911 3313 dura
923 3249 1049 3339 imperii
1064 3266 1140 3313 tem·

69 3379 147 3445 pora
164 3372 275 3435 erant,
294 3356 510 3443 impetrarunt
525 3357 651 3432 tamen,
669 3368 723 3431 ut,
742 3351 875 3439 quando
889 3352 1049 3416 exercitus
1068 3375 1135 3414 non

68 3475 193 3546 posset,
211 3458 323 3521 saltem
340 3457 434 3546 legati
453 3456 668 3518 mitterentur.
687 3455 762 3517 Haec
779 3475 867 3516 anno
882 3453 1049 3541 superiore
1065 3470 1136 3516 acta

69 3558 210 3639 fuerant,
221 3559 382 3648 legatique
394 3575 486 3622 erant
496 3557 632 3647 profecti
643 3556 697 3620 Μ’.
710 3557 869 3644 Aquillius
883 3557 933 3620 vir
945 3558 1135 3638 consularis,

68 3676 99 3722 et
119 3683 158 3723 ex
177 3660 333 3748 praetoriis
353 3659 506 3724 Manilius
528 3658 709 3722 Mancin‘us.
729 3658 892 3746 Scriptum
910 3682 1043 3746 quoque
1063 3659 1134 3722 lue·

68 3777 116 3824 rat
138 3764 174 3826 L.
191 3763 317 3842 Cassio,
342 3763 448 3825 Asiam
469 3784 544 3825 curn
560 3760 671 3848 paucis
692 3760 883 3824 cohortibus
900 3761 1080 3841 obtinenti,
1101 3774 1137 3826 ut

67 3864 265 3927 restituendis
281 3864 404 3951 regibus
419 3862 537 3951 legatos
553 3861 725 3949 oetly'uvaret.

111 3966 184 4028 Xll.
204 3964 294 4029 ldem
309 3982 369 4029 eta
384 3963 571 4028 Mithridate
584 3963 785 4052 postulatum
798 3978 875 4025 erat.
887 3962 949 4026 Sed
965 3965 1016 4026 ille
1029 3985 1135 4049 neque

99 4197 199 4260 stru.
214 4197 277 4243 vau.
292 4199 329 4255 11,
347 4197 375 4243 ta
390 4208 414 4244 et
430 4195 579 4257 17.-ctc.
599 4211 644 4258 pro
660 4193 728 4243 snb.
744 4210 798 4258 cap.
814 4196 837 4242 a.
857 4219 892 4228 -
908 4165 987 4255 agan.
1002 4194 1047 4250 1v,
1061 4201 1084 4248 a.
1101 4222 1136 4231 -

65 4278 603 4344 Appian.-§1x.vett.-suahliuv,
617 4294 711 4343 paro.
728 4305 762 4313 -
777 4276 883 4341 Appiam.
899 4303 934 4310 -
949 4275 965 4340 S
979 4277 1013 4324 X.
1027 4277 1134 4340 Appiau.

65 4364 177 4412 Mithrid.
189 4392 222 4400 -
234 4366 362 4412 Memnon.
378 4392 410 4401 --
425 4363 517 4411 Juatin.
532 4363 687 4419 xxxvttt,
704 4361 727 4408 5.
739 4358 798 4423 -5
812 4360 859 4407 xt.
872 4358 978 4423 Appian.
996 4386 1029 4394 -
1042 4361 1132 4407 Juatin.

66 4449 219 4506 xxxvur,
234 4449 256 4496 3.
