2594 4980
265 754 320 822 ru
350 722 1021 825 soe.t1n.txv111n1vmu1.
1103 754 1172 829 555
1214 806 1215 809 κ

118 888 186 936 «est
199 895 256 937 vos
267 875 401 961 experiri
413 898 421 954 3
435 889 472 937 ut
483 890 518 938 et
530 875 661 963 aliquod
673 897 733 963 pro
746 875 909 938 exhaustis
922 875 1086 941 laboribus
1098 900 1170 951 sus·

117 976 304 1062 «oeptisque
320 976 468 1063 periculis
484 975 628 1041 babeatis
645 997 751 1063 opera
768 976 922 1065 pretium,
942 991 974 1039 et
991 975 1032 1040 ad
1048 979 1170 1067 reliqua

117 1077 214 1139 «belli
229 1077 379 1140 eumdem
393 1078 556 1158 animum,
578 1076 789 1165 eamdemque
811 1076 996 1165 patientiam
1017 1093 1049 1141 et
1068 1080 1170 1143 virtu-

117 1162 222 1257 «tem,
237 1193 269 1241 et
287 1201 353 1266 quo
370 1180 506 1243 maxime
520 1180 699 1268 superiores
714 1179 853 1256 luimus,
869 1200 1011 1243 amorem
1029 1178 1170 1269 discipli·

118 1301 204 1358 «nae,
220 1301 259 1341 eo
270 1280 432 1344 lubentius
448 1282 620 1345 retineatis.

162 1381 281 1444 xxtx.
300 1411 311 1433 ιι
321 1381 384 1444 Sed
399 1380 486 1446 unde
500 1383 578 1445 mihi
593 1381 788 1446 liberalitatis
805 1380 951 1460 materia,
967 1398 1070 1466 quum
1086 1400 1169 1467 pru·

118 1510 130 1533 «ι
140 1479 228 1560 dam,
245 1503 283 1543 ex
295 1504 358 1568 qua
372 1481 485 1545 donari
502 1484 617 1547 milites
627 1484 668 1547 ab
684 1482 931 1571 imperatoribus
950 1481 1071 1560 solent,
1090 1480 1169 1544 mibi

118 1605 270 1645 «omnem
287 1583 529 1647 concesseritis?
550 1606 657 1671 neque
677 1583 833 1647 redonare
849 1582 940 1645 vobis
961 1603 1032 1647 eam
1046 1580 1170 1661 audeo,

118 1683 267 1746 «nevile
291 1684 370 1746 mihi
392 1701 532 1748 vestmm
556 1706 691 1760 munus,
716 1701 961 1772 vestrorumque
984 1682 1169 1747 animorum

118 1784 261 1847 «illustre
278 1785 497 1849 testimonium
512 1810 580 1852 esse
598 1788 725 1876 putetis.
747 1787 865 1876 lgitur,
887 1785 977 1873 quod
996 1806 1098 1848 unum
1116 1805 1169 1848 re·

117 1887 317 1974 «linquitur,
334 1909 401 1949 non
417 1887 640 1970 intercedens,
656 1911 723 1977 quo
737 1889 844 1951 minus
855 1933 863 1967 ,
876 1885 967 1975 quod
981 1908 1090 1950 meum
1101 1906 1170 1949 esse

117 1988 300 2068 «voluistis,
324 2010 379 2070 eo,
398 2005 550 2076 tanquam
568 2013 604 2054 re
626 2011 715 2069 mea,
732 1986 1006 2076 quemadmodum
1024 1985 1169 2060 libuerit,

117 2104 224 2151 «utar.
242 2088 346 2152 Vendi
361 2089 502 2171 jubeb03
520 2091 577 2155 sed
594 2114 659 2154 non
677 2092 739 2155 nisi
752 2092 861 2170 vobis,
878 2105 975 2177 atque
992 2089 1053 2169 ita,
1073 2103 1109 2151 ut
1128 2109 1170 2150 ns

116 2211 235 2274 «quem
251 2205 393 2253 vestrum
412 2192 563 2278 poeniteat
584 2193 729 2257 emisse.»
747 2193 908 2256 Vilissimo
928 2189 1044 2254 deinde
1065 2189 1170 2277 pretio

116 2291 239 2353 curarit
254 2289 487 2358 addicendum:
499 2315 604 2382 eoque
623 2295 708 2359 facto
727 2316 793 2357 non
811 2309 939 2358 tantum
957 2291 1111 2355 militibus
1126 2289 1180 2358 sd*

117 2391 224 2454 omnia
237 2391 353 2455 deinde
366 2396 611 2482 promptissimis
623 2419 701 2461 usus
713 2413 778 2476 est,
792 2394 955 2460 sedetiam
969 2386 1169 2482 principibus

116 2489 267 2572 civitatis,
283 2492 403 2580 quibus
417 2498 617 2583 contemptui
631 2496 774 2585 odioque
792 2495 915 2576 fuerat,
932 2493 1168 2558 confessionem

116 2593 263 2672 extorsit,
278 2595 381 2680 pluris
391 2618 479 2676 esse,
503 2619 576 2684 quse
597 2597 657 2659 sibi
674 2598 813 2684 quisque
832 2593 971 2674 dederit,
986 2615 1083 2679 quam
1097 2613 1169 2679 quse

115 2693 298 2754 transmissa
313 2717 330 2755 a
346 2695 534 2779 parentibus
550 2696 688 2773 habeat;
707 2712 738 2757 et
753 2696 887 2769 natales,
905 2694 1081 2780 quamlibet
1098 2713 1170 2755 sor·

116 2787 227 2868 (lidos,
246 2793 336 2854 facile
354 2797 450 2855 tantis
465 2795 620 2856 virtutum
638 2792 750 2874 radiis,
767 2794 808 2857 ad
818 2795 974 2857 aemulum
987 2793 1169 2857 clarissimis

116 2886 267 2952 domibus
285 2891 488 2978 splendorem
506 2893 689 2956 illuminari.

159 2990 263 3053 XXX.
283 2992 397 3078 Neque
412 2991 468 3055 diu
486 2992 668 3056 dubitatum
681 2994 761 3076 fuit,
774 3014 877 3080 quum
890 2991 1081 3082 designandi
1093 2993 1170 3056 nori

115 3090 263 3155 consules
280 3109 401 3172 essent,
417 3094 495 3181 quin
513 3109 578 3158 tam
597 3109 629 3156 et
645 3094 738 3158 fortis
754 3093 905 3169 bellator,
929 3109 962 3156 et
980 3091 1168 3182 magnificus

114 3192 231 3272 vietor,
247 3194 361 3257 absens
373 3194 524 3282 quintum
541 3212 706 3260 crearetur
723 3218 731 3260 :
750 3217 816 3284 quo
833 3193 866 3257 id
877 3195 990 3275 etiarn,
1008 3193 1097 3282 quod
1111 3192 1169 3257 ad·

114 3313 223 3357 versus
237 3311 368 3360 coeteros
384 3295 597 3360 barbarorum
615 3298 773 3362 exercitus
790 3296 929 3360 restabat
941 3296 1065 3385 operis,
1082 3294 1168 3359 illius

114 3395 317 3478 potissimum
344 3396 492 3484 auspiciis
519 3418 556 3459 ac
583 3396 685 3461 ductu
710 3414 884 3487 gereretur.
916 3394 1168 3460 Massiliensibus

114 3493 247 3570 deinde,
267 3519 406 3582 qnorum
421 3498 512 3561 fortis
528 3495 696 3586 fidelisque
713 3522 811 3588 opera
831 3521 871 3563 eo
891 3514 924 3563 et
946 3496 1168 3586 superioribus

113 3593 259 3679 pluribus
283 3596 372 3660 bellis
395 3597 514 3673 luerat,
540 3621 643 3685 quum
667 3599 726 3664 alia
750 3599 897 3687 quedam
923 3598 964 3663 de
988 3598 1168 3679 manubiis,

114 3708 184 3755 tum
200 3694 318 3776 fossas,
330 3718 410 3783 quas
422 3696 463 3762 ad
476 3697 670 3763 Rhodanum
686 3699 840 3774 (luserat,
856 3698 945 3763 dono
957 3699 1065 3765 dedit:
1080 3697 1168 3762 unde

114 3795 245 3884 vectigal
261 3798 396 3878 civitati,
411 3799 591 3886 uberesque
603 3817 780 3888 proventus
799 3802 908 3882 fuere,
920 3799 1028 3864 donee
1040 3801 1073 3863 id
1084 3820 1168 3886 opus

113 3896 250 3959 oblitum
277 3921 386 3978 coeno,
413 3915 445 3963 et
472 3902 710 3991 impellentibus
738 3901 835 3965 undis
860 3924 956 3966 arena
991 3902 1168 3989 repletum,

113 4001 279 4084 Aquarusn
291 3999 494 4066 Mortuerum
510 4002 623 4067 faeiem
638 4022 826 4091 nomenque
843 4022 990 4069 nostrum
1007 4002 1047 4066 ad
1063 4022 1166 4065 evum

113 4100 254 4186 pertulit.

148 4319 164 4382 S
177 4287 274 4369 XXIX.
287 4324 318 4371 U.
332 4323 362 4371 C.
375 4323 439 4381 650;
452 4324 483 4372 Α.
493 4324 520 4374 C.
534 4339 590 4373 roa.
603 4352 638 4363 -
652 4324 756 4374 Diodor.
768 4327 834 4392 apud
844 4327 924 4375 Valss.
943 4352 978 4363 -
992 4324 1006 4391 ς
1019 4327 1104 4375 XXX.
1114 4325 1166 4375 Lis.

114 4404 178 4466 upa.
192 4430 225 4440 -—
239 4406 340 4472 Eutrop.
353 4433 388 4444 —
400 4407 478 4457 Strab.
491 4407 534 4457 lib.
549 4410 593 4457 tv,
604 4436 639 4448 -
652 4409 744 4459 otim.
753 4412 780 4459 iu
792 4412 896 4468 usum,
908 4413 946 4471 ll,
959 4410 983 4460 5.
995 4438 1030 4448 -
1043 4409 1165 4460 Plutarch.

114 4484 139 4531 in
152 4487 214 4535 Mar.
228 4504 282 4554 esp.
296 4493 337 4547 36.
