2594 4980
317 752 374 822 IN
404 749 518 820 LOC.
545 753 639 821 LIB.
665 754 792 823 XLIX
820 756 1034 831 LIVIANI.
1152 763 1200 860 93

113 873 475 937 «armamentariorum
493 872 765 965 magnificentiam
780 877 866 957 :jam
880 900 976 962 vero,
989 904 1061 969 quae
1074 886 1197 950 suntin
1273 896 1275 900 ‘

112 975 312 1040 «moenibus
324 974 456 1057 vestris,
472 977 674 1064 receptacula
690 977 911 1060 exercituum,
924 1002 1152 1073 equorumque
1167 1005 1201 1054 et

111 1075 398 1165 «elephantorum
415 1076 558 1158 stabula,
577 1100 715 1166 quoeque
724 1079 817 1159 juxta
828 1079 1021 1145 exaedificata
1032 1100 1108 1148 sunt
1118 1086 1199 1152 hor·

112 1198 200 1241 «τω
217 1229 228 1260 ,
242 1203 379 1269 quarum
397 1180 490 1244 vobis
507 1202 617 1243 rerum
638 1199 851 1245 monumenta
865 1199 957 1263 sunt,
976 1182 1094 1270 quidve
1109 1187 1198 1252 aliud

114 1299 303 1366 ·possunt,
323 1305 423 1371 quam
443 1298 480 1345 ut
501 1281 648 1346 dolorem
669 1283 702 1346 in
723 1284 887 1349 mentibus
905 1285 1018 1349 vestris
1038 1288 1198 1372 excitent,

114 1378 428 1471 «desideriumque,
437 1383 464 1447 si
473 1405 536 1471 qua
546 1383 690 1472 possitis,
704 1383 850 1449 eamdem
860 1385 1039 1474 potentiam
1047 1387 1199 1478 gloriam·

117 1502 220 1566 «que
235 1482 463 1574 recuperandi?
479 1484 671 1549 Remedium
694 1508 772 1550 vero
787 1486 981 1550 amissorum
1003 1488 1129 1551 nullum
1148 1505 1198 1553 est

119 1584 310 1655 ·oblivione
331 1590 473 1656 certius:
499 1606 532 1654 at
556 1591 625 1655 h'aec
647 1592 837 1681 contingere
857 1592 950 1656 vobis
975 1594 1110 1680 nequit,
1133 1594 1198 1658 nisi

121 1693 262 1758 ΙοοιιΙοε
276 1693 316 1757 ab
331 1716 445 1758 eorum
461 1709 640 1781 conspectu
655 1693 884 1758 abstraxeritis.
900 1695 972 1757 Hoc
985 1709 1094 1759 autem
1107 1718 1126 1760 a
1141 1716 1195 1760 me

124 1794 310 1860 «serissime
330 1794 408 1875 dici,
426 1811 621 1884 argumento
640 1808 689 1860 est
704 1796 772 1883 ipsa
788 1793 986 1883 experientia
1007 1815 1015 1859 :
1041 1816 1117 1858 nam
1134 1818 1193 1859 soe·

126 1889 225 1976 «pius
235 1895 332 1959 reniae
345 1897 500 1985 pacisque
513 1896 588 1960 facti
602 1911 784 1985 compotes,
797 1895 848 1958 his
862 1895 1036 1984 neglectis,
1050 1897 1192 1985 priorem

129 1991 310 2061 domnam
322 1998 524 2086 repetivistis.
540 1998 617 2081 Quo
626 1998 735 2062 animo
747 1997 774 2061 si
785 1995 894 2061 adhue
904 1997 979 2061 estis
990 2044 999 2078 ,
1009 1997 1195 2086 imperium·

133 2112 219 2177 «que
231 2096 377 2162 affectare
393 2096 543 2186 pergitis,
560 2097 762 2182 temporibus
778 2095 986 2177 insidiantes,
1000 2113 1124 2161 certum
1144 2115 1195 2165 est

137 2192 289 2287 *indigere
305 2221 365 2263 vos
380 2195 569 2278 hujusmodi
583 2196 683 2277 urbe,
695 2197 880 2284 talibusque
894 2197 1070 2285 portubus,
1087 2213 1121 2262 et
1136 2222 1192 2265 na·
1284 2251 1287 2257 .

141 2296 287 2384 ¹talibus,
303 2318 336 2367 et
354 2299 515 2365 moenibus
532 2312 711 2363 castrorum
728 2298 762 2361 in
779 2298 917 2363 formam
933 2298 1119 2389 dispositis:
1135 2301 1193 2366 sed

75 2470 78 2491 Ι
145 2393 239 2465 «baud
252 2403 359 2468 minus
376 2416 502 2466 certum
519 2416 582 2483 est,
596 2421 656 2464 nos
673 2399 863 2463 hominibus
879 2399 944 2466 hoc
955 2401 1054 2466 modo
1069 2400 1192 2466 affectis

75 2504 78 2515 ’
149 2517 274 2581 ‘Parcere
297 2527 365 2568 non
390 2501 518 2567 debere.
541 2502 599 2567 Sin
623 2523 700 2565 vero
722 2500 931 2588 cupiditatem
956 2502 1084 2590 imperii
1104 2502 1191 2567 bons

153 2593 220 2663 «fide
233 2605 366 2691 ponitis,
387 2619 420 2668 et
436 2617 577 2684 retenta,
594 2625 667 2690 quae
687 2602 783 2666 vestri
796 2603 879 2684 juris
897 2619 962 2685 est,
979 2604 1106 2686 Africa,
1129 2627 1190 2669 οω-

157 2708 348 2795 ·teupopulo
363 2727 501 2770 romano
519 2727 595 2769 vere
604 2703 805 2793 permittitis3
823 2704 927 2793 agite,
943 2705 1082 2786 omisso,
1099 2706 1190 2794 quod

159 2800 255 2872 ‘aliene
268 2809 334 2889 jam
354 2807 487 2872 ditionis
507 2822 572 2888 est,
592 2806 686 2888 mari,
705 2822 810 2870 vestra
830 2806 864 2868 in
886 2821 969 2870 terra
987 2808 1116 2871 statuite
1131 2831 1190 2872 ur·

161 2895 243 2988 *bern
263 2925 314 2991 ut,
332 2931 430 2996 quam
445 2907 552 2972 verbis
569 2906 743 2995 praefertis,
766 2903 985 2970 obedientiam
1005 2907 1077 2994 ipso
1095 2909 1190 2972 etiam

162 3021 247 3088 *⁰pere
262 3010 411 3098 factoque
428 3008 667 3073 demonstretis.

191 3102 301 3177 xxvn.
316 3111 455 3199 «Neque
469 3110 556 3175 enim
571 3125 639 3188 est,
656 3125 694 3173 ut
709 3130 891 3191 sacrorum,
909 3124 940 3173 et
955 3111 1142 3197 penatium,
1157 3128 1191 3177 et

162 3198 232 3288 ‘f0ri,
247 3229 276 3277 ct
290 3212 515 3301 sepulcrorum
535 3211 638 3276 vicem
657 3208 776 3275 deflere
794 3208 920 3299 fingatis
937 3232 946 3273 ε
963 3231 1038 3273 nam
1056 3209 1191 3275 delubra

163 3306 276 3388 *quidem
296 3332 328 3380 et
347 3314 496 3403 sepulcra
521 3335 589 3377 non
615 3333 802 3394 movemus3
818 3310 993 3399 licebitque
1022 3334 1190 3378 sacrorum

164 3424 203 3472 «et
217 3422 392 3502 parentandi
413 3443 510 3486 causa
529 3443 568 3485 eo
588 3420 758 3503 accedere;
777 3435 891 3483 cetera
909 3441 986 3485 vero
1006 3418 1190 3502 dinmmus3

163 3529 255 3602 ‘neque
269 3525 353 3588 enim
372 3522 538 3588 navalibus
555 3521 746 3602 immolatis,
760 3542 867 3607 neque
885 3520 1059 3608 parentatis
1073 3523 1188 3585 moeni·

162 3605 350 3689 ·bu:d0m0s
362 3639 471 3706 autent
483 3639 516 3687 et
528 3623 706 3703 elissam,
718 3636 908 3710 promptum
921 3623 983 3685 erit
995 3622 1105 3704 vobis,
1116 3621 1190 3686 ubi·

161 3730 275 3808 ‘fflssque
297 3726 404 3808 eritis,
429 3724 591 3790 condere:
614 3723 704 3814 quod
730 3724 787 3788 ubi
807 3724 929 3787 factum
955 3724 1068 3806 fuerit,
1089 3746 1189 3811 parvo

162 3829 230 3894 ΨΜ
240 3838 374 3917 tempore
391 3843 425 3892 et
439 3827 508 3891 baec
523 3826 616 3891 vobis
632 3841 729 3890 erunt
741 3824 864 3912 patria3
878 3823 974 3911 plane
990 3839 1028 3887 ut
1038 3824 1115 3887 olim
1129 3824 1188 3907 iis,

161 3929 228 3996 ‘iuae
241 3924 309 4016 Tyri
324 3944 433 4009 erant,
450 3929 585 4009 relictis,
602 3927 656 3991 bic
671 3928 705 3990 in
722 3927 830 3991 Africa
845 3926 907 3989 alia
921 3925 1120 4004 instituistis,
1138 3947 1190 3988 ea·

161 4007 285 4112 ‘demque
303 4053 392 4095 nunc
411 4031 512 4118 patria
532 4029 669 4102 vocatis,
689 4051 762 4115 quae
782 4043 853 4090 tum
877 4047 988 4090 recens
1008 4039 1190 4112 comparata

160 4107 286 4195 '¹3¹th
304 4131 387 4210 Sed,
402 4146 441 4194 ut
453 4129 649 4219 compendio
667 4127 790 4210 dicam,
808 4128 858 4191 vel
875 4127 953 4189 hinc
969 4124 1188 4213 cognoscetis,

160 4214 305 4295 “nullonos
315 4231 411 4313 odio,
426 4229 482 4296 scd
497 4231 573 4319 quia
585 4229 767 4294 concordie
778 4229 1008 4313 securitatique
1022 4225 1189 4288 communi

159 4325 328 4396 ‘mudum
343 4333 494 4421 cupimus
503 4379 513 4414 ,
522 4332 591 4396 haec
604 4332 777 4421 precipere
790 4354 798 4397 ι
813 4326 1028 4418 quod'Albam
1038 4346 1190 4416 quoque,

184 4483 292 4553 §Hm
310 4511 418 4576 Appisn.
430 4538 464 4547 -
475 4509 578 4559 Diodes.
