2594 4980
272 670 330 738 IN
359 668 469 739 LOC.
499 671 592 738 LIB.
619 672 707 740 LlV
738 671 954 745 LIVIANI.
1080 676 1150 750 225

103 791 191 859 m'nor
213 789 304 854 hosti
329 791 419 879 copia
442 792 600 878 sequendi
623 794 717 856 foret.
744 794 880 872 Consul,
903 795 983 859 urbe
1004 818 1151 888 recepta,

106 891 245 959 contentis
263 891 433 955 itineribus
448 891 490 956 ad
509 891 761 980 opprimendum
779 895 963 960 Viriathum
980 900 1153 985 festinans,

107 992 215 1065 tandem
233 994 268 1057 in
285 995 539 1081 Carpetanorum
558 993 677 1058 finibus
692 1018 766 1058 cum
784 997 900 1086 attigit.
922 998 1067 1065 Viriatho
1085 1026 1153 1067 non

109 1092 225 1159 itarires
239 1117 307 1158 suae
320 1094 503 1182 placebant,
521 1112 558 1160 ut
574 1095 737 1160 fortunam
753 1097 851 1184 praelii
869 1114 993 1165 tentare
1004 1121 1152 1191 cuperet3

110 1214 193 1282 toque
207 1194 484 1260 videbaturhoste
503 1212 566 1261 tani
585 1197 771 1285 propinquo
788 1195 953 1264 discedere
967 1203 1043 1267 citra
1064 1227 1154 1270 sum·

111 1315 179 1359 uum
195 1297 375 1384 periculum
396 1319 500 1385 posse.
524 1299 632 1380 Quare
648 1298 688 1361 ad
713 1321 787 1362 suas
805 1316 889 1365 artes
909 1324 1100 1380 conversus,
1118 1306 1152 1369 in

111 1397 213 1469 naulo
225 1397 368 1485 quodam
389 1398 606 1462 velocissimos
622 1421 758 1462 suorum
780 1415 933 1487 tanquam
951 1420 1153 1493 pugnaturus

111 1494 235 1563 inmxit
252 1521 260 1562 :
275 1499 338 1563 hoc
354 1522 467 1588 agmen
485 1500 626 1586 reliquos
643 1522 702 1588 per
717 1499 882 1565 sinuosam
897 1503 1011 1567 vallem
1026 1528 1060 1568 se
1074 1506 1153 1570 sub·

111 1594 240 1665 hunus
254 1601 347 1676 texit,
364 1623 404 1663 ne
417 1601 459 1663 ab
476 1601 629 1665 Romanis
644 1603 730 1664 fraus
743 1602 1063 1669 animadverteretur.

144 1701 217 1767 XIV.
233 1703 311 1766 Mox
325 1725 427 1788 quum
444 1725 499 1766 eos
510 1703 576 1783 jam
596 1702 672 1766 satis
692 1703 816 1767 itineris
833 1705 1021 1793 praecepisse
1040 1695 1152 1771 crede·

112 1801 220 1892 'etipse
228 1805 333 1892 palam
342 1804 449 1867 elluso
458 1825 556 1867 cursu
566 1802 846 1887 discessit3certus
855 1805 1045 1892 pernicitate
1054 1829 1154 1893 equo·

113 1920 170 1975 tutu
181 1904 235 1969 sibi
252 1921 353 1969 tutam
366 1904 408 1968 ab
422 1903 515 1968 hoste
528 1905 735 1991 quantumvis
750 1906 937 1992 propinquo
951 1905 1059 1994 fugam
1073 1906 1152 1971 lore.

113 2002 220 2095 loquuti
235 2026 312 2073 sunt
328 2009 492 2073 Romani:
517 2007 575 2073 sed
600 2009 795 2073 celeritatem
817 2009 1047 2073 Lusitanorum
1072 2010 1154 2075 adeo

114 2127 214 2195 cpiare
230 2134 297 2178 non
313 2125 479 2200 poterant,
499 2128 537 2175 ut
554 2109 762 2197 nequidem,
779 2132 843 2197 qua
859 2110 903 2173 illi
925 2110 971 2173 via
991 2112 1154 2202 profugis·

114 2225 182 2292 ent,
194 2212 432 2302 deprehendere
448 2212 515 2275 ullo
527 2211 649 2275 indicio
659 2227 801 2299 possent.
813 2212 938 2276 Consul
951 2211 983 2273 in
991 2212 1153 2277 Vectones

115 2308 285 2379 ttGallecos
300 2312 416 2389 effudit
433 2313 529 2394 iram,
547 2313 674 2400 lateque
690 2313 864 2402 populatus
878 2335 987 2401 agros,
1005 2313 1154 2378 Viriatho

114 2426 183 2496 qni
194 2416 382 2480 auxiliorum
400 2415 524 2479 existis
540 2415 692 2504 gentihus
708 2413 849 2479 abstulit.
871 2415 936 2496 Qui
953 2414 1008 2477 ubi
1027 2416 1155 2530 gravius

115 2504 143 2577 lt
157 2510 211 2578 dies
232 2515 352 2580 bellum
378 2514 446 2579 lieri
470 2515 558 2580 videt
569 2516 787 2602 ‚multosque
809 2515 974 2578 sociorum
999 2515 1128 2581 alios
1097 2540 1154 2598 vi,

115 2605 174 2676 'llos
187 2632 294 2704 sponte
315 2640 335 2680 a
360 2616 524 2704 partibus
527 2617 594 2679 suis
618 2614 802 2696 deficere,
793 2631 948 2680 interesse
966 2615 1155 2700 arbitratus,

115 2726 220 2804 ΜΨ,
235 2741 276 2782 an
293 2719 416 2799 victus,
437 2740 550 2805 paceni
565 2732 704 2805 peteret,
726 2731 900 2802 antequam
918 2717 1007 2829 signa
1024 2719 1153 2780 confer-

115 2831 182 2894 nrt,
192 2819 228 2884 ad
243 2819 446 2885 conditiones
467 2820 626 2909 respicere
649 2818 762 2905 coepit,
781 2817 904 2898 missis,
925 2817 997 2903 qui,
1022 2816 1155 2904 quando

115 2914 183 2999 flius
196 2921 294 2988 loedus
311 2921 545 3009 displicuisset,
569 2919 650 3009 quid
670 2918 746 2996 addi
759 2917 886 2982 demive
905 2917 1020 2982 consul
1037 2917 1154 2995 vellet,

115 3034 273 3101 ment.

148 3118 203 3188 XV.
215 3127 335 3191 Eorum
347 3125 416 3191 talis
430 3126 534 3189 oratio
549 3124 627 3187 suit:
643 3154 656 3179 ι
668 3119 960 3203 Quartusdecimus
970 3120 1035 3202 jani
1049 3143 1154 3186 annus

118 3218 215 3306 ‘qimi
230 3225 323 3306 belli,
342 3225 432 3313 quod
448 3225 617 3288 vobiscum
634 3223 785 3312 gerimus.
804 3221 874 3285 Nec
893 3244 1073 3287 memorare
1089 3225 1154 3289 cla·

119 3313 178 3383 ‘lu
191 3347 263 3414 opus
286 3343 349 3408 est,
372 3350 415 3392 ne
439 3328 489 3390 vel
512 3340 657 3411 acceptas
680 3320 984 3405 commemorando,
1007 3321 1153 3388 dolorem

119 3437 253 3492 *nostrum
275 3449 467 3516 augeamus3
490 3424 674 3504 velillum,
694 3423 820 3486 animos
840 3445 956 3485 eorum
981 3424 1152 3487 exacerbe-

119 3535 198 3605 mus,
212 3528 328 3614 quibus
345 3550 448 3614 quum
464 3525 602 3589 maxime
618 3523 747 3612 placatis
758 3523 973 3610 propitiisque
987 3546 1071 3610 opus
1088 3541 1153 3589 est:

120 3621 201 3700 ‘Fcis
215 3629 300 3697 ,enim
324 3626 472 3715 petendae
495 3649 591 3689 causa
610 3624 782 3704 adsumus,
808 3645 905 3710 quam
931 3625 975 3688 ita
997 3624 1156 3690 desidera-

121 3734 206 3802 ΨΜ,
223 3743 271 3809 ut,
292 3743 424 3816 excepta
442 3727 607 3808 libertate,
626 3724 707 3789 nihil
725 3725 865 3788 habituri
886 3724 1055 3789 videamur
1071 3729 1154 3791 anti-

121 3823 221 3904 *llll*
237 3833 360 3899 idcirco
375 3856 450 3898 cum
470 3833 521 3896 his
536 3831 695 3896 mandatis
715 3830 874 3919 principes
891 3832 993 3894 nostri
1011 3855 1071 3894 nos
1092 3833 1154 3895 mi·

120 3941 237 4016 stunt,
255 3955 293 4003 nt
312 3939 395 4004 nihil
418 3961 532 4004 eorum
542 3960 640 4024 ‚quae
660 3934 727 3999 fieri
750 3951 903 4023 possent,
919 3958 1153 4000 recusaremus.

121 3984 286 4133 ‘slfflbbnt
300 4059 432 4122 autem,
455 4040 613 4153 oequiores
636 4038 711 4103 ideo
728 4035 933 4102 conditiones
951 4040 1041 4119 fore,
1063 4036 1155 4124 quod
1194 4117 1197 4120 Α

118 4241 266 4363 nlull-ll.
279 4264 308 4314 C.
327 4265 397 4327 6123
415 4265 447 4313 A.
463 4264 492 4312 C
507 4270 615 4317 itm-
580 4259 734 4309 -Diodon
752 4287 787 4298 -
803 4261 962 4330 Appianu-
983 4260 1067 4307 Front.
1079 4262 1153 4307 strat.
1250 4321 1252 4325 ἢ

118 4316 191 4378 n'·¹³
185 4344 336 4410 ·—§xtv.
350 4347 417 4394 Flor.
425 4349 450 4394 11
458 4361 516 4406 μιν]
532 4345 652 4392 -Δυοῑ,
664 4342 762 4392 deVir.
774 4343 862 4391 illustr.
875 4359 929 4406 cap.
945 4357 986 4402 71.
1002 4340 1155 4391 -Diodon

116 4405 297 4481 WVQflb,
309 4432 463 4491 minet
476 4429 544 4479 suiv.
557 4428 638 4476 Ursin.

187 4515 245 4592 IX.
945 4514 985 4588 15
