<?xml version="1.0" encoding="UTF-8"?>
<!DOCTYPE html PUBLIC "-//W3C//DTD XHTML 1.0 Transitional//EN"
    "http://www.w3.org/TR/xhtml1/DTD/xhtml1-transitional.dtd">
<html xmlns="http://www.w3.org/1999/xhtml" xml:lang="en" lang="en">
 <head>
  <title>
</title>
<meta http-equiv="Content-Type" content="text/html;charset=utf-8" />
  <meta name='ocr-system' content='tesseract 3.04.00' />
  <meta name='ocr-capabilities' content='ocr_page ocr_carea ocr_par ocr_line ocrx_word'/>
</head>
<body>
  <div class='ocr_page' id='page_1' title='image "./titusliviuspata00freigoog_0030.png"; bbox 0 0 2594 4980; ppageno 0'>
   <div class='ocr_carea' id='block_1_1' title="bbox 249 751 1142 825">
    <p class='ocr_par' dir='ltr' id='par_1_1' title="bbox 249 751 1142 825">
     <span class='ocr_line' id='line_1_1' title="bbox 249 751 1142 825; baseline 0.002 -2"><span class='ocrx_word' id='word_1_1' title='bbox 249 754 303 823; x_wconf 83' lang='lat' dir='ltr'>IN</span> <span class='ocrx_word' id='word_1_2' title='bbox 333 754 444 825; x_wconf 87' lang='lat' dir='ltr'><strong>LOC.</strong></span> <span class='ocrx_word' id='word_1_3' title='bbox 470 752 564 820; x_wconf 91' lang='lat' dir='ltr'><strong>LIB.</strong></span> <span class='ocrx_word' id='word_1_4' title='bbox 591 751 734 819; x_wconf 86' lang='lat' dir='ltr'><strong>XLVII</strong></span> <span class='ocrx_word' id='word_1_5' title='bbox 764 753 976 823; x_wconf 86' lang='lat' dir='ltr'><strong>LIVIANI.</strong></span> <span class='ocrx_word' id='word_1_6' title='bbox 1098 753 1142 825; x_wconf 86' lang='lat'>35</span> 
     </span>
    </p>
   </div>
   <div class='ocr_carea' id='block_1_2' title="bbox 61 871 1238 4298">
    <p class='ocr_par' dir='ltr' id='par_1_2' title="bbox 72 871 1238 2656">
     <span class='ocr_line' id='line_1_2' title="bbox 75 871 1142 963; baseline -0.001 -23"><span class='ocrx_word' id='word_1_7' title='bbox 75 873 157 940; x_wconf 84' lang='lat' dir='ltr'>odiis</span> <span class='ocrx_word' id='word_1_8' title='bbox 178 873 376 962; x_wconf 83' lang='lat' dir='ltr'>injuriisque</span> <span class='ocrx_word' id='word_1_9' title='bbox 394 897 446 938; x_wconf 87' lang='lat' dir='ltr'>res</span> <span class='ocrx_word' id='word_1_10' title='bbox 468 873 618 961; x_wconf 79' lang='lat' dir='ltr'>inquietae</span> <span class='ocrx_word' id='word_1_11' title='bbox 636 886 737 935; x_wconf 87' lang='lat' dir='ltr'>erant.</span> <span class='ocrx_word' id='word_1_12' title='bbox 754 871 843 934; x_wconf 87' lang='lat' dir='ltr'>Circa</span> <span class='ocrx_word' id='word_1_13' title='bbox 860 873 1018 938; x_wconf 80' lang='lat' dir='ltr'>minorem</span> <span class='ocrx_word' id='word_1_14' title='bbox 1035 876 1142 963; x_wconf 85' lang='lat' dir='ltr'>Syrtin</span> 
     </span>
     <span class='ocr_line' id='line_1_3' title="bbox 74 971 1142 1071; baseline 0 -32"><span class='ocrx_word' id='word_1_15' title='bbox 74 998 151 1065; x_wconf 78' lang='lat' dir='ltr'>ager</span> <span class='ocrx_word' id='word_1_16' title='bbox 163 977 292 1065; x_wconf 89' lang='lat' dir='ltr'>amplus</span> <span class='ocrx_word' id='word_1_17' title='bbox 308 976 436 1056; x_wconf 83' lang='lat' dir='ltr'>colitur,</span> <span class='ocrx_word' id='word_1_18' title='bbox 454 996 551 1062; x_wconf 85' lang='lat' dir='ltr'>quem</span> <span class='ocrx_word' id='word_1_19' title='bbox 568 973 702 1071; x_wconf 77' lang='lat' dir='ltr'>uberem</span> <span class='ocrx_word' id='word_1_20' title='bbox 720 971 827 1061; x_wconf 86' lang='lat' dir='ltr'>gleba,</span> <span class='ocrx_word' id='word_1_21' title='bbox 842 972 968 1060; x_wconf 80' lang='lat' dir='ltr'>oppidis</span> <span class='ocrx_word' id='word_1_22' title='bbox 981 976 1142 1062; x_wconf 89' lang='lat' dir='ltr'>quinqua·</span> 
     </span>
     <span class='ocr_line' id='line_1_4' title="bbox 74 1074 1144 1167; baseline 0 -27"><span class='ocrx_word' id='word_1_23' title='bbox 74 1080 165 1167; x_wconf 62' lang='lat' dir='ltr'>ff&#39;nta</span> <span class='ocrx_word' id='word_1_24' title='bbox 179 1078 444 1166; x_wconf 78' lang='lat' dir='ltr'>frequentatum,</span> <span class='ocrx_word' id='word_1_25' title='bbox 460 1092 493 1141; x_wconf 93' lang='lat' dir='ltr'>et</span> <span class='ocrx_word' id='word_1_26' title='bbox 508 1098 565 1165; x_wconf 92' lang='lat' dir='ltr'>per</span> <span class='ocrx_word' id='word_1_27' title='bbox 580 1075 647 1137; x_wconf 85' lang='lat' dir='ltr'>haec</span> <span class='ocrx_word' id='word_1_28' title='bbox 663 1075 824 1160; x_wconf 84' lang='lat' dir='ltr'>locuplete</span> <span class='ocrx_word' id='word_1_29' title='bbox 842 1074 963 1155; x_wconf 87' lang='lat' dir='ltr'>reditu,</span> <span class='ocrx_word' id='word_1_30' title='bbox 978 1078 1144 1166; x_wconf 88' lang='lat' dir='ltr'>Carthagi·</span> 
     </span>
     <span class='ocr_line' id='line_1_5' title="bbox 75 1178 1143 1266; baseline 0.003 -24"><span class='ocrx_word' id='word_1_31' title='bbox 75 1180 205 1243; x_wconf 88' lang='lat' dir='ltr'>nienses</span> <span class='ocrx_word' id='word_1_32' title='bbox 223 1179 443 1244; x_wconf 87' lang='lat' dir='ltr'>obtinebant:</span> <span class='ocrx_word' id='word_1_33' title='bbox 465 1178 526 1266; x_wconf 89' lang='lat' dir='ltr'>ipsi</span> <span class='ocrx_word' id='word_1_34' title='bbox 543 1180 679 1265; x_wconf 86' lang='lat' dir='ltr'>Tyscam</span> <span class='ocrx_word' id='word_1_35' title='bbox 700 1193 818 1239; x_wconf 84' lang='lat' dir='ltr'>vocant</span> <span class='ocrx_word' id='word_1_36' title='bbox 838 1178 1020 1265; x_wconf 77' lang='lat' dir='ltr'>regionem&#39;3</span> <span class='ocrx_word' id='word_1_37' title='bbox 1041 1179 1143 1245; x_wconf 70' lang='lat' dir='ltr'>Graeci</span> 
     </span>
     <span class='ocr_line' id='line_1_6' title="bbox 73 1277 1202 1368; baseline 0.002 -25"><span class='ocrx_word' id='word_1_38' title='bbox 73 1277 229 1343; x_wconf 86' lang='lat' dir='ltr'>dixerunt</span> <span class='ocrx_word' id='word_1_39' title='bbox 241 1280 406 1368; x_wconf 85' lang='lat' dir='ltr'><strong>Emporia.</strong></span> <span class='ocrx_word' id='word_1_40' title='bbox 421 1280 505 1343; x_wconf 87' lang='lat' dir='ltr'>Eum</span> <span class='ocrx_word' id='word_1_41' title='bbox 520 1301 623 1367; x_wconf 91' lang='lat' dir='ltr'>quum</span> <span class='ocrx_word' id='word_1_42' title='bbox 638 1279 785 1366; x_wconf 87' lang='lat' dir='ltr'>coepisset</span> <span class='ocrx_word' id='word_1_43' title='bbox 800 1280 1030 1367; x_wconf 83' lang='lat' dir='ltr'>concupiscere</span> <span class='ocrx_word' id='word_1_44' title='bbox 1048 1281 1145 1345; x_wconf 87' lang='lat' dir='ltr'>Masi·</span> <span class='ocrx_word' id='word_1_45' title='bbox 1200 1302 1202 1308; x_wconf 60' lang='lat'><strong><em>⁴</em></strong></span> 
     </span>
     <span class='ocr_line' id='line_1_7' title="bbox 74 1380 1238 1469; baseline 0.001 -24"><span class='ocrx_word' id='word_1_46' title='bbox 74 1381 179 1462; x_wconf 88' lang='lat' dir='ltr'>nissa,</span> <span class='ocrx_word' id='word_1_47' title='bbox 191 1381 237 1445; x_wconf 91' lang='lat' dir='ltr'>ob</span> <span class='ocrx_word' id='word_1_48' title='bbox 252 1382 433 1469; x_wconf 88' lang='lat' dir='ltr'>potentiam</span> <span class='ocrx_word' id='word_1_49' title='bbox 451 1404 561 1461; x_wconf 87' lang='lat' dir='ltr'>suam,</span> <span class='ocrx_word' id='word_1_50' title='bbox 580 1397 612 1445; x_wconf 85' lang='lat' dir='ltr'>et</span> <span class='ocrx_word' id='word_1_51' title='bbox 628 1383 770 1444; x_wconf 87' lang='lat' dir='ltr'>favorem</span> <span class='ocrx_word' id='word_1_52' title='bbox 787 1380 874 1468; x_wconf 90' lang='lat' dir='ltr'>apud</span> <span class='ocrx_word' id='word_1_53' title='bbox 889 1382 1073 1462; x_wconf 84' lang='lat' dir='ltr'>Romanos,</span> <span class='ocrx_word' id='word_1_54' title='bbox 1087 1405 1146 1446; x_wconf 91' lang='lat' dir='ltr'>seu</span> <span class='ocrx_word' id='word_1_55' title='bbox 1233 1398 1238 1407; x_wconf 87' lang='grc'><strong>’</strong></span> 
     </span>
     <span class='ocr_line' id='line_1_8' title="bbox 73 1481 1146 1572; baseline 0.003 -28"><span class='ocrx_word' id='word_1_56' title='bbox 73 1483 193 1561; x_wconf 86' lang='lat' dir='ltr'>ri,seu</span> <span class='ocrx_word' id='word_1_57' title='bbox 207 1483 282 1562; x_wconf 79' lang='lat' dir='ltr'>iure</span> <span class='ocrx_word' id='word_1_58' title='bbox 292 1481 456 1572; x_wconf 85' lang='lat' dir='ltr'>agendum</span> <span class='ocrx_word' id='word_1_59' title='bbox 469 1483 569 1565; x_wconf 85' lang='lat' dir='ltr'>foret,</span> <span class='ocrx_word' id='word_1_60' title='bbox 581 1483 743 1570; x_wconf 88' lang='lat' dir='ltr'>potiorem</span> <span class='ocrx_word' id='word_1_61' title='bbox 756 1505 789 1545; x_wconf 90' lang='lat' dir='ltr'>se</span> <span class='ocrx_word' id='word_1_62' title='bbox 807 1484 957 1546; x_wconf 83' lang='lat' dir='ltr'>futurum</span> <span class='ocrx_word' id='word_1_63' title='bbox 968 1501 1077 1565; x_wconf 86' lang='lat' dir='ltr'>ratus,</span> <span class='ocrx_word' id='word_1_64' title='bbox 1094 1508 1146 1547; x_wconf 87' lang='lat' dir='ltr'>ar·</span> 
     </span>
     <span class='ocr_line' id='line_1_9' title="bbox 73 1583 1146 1673; baseline 0.006 -28"><span class='ocrx_word' id='word_1_65' title='bbox 73 1599 161 1646; x_wconf 86' lang='lat' dir='ltr'>mata</span> <span class='ocrx_word' id='word_1_66' title='bbox 178 1605 281 1648; x_wconf 87' lang='lat' dir='ltr'>manu</span> <span class='ocrx_word' id='word_1_67' title='bbox 299 1606 459 1672; x_wconf 89' lang='lat' dir='ltr'>occupare</span> <span class='ocrx_word' id='word_1_68' title='bbox 476 1606 545 1647; x_wconf 92' lang='lat' dir='ltr'>non</span> <span class='ocrx_word' id='word_1_69' title='bbox 565 1583 699 1648; x_wconf 88' lang='lat' dir='ltr'><strong>distulit.</strong></span> <span class='ocrx_word' id='word_1_70' title='bbox 718 1585 759 1648; x_wconf 88' lang='lat' dir='ltr'>Et</span> <span class='ocrx_word' id='word_1_71' title='bbox 774 1606 889 1672; x_wconf 90' lang='lat' dir='ltr'>agrum</span> <span class='ocrx_word' id='word_1_72' title='bbox 906 1586 1037 1673; x_wconf 86' lang='lat' dir='ltr'>quidem</span> <span class='ocrx_word' id='word_1_73' title='bbox 1055 1587 1146 1651; x_wconf 84' lang='lat' dir='ltr'>facile</span> 
     </span>
     <span class='ocr_line' id='line_1_10' title="bbox 74 1684 1145 1775; baseline 0.002 -26"><span class='ocrx_word' id='word_1_74' title='bbox 74 1700 254 1772; x_wconf 76' lang='lat' dir='ltr'>receperat,</span> <span class='ocrx_word' id='word_1_75' title='bbox 269 1686 375 1750; x_wconf 83' lang='lat' dir='ltr'>Poenis</span> <span class='ocrx_word' id='word_1_76' title='bbox 385 1707 488 1772; x_wconf 89' lang='lat' dir='ltr'>quum</span> <span class='ocrx_word' id='word_1_77' title='bbox 503 1686 579 1748; x_wconf 89' lang='lat' dir='ltr'>alias</span> <span class='ocrx_word' id='word_1_78' title='bbox 594 1684 634 1747; x_wconf 88' lang='lat' dir='ltr'>ad</span> <span class='ocrx_word' id='word_1_79' title='bbox 648 1687 808 1748; x_wconf 78' lang='lat' dir='ltr'>terrestria</span> <span class='ocrx_word' id='word_1_80' title='bbox 821 1687 901 1749; x_wconf 87' lang='lat' dir='ltr'>bella</span> <span class='ocrx_word' id='word_1_81' title='bbox 920 1688 1027 1750; x_wconf 92' lang='lat' dir='ltr'>minus</span> <span class='ocrx_word' id='word_1_82' title='bbox 1044 1690 1145 1775; x_wconf 88' lang='lat' dir='ltr'>aptis,</span> 
     </span>
     <span class='ocr_line' id='line_1_11' title="bbox 72 1784 1147 1874; baseline 0.004 -26"><span class='ocrx_word' id='word_1_83' title='bbox 72 1800 109 1849; x_wconf 83' lang='lat' dir='ltr'>et</span> <span class='ocrx_word' id='word_1_84' title='bbox 126 1801 197 1850; x_wconf 82' lang='lat' dir='ltr'>tum</span> <span class='ocrx_word' id='word_1_85' title='bbox 215 1808 256 1850; x_wconf 82' lang='lat' dir='ltr'>ex</span> <span class='ocrx_word' id='word_1_86' title='bbox 273 1785 428 1850; x_wconf 85' lang='lat' dir='ltr'>diuturna</span> <span class='ocrx_word' id='word_1_87' title='bbox 446 1807 524 1874; x_wconf 86' lang='lat' dir='ltr'>pace</span> <span class='ocrx_word' id='word_1_88' title='bbox 540 1784 797 1873; x_wconf 82' lang='lat' dir='ltr'>languidioribus</span> <span class='ocrx_word' id='word_1_89' title='bbox 813 1808 820 1848; x_wconf 92' lang='lat'>:</span> <span class='ocrx_word' id='word_1_90' title='bbox 839 1784 957 1873; x_wconf 89' lang='lat' dir='ltr'>oppida</span> <span class='ocrx_word' id='word_1_91' title='bbox 973 1806 1080 1851; x_wconf 86' lang='lat' dir='ltr'>tamen</span> <span class='ocrx_word' id='word_1_92' title='bbox 1101 1787 1147 1852; x_wconf 90' lang='lat' dir='ltr'>illi</span> 
     </span>
     <span class='ocr_line' id='line_1_12' title="bbox 74 1878 1148 1975; baseline 0.004 -25"><span class='ocrx_word' id='word_1_93' title='bbox 74 1888 271 1952; x_wconf 81' lang='lat' dir='ltr'>retinebant.</span> <span class='ocrx_word' id='word_1_94' title='bbox 284 1889 345 1951; x_wconf 86' lang='lat' dir='ltr'>llic</span> <span class='ocrx_word' id='word_1_95' title='bbox 357 1909 467 1951; x_wconf 89' lang='lat' dir='ltr'>rerum</span> <span class='ocrx_word' id='word_1_96' title='bbox 480 1902 580 1950; x_wconf 87' lang='lat' dir='ltr'>status</span> <span class='ocrx_word' id='word_1_97' title='bbox 596 1878 755 1973; x_wconf 79' lang='lat' dir='ltr'>utrosque</span> <span class='ocrx_word' id='word_1_98' title='bbox 764 1887 909 1975; x_wconf 80' lang='lat' dir='ltr'>impulit,</span> <span class='ocrx_word' id='word_1_99' title='bbox 925 1903 963 1950; x_wconf 88' lang='lat' dir='ltr'>ut</span> <span class='ocrx_word' id='word_1_100' title='bbox 975 1889 1014 1953; x_wconf 89' lang='lat' dir='ltr'>iis</span> <span class='ocrx_word' id='word_1_101' title='bbox 1030 1888 1071 1953; x_wconf 92' lang='lat' dir='ltr'>de</span> <span class='ocrx_word' id='word_1_102' title='bbox 1083 1890 1148 1954; x_wconf 92' lang='lat' dir='ltr'>liti·</span> 
     </span>
     <span class='ocr_line' id='line_1_13' title="bbox 73 1987 1144 2079; baseline 0.002 -28"><span class='ocrx_word' id='word_1_103' title='bbox 73 1987 137 2051; x_wconf 86' lang='lat' dir='ltr'>bus</span> <span class='ocrx_word' id='word_1_104' title='bbox 153 1987 344 2076; x_wconf 85' lang='lat' dir='ltr'>frequenter</span> <span class='ocrx_word' id='word_1_105' title='bbox 356 1988 478 2076; x_wconf 81' lang='lat' dir='ltr'>legatos</span> <span class='ocrx_word' id='word_1_106' title='bbox 495 1988 661 2051; x_wconf 82' lang='lat' dir='ltr'>mitterent</span> <span class='ocrx_word' id='word_1_107' title='bbox 675 1989 831 2068; x_wconf 80' lang='lat' dir='ltr'>Romam3</span> <span class='ocrx_word' id='word_1_108' title='bbox 848 1987 1001 2051; x_wconf 85' lang='lat' dir='ltr'>deteriori</span> <span class='ocrx_word' id='word_1_109' title='bbox 1016 2011 1144 2079; x_wconf 85' lang='lat' dir='ltr'>semper</span> 
     </span>
     <span class='ocr_line' id='line_1_14' title="bbox 73 2088 1146 2176; baseline 0.003 -24"><span class='ocrx_word' id='word_1_110' title='bbox 73 2088 251 2153; x_wconf 84' lang='lat' dir='ltr'>Poenorum</span> <span class='ocrx_word' id='word_1_111' title='bbox 268 2088 458 2153; x_wconf 86' lang='lat' dir='ltr'>conditione</span> <span class='ocrx_word' id='word_1_112' title='bbox 472 2110 600 2176; x_wconf 88' lang='lat' dir='ltr'>:neque</span> <span class='ocrx_word' id='word_1_113' title='bbox 616 2088 755 2153; x_wconf 90' lang='lat' dir='ltr'>dubium</span> <span class='ocrx_word' id='word_1_114' title='bbox 765 2105 851 2168; x_wconf 89' lang='lat' dir='ltr'>erat,</span> <span class='ocrx_word' id='word_1_115' title='bbox 869 2090 949 2176; x_wconf 90' lang='lat' dir='ltr'>quin</span> <span class='ocrx_word' id='word_1_116' title='bbox 968 2112 1062 2155; x_wconf 89' lang='lat' dir='ltr'>causa</span> <span class='ocrx_word' id='word_1_117' title='bbox 1077 2092 1146 2155; x_wconf 86' lang='lat' dir='ltr'>vin·</span> 
     </span>
     <span class='ocr_line' id='line_1_15' title="bbox 74 2188 1147 2278; baseline 0.003 -25"><span class='ocrx_word' id='word_1_118' title='bbox 74 2206 206 2271; x_wconf 81' lang='lat' dir='ltr'>cerent;</span> <span class='ocrx_word' id='word_1_119' title='bbox 224 2212 301 2252; x_wconf 88' lang='lat' dir='ltr'>nam</span> <span class='ocrx_word' id='word_1_120' title='bbox 318 2205 351 2253; x_wconf 88' lang='lat' dir='ltr'>et</span> <span class='ocrx_word' id='word_1_121' title='bbox 365 2188 549 2269; x_wconf 83' lang='lat' dir='ltr'>Masinissa,</span> <span class='ocrx_word' id='word_1_122' title='bbox 567 2211 670 2277; x_wconf 90' lang='lat' dir='ltr'>quum</span> <span class='ocrx_word' id='word_1_123' title='bbox 680 2191 774 2253; x_wconf 86' lang='lat' dir='ltr'>¹annis</span> <span class='ocrx_word' id='word_1_124' title='bbox 792 2190 915 2277; x_wconf 86' lang='lat' dir='ltr'>aliquot</span> <span class='ocrx_word' id='word_1_125' title='bbox 930 2206 1022 2254; x_wconf 89' lang='lat' dir='ltr'>antea</span> <span class='ocrx_word' id='word_1_126' title='bbox 1040 2213 1147 2278; x_wconf 89' lang='lat' dir='ltr'>perse·</span> 
     </span>
     <span class='ocr_line' id='line_1_16' title="bbox 74 2290 1145 2382; baseline 0.003 -28"><span class='ocrx_word' id='word_1_127' title='bbox 74 2306 232 2377; x_wconf 77' lang='lat' dir='ltr'>queretur</span> <span class='ocrx_word' id='word_1_128' title='bbox 246 2290 486 2382; x_wconf 79' lang='lat' dir='ltr'>Aphtheratum</span> <span class='ocrx_word' id='word_1_129' title='bbox 511 2290 703 2379; x_wconf 83' lang='lat' dir='ltr'>quemdam,</span> <span class='ocrx_word' id='word_1_130' title='bbox 724 2293 781 2379; x_wconf 92' lang='lat' dir='ltr'>qui</span> <span class='ocrx_word' id='word_1_131' title='bbox 803 2316 822 2355; x_wconf 90' lang='lat' dir='ltr'>a</span> <span class='ocrx_word' id='word_1_132' title='bbox 849 2314 924 2380; x_wconf 86' lang='lat' dir='ltr'>rege</span> <span class='ocrx_word' id='word_1_133' title='bbox 951 2291 1145 2377; x_wconf 85' lang='lat' dir='ltr'>desciverat,</span> 
     </span>
     <span class='ocr_line' id='line_1_17' title="bbox 75 2392 1145 2482; baseline 0.005 -29"><span class='ocrx_word' id='word_1_134' title='bbox 75 2392 215 2455; x_wconf 88' lang='lat' dir='ltr'>transitu</span> <span class='ocrx_word' id='word_1_135' title='bbox 225 2414 285 2480; x_wconf 86' lang='lat' dir='ltr'>per</span> <span class='ocrx_word' id='word_1_136' title='bbox 296 2393 463 2482; x_wconf 85' lang='lat' dir='ltr'>regionem</span> <span class='ocrx_word' id='word_1_137' title='bbox 475 2392 586 2472; x_wconf 90' lang='lat' dir='ltr'>istam,</span> <span class='ocrx_word' id='word_1_138' title='bbox 596 2410 634 2455; x_wconf 85' lang='lat' dir='ltr'>ut</span> <span class='ocrx_word' id='word_1_139' title='bbox 645 2392 800 2474; x_wconf 87' lang='lat' dir='ltr'>alienam,</span> <span class='ocrx_word' id='word_1_140' title='bbox 811 2394 955 2481; x_wconf 86' lang='lat' dir='ltr'>precario</span> <span class='ocrx_word' id='word_1_141' title='bbox 967 2396 1145 2480; x_wconf 88' lang='lat' dir='ltr'>postulato,</span> 
     </span>
     <span class='ocr_line' id='line_1_18' title="bbox 74 2490 1145 2583; baseline 0.006 -30"><span class='ocrx_word' id='word_1_142' title='bbox 74 2490 210 2569; x_wconf 86' lang='lat' dir='ltr'>deinde,</span> <span class='ocrx_word' id='word_1_143' title='bbox 224 2492 303 2579; x_wconf 85' lang='lat' dir='ltr'>quia</span> <span class='ocrx_word' id='word_1_144' title='bbox 314 2492 502 2583; x_wconf 84' lang='lat' dir='ltr'>negabatur,</span> <span class='ocrx_word' id='word_1_145' title='bbox 515 2494 635 2558; x_wconf 89' lang='lat' dir='ltr'>omisso</span> <span class='ocrx_word' id='word_1_146' title='bbox 646 2540 655 2575; x_wconf 84' lang='lat'>,</span> <span class='ocrx_word' id='word_1_147' title='bbox 665 2494 981 2583; x_wconf 83' lang='lat' dir='ltr'>Carthaginiensium</span> <span class='ocrx_word' id='word_1_148' title='bbox 991 2495 1044 2575; x_wconf 86' lang='lat' dir='ltr'>jus</span> <span class='ocrx_word' id='word_1_149' title='bbox 1059 2494 1145 2559; x_wconf 87' lang='lat' dir='ltr'>affir-</span> 
     </span>
     <span class='ocr_line' id='line_1_19' title="bbox 75 2607 229 2656; baseline 0 0"><span class='ocrx_word' id='word_1_150' title='bbox 75 2607 229 2656; x_wconf 69' lang='lat' dir='ltr'>manerat</span> 
     </span>
    </p>

    <p class='ocr_par' dir='ltr' id='par_1_3' title="bbox 61 2692 1148 4298">
     <span class='ocr_line' id='line_1_20' title="bbox 119 2692 1144 2784; baseline 0.003 -27"><span class='ocrx_word' id='word_1_151' title='bbox 119 2694 195 2759; x_wconf 89' lang='lat' dir='ltr'>XX.</span> <span class='ocrx_word' id='word_1_152' title='bbox 218 2692 284 2758; x_wconf 88' lang='lat' dir='ltr'>Sed</span> <span class='ocrx_word' id='word_1_153' title='bbox 300 2709 488 2757; x_wconf 85' lang='lat' dir='ltr'>senatorum</span> <span class='ocrx_word' id='word_1_154' title='bbox 507 2695 654 2783; x_wconf 85' lang='lat' dir='ltr'>plerique</span> <span class='ocrx_word' id='word_1_155' title='bbox 672 2697 772 2784; x_wconf 89' lang='lat' dir='ltr'>magis</span> <span class='ocrx_word' id='word_1_156' title='bbox 794 2694 835 2759; x_wconf 89' lang='lat' dir='ltr'>ad</span> <span class='ocrx_word' id='word_1_157' title='bbox 851 2695 959 2774; x_wconf 87' lang='lat' dir='ltr'>utilia,</span> <span class='ocrx_word' id='word_1_158' title='bbox 981 2718 1079 2784; x_wconf 89' lang='lat' dir='ltr'>quarn</span> <span class='ocrx_word' id='word_1_159' title='bbox 1103 2697 1144 2760; x_wconf 90' lang='lat' dir='ltr'>ad</span> 
     </span>
     <span class='ocr_line' id='line_1_21' title="bbox 70 2795 1145 2884; baseline 0.001 -25"><span class='ocrx_word' id='word_1_160' title='bbox 70 2796 159 2875; x_wconf 81' lang='lat' dir='ltr'>justa</span> <span class='ocrx_word' id='word_1_161' title='bbox 182 2795 410 2882; x_wconf 84' lang='lat' dir='ltr'>respicientes,</span> <span class='ocrx_word' id='word_1_162' title='bbox 435 2797 503 2884; x_wconf 86' lang='lat' dir='ltr'>regi</span> <span class='ocrx_word' id='word_1_163' title='bbox 527 2795 805 2884; x_wconf 84' lang='lat' dir='ltr'>gratificabantur,</span> <span class='ocrx_word' id='word_1_164' title='bbox 829 2795 910 2859; x_wconf 89' lang='lat' dir='ltr'>adeo</span> <span class='ocrx_word' id='word_1_165' title='bbox 933 2819 1009 2858; x_wconf 90' lang='lat' dir='ltr'>cum</span> <span class='ocrx_word' id='word_1_166' title='bbox 1034 2813 1145 2883; x_wconf 88' lang='lat' dir='ltr'>aperta</span> 
     </span>
     <span class='ocr_line' id='line_1_22' title="bbox 73 2894 1143 2979; baseline -0.005 -18"><span class='ocrx_word' id='word_1_167' title='bbox 73 2897 256 2961; x_wconf 77' lang='lat' dir='ltr'>Poenorum</span> <span class='ocrx_word' id='word_1_168' title='bbox 272 2895 400 2976; x_wconf 87' lang='lat' dir='ltr'>injuria,</span> <span class='ocrx_word' id='word_1_169' title='bbox 416 2912 530 2959; x_wconf 91' lang='lat' dir='ltr'>utnon</span> <span class='ocrx_word' id='word_1_170' title='bbox 544 2895 643 2960; x_wconf 92' lang='lat' dir='ltr'>modo</span> <span class='ocrx_word' id='word_1_171' title='bbox 657 2895 812 2974; x_wconf 87' lang='lat' dir='ltr'>urbibus,</span> <span class='ocrx_word' id='word_1_172' title='bbox 823 2894 864 2957; x_wconf 89' lang='lat' dir='ltr'>de</span> <span class='ocrx_word' id='word_1_173' title='bbox 876 2895 995 2979; x_wconf 88' lang='lat' dir='ltr'>quibus</span> <span class='ocrx_word' id='word_1_174' title='bbox 1012 2911 1143 2957; x_wconf 88' lang='lat' dir='ltr'>contro-</span> 
     </span>
     <span class='ocr_line' id='line_1_23' title="bbox 73 2994 1145 3083; baseline 0 -26"><span class='ocrx_word' id='word_1_175' title='bbox 73 2996 215 3060; x_wconf 78' lang='lat' dir='ltr'>versiam</span> <span class='ocrx_word' id='word_1_176' title='bbox 232 2995 397 3059; x_wconf 82' lang='lat' dir='ltr'>Masinissa</span> <span class='ocrx_word' id='word_1_177' title='bbox 413 3012 575 3076; x_wconf 87' lang='lat' dir='ltr'>moverat,</span> <span class='ocrx_word' id='word_1_178' title='bbox 586 2995 685 3083; x_wconf 84' lang='lat' dir='ltr'>exigi,</span> <span class='ocrx_word' id='word_1_179' title='bbox 701 2994 758 3058; x_wconf 90' lang='lat' dir='ltr'>sed</span> <span class='ocrx_word' id='word_1_180' title='bbox 775 3010 808 3057; x_wconf 88' lang='lat' dir='ltr'>et</span> <span class='ocrx_word' id='word_1_181' title='bbox 820 2994 996 3081; x_wconf 84' lang='lat' dir='ltr'>quingenta</span> <span class='ocrx_word' id='word_1_182' title='bbox 1011 2994 1145 3082; x_wconf 88' lang='lat' dir='ltr'>insuper</span> 
     </span>
     <span class='ocr_line' id='line_1_24' title="bbox 74 3093 1147 3183; baseline 0 -24"><span class='ocrx_word' id='word_1_183' title='bbox 74 3096 207 3177; x_wconf 83' lang='lat' dir='ltr'>talenta,</span> <span class='ocrx_word' id='word_1_184' title='bbox 215 3094 382 3159; x_wconf 67' lang='lat' dir='ltr'>fluctuum</span> <span class='ocrx_word' id='word_1_185' title='bbox 393 3112 621 3183; x_wconf 87' lang='lat' dir='ltr'>perceptorum</span> <span class='ocrx_word' id='word_1_186' title='bbox 630 3095 873 3181; x_wconf 89' lang='lat' dir='ltr'>nomine,quasi</span> <span class='ocrx_word' id='word_1_187' title='bbox 887 3095 976 3157; x_wconf 88' lang='lat' dir='ltr'>malae</span> <span class='ocrx_word' id='word_1_188' title='bbox 988 3093 1061 3157; x_wconf 85' lang='lat' dir='ltr'>fidei</span> <span class='ocrx_word' id='word_1_189' title='bbox 1074 3117 1147 3183; x_wconf 90' lang='lat' dir='ltr'>pos·</span> 
     </span>
     <span class='ocr_line' id='line_1_25' title="bbox 73 3194 1145 3286; baseline 0 -27"><span class='ocrx_word' id='word_1_190' title='bbox 73 3217 236 3277; x_wconf 81' lang='lat' dir='ltr'>sessores,</span> <span class='ocrx_word' id='word_1_191' title='bbox 254 3194 397 3282; x_wconf 89' lang='lat' dir='ltr'>pendere</span> <span class='ocrx_word' id='word_1_192' title='bbox 419 3213 618 3283; x_wconf 90' lang='lat' dir='ltr'>paterentur.</span> <span class='ocrx_word' id='word_1_193' title='bbox 639 3197 770 3284; x_wconf 88' lang='lat' dir='ltr'>Quippe</span> <span class='ocrx_word' id='word_1_194' title='bbox 788 3195 951 3258; x_wconf 86' lang='lat' dir='ltr'>decretam</span> <span class='ocrx_word' id='word_1_195' title='bbox 969 3218 988 3259; x_wconf 92' lang='lat' dir='ltr'>a</span> <span class='ocrx_word' id='word_1_196' title='bbox 1004 3218 1037 3259; x_wconf 86' lang='lat' dir='ltr'>se</span> <span class='ocrx_word' id='word_1_197' title='bbox 1059 3196 1145 3286; x_wconf 89' lang='lat' dir='ltr'>lega·</span> 
     </span>
     <span class='ocr_line' id='line_1_26' title="bbox 74 3295 1143 3412; baseline 0.006 -54"><span class='ocrx_word' id='word_1_198' title='bbox 74 3296 202 3359; x_wconf 84' lang='lat' dir='ltr'>tionem</span> <span class='ocrx_word' id='word_1_199' title='bbox 224 3295 350 3359; x_wconf 79' lang='lat' dir='ltr'>tamdiu</span> <span class='ocrx_word' id='word_1_200' title='bbox 366 3296 575 3378; x_wconf 87' lang='lat' dir='ltr'>distulerant,</span> <span class='ocrx_word' id='word_1_201' title='bbox 593 3297 697 3361; x_wconf 92' lang='lat' dir='ltr'>donec</span> <span class='ocrx_word' id='word_1_202' title='bbox 714 3296 800 3386; x_wconf 88' lang='lat' dir='ltr'>adigi</span> <span class='ocrx_word' id='word_1_203' title='bbox 823 3319 932 3386; x_wconf 89' lang='lat' dir='ltr'>arege</span> <span class='ocrx_word' id='word_1_204' title='bbox 953 3297 994 3361; x_wconf 91' lang='lat' dir='ltr'>ad</span> <span class='ocrx_word' id='word_1_205' title='bbox 1016 3298 1143 3412; x_wconf 79' lang='lat' dir='ltr'>iniquas</span> 
     </span>
     <span class='ocr_line' id='line_1_27' title="bbox 73 3397 1144 3485; baseline 0.003 -25"><span class='ocrx_word' id='word_1_206' title='bbox 73 3397 243 3485; x_wconf 79' lang='lat' dir='ltr'>pactiones</span> <span class='ocrx_word' id='word_1_207' title='bbox 266 3414 422 3485; x_wconf 85' lang='lat' dir='ltr'>possent:</span> <span class='ocrx_word' id='word_1_208' title='bbox 442 3413 512 3461; x_wconf 88' lang='lat' dir='ltr'>tum</span> <span class='ocrx_word' id='word_1_209' title='bbox 529 3398 662 3461; x_wconf 91' lang='lat' dir='ltr'>demum</span> <span class='ocrx_word' id='word_1_210' title='bbox 687 3421 705 3461; x_wconf 89' lang='lat' dir='ltr'>a</span> <span class='ocrx_word' id='word_1_211' title='bbox 727 3399 831 3461; x_wconf 83' lang='lat' dir='ltr'>lloma</span> <span class='ocrx_word' id='word_1_212' title='bbox 853 3398 965 3485; x_wconf 90' lang='lat' dir='ltr'>legati,</span> <span class='ocrx_word' id='word_1_213' title='bbox 983 3415 1015 3461; x_wconf 87' lang='lat' dir='ltr'>et</span> <span class='ocrx_word' id='word_1_214' title='bbox 1035 3399 1069 3462; x_wconf 90' lang='lat' dir='ltr'>in</span> <span class='ocrx_word' id='word_1_215' title='bbox 1093 3399 1144 3463; x_wconf 81' lang='lat' dir='ltr'>his</span> 
     </span>
     <span class='ocr_line' id='line_1_28' title="bbox 73 3497 1143 3586; baseline 0.002 -25"><span class='ocrx_word' id='word_1_216' title='bbox 73 3498 123 3561; x_wconf 90' lang='lat' dir='ltr'>M.</span> <span class='ocrx_word' id='word_1_217' title='bbox 145 3499 245 3579; x_wconf 82' lang='lat' dir='ltr'>Cato,</span> <span class='ocrx_word' id='word_1_218' title='bbox 260 3517 431 3564; x_wconf 80' lang='lat' dir='ltr'>venerunt.</span> <span class='ocrx_word' id='word_1_219' title='bbox 449 3500 506 3564; x_wconf 89' lang='lat' dir='ltr'>His</span> <span class='ocrx_word' id='word_1_220' title='bbox 523 3501 689 3564; x_wconf 84' lang='lat' dir='ltr'>Masinissa</span> <span class='ocrx_word' id='word_1_221' title='bbox 706 3497 837 3586; x_wconf 89' lang='lat' dir='ltr'>quidem</span> <span class='ocrx_word' id='word_1_222' title='bbox 855 3499 1025 3561; x_wconf 88' lang='lat' dir='ltr'>arbitrium</span> <span class='ocrx_word' id='word_1_223' title='bbox 1042 3499 1143 3563; x_wconf 85' lang='lat' dir='ltr'>totius</span> 
     </span>
     <span class='ocr_line' id='line_1_29' title="bbox 74 3568 1143 3709; baseline 0.005 -50"><span class='ocrx_word' id='word_1_224' title='bbox 74 3596 201 3709; x_wconf 81' lang='lat' dir='ltr'>negotii</span> <span class='ocrx_word' id='word_1_225' title='bbox 216 3599 309 3663; x_wconf 76' lang='lat' dir='ltr'>facile</span> <span class='ocrx_word' id='word_1_226' title='bbox 321 3616 529 3686; x_wconf 75' lang='lat' dir='ltr'>permittere</span> <span class='ocrx_word' id='word_1_227' title='bbox 542 3568 632 3663; x_wconf 86' lang='lat' dir='ltr'>Poeni</span> <span class='ocrx_word' id='word_1_228' title='bbox 640 3599 755 3686; x_wconf 91' lang='lat' dir='ltr'>,quod</span> <span class='ocrx_word' id='word_1_229' title='bbox 768 3598 982 3686; x_wconf 86' lang='lat' dir='ltr'>desperabant</span> <span class='ocrx_word' id='word_1_230' title='bbox 998 3622 1093 3685; x_wconf 88' lang='lat' dir='ltr'>aequo</span> <span class='ocrx_word' id='word_1_231' title='bbox 1108 3622 1143 3664; x_wconf 91' lang='lat' dir='ltr'>se</span> 
     </span>
     <span class='ocr_line' id='line_1_30' title="bbox 68 3698 1148 3790; baseline 0.003 -29"><span class='ocrx_word' id='word_1_232' title='bbox 68 3698 149 3779; x_wconf 82' lang='lat' dir='ltr'>jure</span> <span class='ocrx_word' id='word_1_233' title='bbox 159 3719 279 3764; x_wconf 87' lang='lat' dir='ltr'>usuros</span> <span class='ocrx_word' id='word_1_234' title='bbox 286 3723 443 3790; x_wconf 88' lang='lat' dir='ltr'>„negare</span> <span class='ocrx_word' id='word_1_235' title='bbox 457 3701 524 3765; x_wconf 89' lang='lat' dir='ltr'>ullo</span> <span class='ocrx_word' id='word_1_236' title='bbox 535 3723 613 3765; x_wconf 82' lang='lat' dir='ltr'>novo</span> <span class='ocrx_word' id='word_1_237' title='bbox 628 3701 759 3764; x_wconf 80' lang='lat' dir='ltr'>arbitrio</span> <span class='ocrx_word' id='word_1_238' title='bbox 772 3723 848 3788; x_wconf 86' lang='lat' dir='ltr'>opus</span> <span class='ocrx_word' id='word_1_239' title='bbox 864 3724 944 3763; x_wconf 85' lang='lat' dir='ltr'>esse.</span> <span class='ocrx_word' id='word_1_240' title='bbox 942 3698 1073 3787; x_wconf 82' lang='lat' dir='ltr'>·soedus</span> <span class='ocrx_word' id='word_1_241' title='bbox 1088 3702 1148 3764; x_wconf 79' lang='lat' dir='ltr'>sibi</span> 
     </span>
     <span class='ocr_line' id='line_1_31' title="bbox 70 3799 1148 3886; baseline 0.001 -25"><span class='ocrx_word' id='word_1_242' title='bbox 70 3821 149 3863; x_wconf 82' lang='lat' dir='ltr'>eum</span> <span class='ocrx_word' id='word_1_243' title='bbox 167 3820 241 3886; x_wconf 80' lang='lat' dir='ltr'>rege</span> <span class='ocrx_word' id='word_1_244' title='bbox 257 3799 372 3864; x_wconf 83' lang='lat' dir='ltr'>multos</span> <span class='ocrx_word' id='word_1_245' title='bbox 387 3817 462 3865; x_wconf 86' lang='lat' dir='ltr'>ante</span> <span class='ocrx_word' id='word_1_246' title='bbox 476 3825 578 3864; x_wconf 85' lang='lat' dir='ltr'>annos</span> <span class='ocrx_word' id='word_1_247' title='bbox 595 3812 722 3864; x_wconf 83' lang='lat' dir='ltr'>auctore</span> <span class='ocrx_word' id='word_1_248' title='bbox 737 3799 879 3885; x_wconf 80' lang='lat' dir='ltr'>Scipione</span> <span class='ocrx_word' id='word_1_249' title='bbox 892 3820 1095 3884; x_wconf 71' lang='lat' dir='ltr'>percensum:</span> <span class='ocrx_word' id='word_1_250' title='bbox 1108 3800 1148 3862; x_wconf 79' lang='lat' dir='ltr'>id</span> 
     </span>
     <span class='ocr_line' id='line_1_32' title="bbox 64 3899 1142 3992; baseline -0.006 -25"><span class='ocrx_word' id='word_1_251' title='bbox 64 3904 179 3992; x_wconf 72' lang='lat' dir='ltr'>potua</span> <span class='ocrx_word' id='word_1_252' title='bbox 187 3902 314 3991; x_wconf 82' lang='lat' dir='ltr'>pudore</span> <span class='ocrx_word' id='word_1_253' title='bbox 334 3919 365 3967; x_wconf 81' lang='lat' dir='ltr'>et</span> <span class='ocrx_word' id='word_1_254' title='bbox 373 3901 450 3990; x_wconf 83' lang='lat' dir='ltr'>fide</span> <span class='ocrx_word' id='word_1_255' title='bbox 461 3904 727 3981; x_wconf 80' lang='lat' dir='ltr'>contrahentium,</span> <span class='ocrx_word' id='word_1_256' title='bbox 743 3925 841 3989; x_wconf 86' lang='lat' dir='ltr'>quam</span> <span class='ocrx_word' id='word_1_257' title='bbox 853 3902 1038 3963; x_wconf 81' lang='lat' dir='ltr'>correctione</span> <span class='ocrx_word' id='word_1_258' title='bbox 1055 3899 1142 3978; x_wconf 82' lang='lat' dir='ltr'>ulla,</span> 
     </span>
     <span class='ocr_line' id='line_1_33' title="bbox 68 4002 1146 4095; baseline -0.005 -27"><span class='ocrx_word' id='word_1_259' title='bbox 68 4004 227 4090; x_wconf 79' lang='lat' dir='ltr'>indigere.</span> <span class='ocrx_word' id='word_1_260' title='bbox 241 4005 368 4095; x_wconf 76' lang='lat' dir='ltr'>Legati,</span> <span class='ocrx_word' id='word_1_261' title='bbox 381 4006 470 4093; x_wconf 90' lang='lat' dir='ltr'>quod</span> <span class='ocrx_word' id='word_1_262' title='bbox 481 4006 584 4070; x_wconf 83' lang='lat' dir='ltr'>altera</span> <span class='ocrx_word' id='word_1_263' title='bbox 593 4009 736 4094; x_wconf 84' lang='lat' dir='ltr'>partium</span> <span class='ocrx_word' id='word_1_264' title='bbox 754 4005 852 4067; x_wconf 83' lang='lat' dir='ltr'>invito</span> <span class='ocrx_word' id='word_1_265' title='bbox 869 4002 951 4065; x_wconf 76' lang='lat' dir='ltr'>nitr‘l</span> <span class='ocrx_word' id='word_1_266' title='bbox 963 4026 994 4065; x_wconf 89' lang='lat' dir='ltr'>se</span> <span class='ocrx_word' id='word_1_267' title='bbox 1008 4014 1146 4066; x_wconf 84' lang='lat' dir='ltr'>statuere</span> 
     </span>
     <span class='ocr_line' id='line_1_34' title="bbox 61 4103 1144 4193; baseline -0.003 -26"><span class='ocrx_word' id='word_1_268' title='bbox 61 4126 164 4193; x_wconf 79' lang='lat' dir='ltr'>posse</span> <span class='ocrx_word' id='word_1_269' title='bbox 173 4105 400 4186; x_wconf 75' lang='lat' dir='ltr'>morabantur,</span> <span class='ocrx_word' id='word_1_270' title='bbox 410 4108 507 4173; x_wconf 90' lang='lat' dir='ltr'>rebus</span> <span class='ocrx_word' id='word_1_271' title='bbox 523 4107 572 4170; x_wconf 89' lang='lat' dir='ltr'>uti</span> <span class='ocrx_word' id='word_1_272' title='bbox 586 4122 678 4170; x_wconf 90' lang='lat' dir='ltr'>erant</span> <span class='ocrx_word' id='word_1_273' title='bbox 688 4106 805 4169; x_wconf 83' lang='lat' dir='ltr'>relictis</span> <span class='ocrx_word' id='word_1_274' title='bbox 816 4153 825 4185; x_wconf 90' lang='lat'>,</span> <span class='ocrx_word' id='word_1_275' title='bbox 835 4103 1022 4167; x_wconf 91' lang='lat' dir='ltr'>redierunt:</span> <span class='ocrx_word' id='word_1_276' title='bbox 1039 4125 1144 4189; x_wconf 90' lang='lat' dir='ltr'>neque</span> 
     </span>
     <span class='ocr_line' id='line_1_35' title="bbox 69 4203 1145 4298; baseline -0.002 -29"><span class='ocrx_word' id='word_1_277' title='bbox 69 4207 108 4270; x_wconf 90' lang='lat' dir='ltr'>in</span> <span class='ocrx_word' id='word_1_278' title='bbox 120 4227 268 4294; x_wconf 83' lang='lat' dir='ltr'>praesens</span> <span class='ocrx_word' id='word_1_279' title='bbox 281 4205 381 4271; x_wconf 88' lang='lat' dir='ltr'>modo</span> <span class='ocrx_word' id='word_1_280' title='bbox 396 4207 507 4295; x_wconf 90' lang='lat' dir='ltr'>iniqua</span> <span class='ocrx_word' id='word_1_281' title='bbox 518 4208 586 4274; x_wconf 86' lang='lat' dir='ltr'>haec</span> <span class='ocrx_word' id='word_1_282' title='bbox 602 4209 718 4298; x_wconf 83' lang='lat' dir='ltr'>legatio</span> <span class='ocrx_word' id='word_1_283' title='bbox 729 4207 835 4271; x_wconf 88' lang='lat' dir='ltr'>Poenis</span> <span class='ocrx_word' id='word_1_284' title='bbox 845 4254 853 4287; x_wconf 90' lang='lat'>,</span> <span class='ocrx_word' id='word_1_285' title='bbox 863 4203 921 4269; x_wconf 86' lang='lat' dir='ltr'>sed</span> <span class='ocrx_word' id='word_1_286' title='bbox 937 4205 1033 4268; x_wconf 89' lang='lat' dir='ltr'>etiam</span> <span class='ocrx_word' id='word_1_287' title='bbox 1048 4204 1145 4293; x_wconf 89' lang='lat' dir='ltr'>paulo</span> 
     </span>
    </p>
   </div>
   <div class='ocr_carea' id='block_1_3' title="bbox 104 4402 1146 4477">
    <p class='ocr_par' dir='ltr' id='par_1_4' title="bbox 104 4402 1146 4477">
     <span class='ocr_line' id='line_1_36' title="bbox 104 4402 1146 4477; baseline -0.025 -4"><span class='ocrx_word' id='word_1_288' title='bbox 104 4409 213 4473; x_wconf 56' lang='grc' dir='ltr'>ΠΗ·</span> <span class='ocrx_word' id='word_1_289' title='bbox 226 4410 316 4475; x_wconf 64' lang='lat' dir='ltr'>Myb</span> <span class='ocrx_word' id='word_1_290' title='bbox 328 4411 444 4477; x_wconf 67' lang='grc' dir='ltr'><strong>Ειοοφῐ</strong></span> <span class='ocrx_word' id='word_1_291' title='bbox 457 4412 539 4476; x_wconf 77' lang='lat' dir='ltr'>Legat.</span> <span class='ocrx_word' id='word_1_292' title='bbox 552 4412 610 4460; x_wconf 79' lang='lat' dir='ltr'>ut.</span> <span class='ocrx_word' id='word_1_293' title='bbox 625 4436 661 4447; x_wconf 89' lang='lat'>-</span> <span class='ocrx_word' id='word_1_294' title='bbox 677 4408 784 4474; x_wconf 75' lang='lat' dir='ltr'>Appias.</span> <span class='ocrx_word' id='word_1_295' title='bbox 800 4407 915 4454; x_wconf 83' lang='lat' dir='ltr'>lber.—</span> <span class='ocrx_word' id='word_1_296' title='bbox 933 4402 1023 4466; x_wconf 80' lang='lat' dir='ltr'>Polyb.</span> <span class='ocrx_word' id='word_1_297' title='bbox 1040 4427 1076 4440; x_wconf 94' lang='lat'>-·-</span> <span class='ocrx_word' id='word_1_298' title='bbox 1094 4403 1146 4448; x_wconf 83' lang='lat' dir='ltr'>Liv.</span> 
     </span>
    </p>
   </div>
   <div class='ocr_carea' id='block_1_4' title="bbox 68 4492 995 4644">
    <p class='ocr_par' dir='ltr' id='par_1_5' title="bbox 68 4492 995 4644">
     <span class='ocr_line' id='line_1_37' title="bbox 68 4492 867 4566; baseline -0.005 -21"><span class='ocrx_word' id='word_1_299' title='bbox 68 4492 258 4553; x_wconf 67' lang='lat' dir='ltr'>mmm</span> <span class='ocrx_word' id='word_1_300' title='bbox 864 4560 867 4566; x_wconf 26' lang='grc' dir='ltr'>Ι</span> 
     </span>
     <span class='ocr_line' id='line_1_38' title="bbox 955 4576 995 4644; baseline -0.025 0"><span class='ocrx_word' id='word_1_301' title='bbox 955 4576 995 4644; x_wconf 79' lang='lat'>3.</span> 
     </span>
    </p>
   </div>
   <div class='ocr_carea' id='block_1_5' title="bbox 0 0 1302 4980">
    <p class='ocr_par' dir='ltr' id='par_1_6' title="bbox 0 0 1302 4980">
     <span class='ocr_line' id='line_1_39' title="bbox 0 0 1302 4980; baseline 0 0"><span class='ocrx_word' id='word_1_302' title='bbox 0 0 1302 4980; x_wconf 95' lang='lat' dir='ltr'> </span> 
     </span>
    </p>
   </div>
  </div>
 </body>
</html>
