2640 5046
650 591 657 619 t

281 795 335 864 IN
364 794 480 861 LOC.
506 793 600 861 LlB.
627 795 795 863 LXXIII
825 795 1044 872 ΙΑΝΙΑΝΙὓ
1115 791 1195 866 ’683

127 930 353 994 consumeret,
370 913 547 976 exercitum
569 912 714 978 abduxit.
735 914 840 996 Hujus
865 914 1004 979 victoriae
1026 930 1115 979 tanta
1130 915 1194 979 Iuit

128 1015 253 1097 laetitia,
274 1030 312 1077 ut
333 1013 448 1078 consul
464 1013 505 1077 ab
522 1015 665 1079 exercitu
683 1016 858 1105 Imperator
877 1017 1108 1104 appellaretur3
1126 1019 1194 1081 Ilo·

128 1138 188 1180 mae
204 1139 354 1204 quoque,
372 1115 486 1204 positis
504 1117 604 1207 sagis,
619 1133 749 1181 senatus
763 1117 806 1182 ad
820 1119 973 1183 vestitum
988 1118 1116 1183 rediret.

171 1217 224 1282 LI.
242 1219 292 1282 Ne
314 1234 422 1281 tamen
443 1241 482 1281 eo
501 1218 611 1282 minus
627 1218 712 1282 varia
728 1218 803 1283 belli
818 1219 949 1282 fortuna
966 1234 1067 1299 esset,
1082 1218 1194 1283 AEser·

128 1319 181 1383 nia
208 1320 335 1383 colonia
362 1333 437 1383 'cum
468 1319 513 1384 M.
543 1319 695 1383 Marcello
721 1320 754 1382 in
780 1334 972 1409 potestatem
1001 1319 1194 1382 Samnitium

126 1420 216 1484 venit
227 1443 235 1483 τ
248 1420 438 1509 sicquidem
450 1421 572 1486 livianae
584 1421 738 1508 reliquiae.
751 1420 814 1485 Sed
826 1421 961 1484 Orosius
974 1421 1066 1484 aliter
1079 1420 1195 1485 tradit:

127 1521 251 1585 Sullam
267 1544 338 1585 cum
362 1524 479 1610 vigniti
497 1537 634 1610 quotuor
655 1523 828 1586 cohortibus
844 1523 1026 1585 AEserm'am
1049 1524 1173 1585 missum
1184 1570 1195 1602 ‚
1224 1592 1227 1598 ,

126 1625 271 1686 macerino
295 1623 394 1703 bello,
421 1638 453 1688 ct
466 1623 608 1712 plurima
629 1625 714 1688 ccede
733 1624 866 1687 bostium
876 1672 887 1705 ,
913 1624 1019 1687 urbem
1040 1625 1197 1711 sociosque

125 1726 297 1789 servavisse.
313 1724 413 1806 Sane,
430 1724 474 1805 si,
492 1723 573 1811 quid
590 1725 746 1813 scriptum
763 1748 781 1788 a
795 1725 885 1788 Lirio
904 1725 1019 1806 fuerit,
1038 1725 1196 1811 liqueret,

126 1825 167 1888 ab
179 1826 367 1890 auctoritate
380 1826 460 1889 tanti
472 1826 531 1888 viri
541 1824 714 1890 difficulter
726 1824 928 1906 recederem3
945 1847 1051 1905 nunc,
1062 1823 1196 1913 quando

127 1948 194 1989 non
214 1926 325 1990 eadem
343 1926 581 2015 negligentibus
597 1928 755 2016 excerptis
776 1925 855 1992 fides
872 1942 937 2008 est,
960 1950 1029 1991 rem
1046 1927 1196 2016 cogimur

127 2027 161 2092 in
179 2027 287 2092 medio
304 2028 497 2116 relinquere.

169 2131 238 2194 LII.
252 2129 367 2217 Neque
387 2129 474 2193 enim
496 2131 698 2219 aptissimum
719 2146 803 2194 esset
822 2144 954 2219 putare,
974 2129 1130 2192 sullanam
1145 2151 1197 2192 ex·

126 2229 326 2320 peditionem
343 2254 410 2295 non
424 2233 544 2311 justam
568 2233 704 2296 salutem
729 2230 906 2311 AEserniae,
931 2229 988 2294 sed
1006 2227 1138 2316 aliquod
1154 2227 1194 2291 ad

126 2348 255 2420 tempus
268 2333 487 2397 levamentum
499 2333 643 2396 attulisse
657 2355 665 2396 :
683 2331 755 2418 quis
771 2332 859 2395 enim
872 2347 1013 2396 servatos
1026 2353 1095 2394 esse
1111 2329 1197 2393 dicat

125 2433 290 2510 credetne,
316 2457 459 2522 quorum
482 2433 522 2497 od
547 2434 672 2521 aliquot
694 2435 778 2498 I'orte
800 2433 886 2510 dies,
910 2448 997 2497 certe
1022 2455 1089 2496 non
1110 2431 1196 2496 ultra

125 2557 231 2597 unum
245 2550 301 2598 aut
315 2536 452 2599 alterum
472 2558 636 2617 mensem,
654 2533 751 2599 dilata
768 2534 889 2599 deditio
905 2533 1010 2598 esset?
1028 2533 1091 2598 Sed
1108 2533 1196 2621 apud

125 2638 189 2703 hoc
201 2663 304 2729 genus
316 2641 488 2727 scriptores
501 2657 565 2703 tam
579 2628 693 2703 crebra
707 2654 756 2702 est
766 2636 956 2718 hujusmodi
968 2636 1195 2709 hallucinatio,

125 2755 164 2801 ut
185 2740 361 2804 cautissimi
384 2740 507 2827 quique
525 2741 661 2804 lectores
678 2739 731 2802 vit
752 2739 931 2828 effugiant,
953 2738 1032 2825 quin
1054 2736 1194 2801 subinde

125 2839 292 2903 offendere
307 2856 339 2903 et
356 2839 573 2903 adhaerescere
589 2854 749 2928 cogantur
768 2862 775 2902 :
796 2860 903 2926 neque
923 2860 956 2901 se
974 2838 1116 2925 possint,
1134 2837 1195 2901 nisi

125 2941 256 3004 aliunde
275 2942 359 3004 forte
374 2940 550 3022 sublevati,
569 2940 610 3004 de
624 2940 761 3004 confusa
775 2955 808 3003 et
823 2937 988 3002 temeraria
1004 2961 1129 3018 rerum,
1144 2937 1195 3001 in·

126 3042 255 3106 terdum
275 3060 307 3106 et
324 3058 490 3131 pugnante
512 3033 622 3105 secum
640 3040 811 3129 congerie,
831 3039 996 3102 extricare.

169 3145 264 3228 LIII.
276 3144 350 3207 Istis
367 3142 499 3231 quidem
519 3142 721 3230 temporibus
737 3140 929 3207 AEserninos
949 3138 1070 3228 duplici
1090 3141 1193 3222 fossa,

124 3244 273 3333 valloque
293 3243 528 3325 circumdatos,
552 3245 718 3307 frumento
741 3241 858 3329 adeso,
880 3238 971 3327 quod
995 3262 1034 3302 ex
1054 3240 1138 3329 agris
1159 3243 1194 3306 in

125 3346 283 3434 oppidum
301 3362 540 3436 comportatum
561 3346 685 3425 fuerat,
709 3343 750 3407 ad
776 3359 957 3407 extremum
978 3342 1113 3430 periculi
1135 3366 1192 3406 ve·

126 3448 210 3511 nisse
227 3464 352 3511 certum
375 3464 433 3512 est.
459 3446 554 3512 Unde
573 3448 652 3510 mihi
672 3445 848 3534 probabilis
870 3444 1056 3523 conjectura
1069 3446 1204 3527 oritur,

123 3565 258 3637 propter
283 3551 426 3638 inopiam
448 3565 708 3629 commeatuum,
731 3549 829 3636 paulo
849 3565 924 3635 post
945 3569 1021 3610 cum
1040 3547 1085 3611 M.
1105 3547 1192 3610 Mar·

124 3649 204 3712 cello
217 3649 377 3733 deditam,
392 3666 488 3738 atque
501 3648 577 3714 inde
591 3672 775 3738 cognomen
788 3651 950 3712 AEscrru'ni
961 3649 1039 3712 huic
1052 3648 1193 3713 inditum

124 3773 193 3815 esse
213 3772 221 3813 :
240 3773 341 3836 quum
356 3751 422 3830 jam
440 3775 507 3815 non
523 3775 562 3815 ex
576 3751 672 3815 bonis
691 3768 818 3815 tantum
839 3751 954 3831 rebus,
972 3749 1029 3814 sed
1043 3751 1139 3815 etiam
1153 3774 1203 3821 ex,

123 3850 283 3930 adversis,
315 3851 496 3940 inciperent
529 3853 653 3941 imponi
671 3877 679 3934 ;
713 3851 991 3940 quemadmodum
1026 3852 1192 3940 aliquanto

123 3970 235 4042 postea
252 3953 297 4016 M.
310 3954 491 4034 Antonius,
504 3977 569 4018 orae
586 3953 1036 4023 maritimaedissolutissimus
1048 3969 1191 4034 curator,

123 4070 378 4142 cognomentum
398 4055 515 4119 Cretici
535 4056 619 4119 tulit.
1002 4048 1003 4052 ¹

167 4155 248 4220 LIV.
269 4156 361 4219 Hanc
380 4155 500 4220 deinde
518 4174 679 4247 receptam
695 4180 714 4221 a
734 4158 869 4225 consule
888 4157 974 4221 Sulla
993 4144 1108 4221 urbem
1124 4157 1192 4221 exi-

122 4257 237 4321 stimo:
255 4281 331 4322 sane
347 4259 381 4322 iu
399 4275 558 4347 potestate
571 4261 727 4325 Italorum
740 4261 857 4343 fuisse,
872 4259 1080 4326 indubitabili
1094 4284 1192 4350 argu·

157 4460 171 4524 S
194 4465 221 4511 t.
238 4467 311 4514 Oros.
321 4467 353 4527 V,
368 4469 408 4515 18.
428 4494 463 4504 -
479 4468 531 4515 Lis.
551 4469 618 4535 llpit.
636 4497 670 4506 -
690 4468 707 4534 S
727 4472 793 4520 LIII.
812 4471 914 4520 smum
928 4471 994 4536 apud
1013 4470 1122 4521 Nonium
1136 4486 1192 4518 voc.

122 4545 238 4595 Aderam.
