2594 4980
109 717 181 806 ¹bra
279 720 348 788 JO.
374 710 725 792 FREINSHEMII¹
743 721 988 792 SUPPLEM.

111 874 125 900 ι
142 843 349 925 memoriam,
366 845 530 932 patrisque
548 845 691 933 Micipsae
713 868 818 934 nuper
837 842 1068 909 amicissimum
1083 842 1179 910 vobis

110 973 125 1001 ι
144 966 281 1024 nomen,
296 968 354 1008 oro
379 945 623 1033 obstestorque,
637 962 675 1011 ut
699 946 832 1027 injurias
854 968 940 1011 meas
960 968 1180 1034 meorumque

109 1074 124 1100 ι
138 1045 307 1110 vindicetis
325 1070 332 1109 :
348 1047 391 1109 ita
407 1063 566 1135 perpetuo
583 1046 758 1130 florentes,
776 1048 927 1113 aemfflam
946 1046 1006 1110 diis
1029 1046 1179 1112 obtinea-

111 1177 125 1202 ιι
140 1146 181 1209 tis
201 1147 479 1236 magnitudinem,
502 1165 540 1211 ut
564 1171 692 1240 semper
715 1150 866 1240 perfugio
884 1149 997 1238 inique
1016 1149 1179 1237 oppressis

109 1277 123 1303 ι
144 1269 213 1312 esse
229 1249 357 1336 possitis
376 1250 548 1327 omnibus,
573 1253 634 1340 ipsi
658 1253 778 1318 nrtllins
801 1251 921 1316 auxilio
944 1251 1074 1341 egeatis.
1092 1282 1105 1308 ι
1127 1251 1179 1317 nd

108 1346 179 1411 haec
192 1349 285 1437 legati
307 1350 473 1438 lngurtbae
496 1353 605 1439 paucis
627 1351 888 1442 responderunt:
903 1351 1112 1442 Hzenqrsalem
1129 1353 1180 1417 in·

95 1449 193 1538 jussu
220 1451 303 1538 ejus,
332 1452 370 1515 ob
397 1455 549 1517 saevitiam
577 1477 686 1535 suam,
710 1454 752 1519 ab
782 1454 931 1520 anidts
958 1451 1180 1542 intersectum

106 1550 323 1615 Adherbalem
345 1552 428 1616 ultro
451 1555 566 1618 bellum
591 1553 791 1644 abferentcm,
817 1553 896 1619 bello
917 1552 1075 1644 repulsum
1096 1575 1178 1633 etse,

108 1653 196 1740 quod
199 1652 276 1741 jure
290 1656 432 1737 geno‘um
445 1654 546 1720 b'ceat.

152 1752 256 1818 XVll.
280 1755 480 1819 Numantitw
501 1756 582 1821 bello
602 1760 763 1846 cognitam
780 1756 952 1845 Iugurthae
970 1759 1118 1821 virtutem
1138 1776 1180 1820 ac

104 1850 204 1933 fidem
230 1879 311 1935 esse,-
333 1880 431 1945 neque
455 1857 556 1921 ullum
578 1859 719 1923 exuendi
739 1883 777 1923 ea
804 1873 835 1923 ct
856 1857 1003 1923 enatandi
1021 1858 1181 1946 pronum:

102 1971 207 2044 petere
219 1960 329 2042 igitur,
342 1960 483 2023 cumdem
495 1960 760 2048 adlucputcrcnt
766 1961 876 2026 Patres
887 1961 1071 2049 conscripti,
1083 1979 1187 2047 neque·

102 2057 179 2144 plus
192 2059 292 2122 verbis
310 2062 444 2140 tbtiru'ci,
464 2058 674 2148 quamsactis
687 2065 750 2127 suls
769 2061 937 2126 crederent.
954 2060 1013 2126 His
1031 2061 1118 2124 ultru
1132 2058 1179 2123 ci·

108 2173 227 2245 troque
244 2161 354 2242 dietis,
374 2185 476 2249 quum
497 2162 586 2225 curia
604 2163 723 2252 egressi
739 2162 871 2252 utrique
887 2178 1015 2242 essent,
1031 2161 1128 2251 longa
1144 2159 1185 2244 in¹

108 2278 224 2324 senatu
240 2260 429 2350 disceptatio
445 2264 566 2327 tenuit:
582 2286 698 2353 magna
711 2287 784 2354 pars
799 2279 931 2329 senatus
944 2263 1050 2353 palum
1064 2263 1182 2352 Iugum

107 2360 172 2425 tbae
199 2381 285 2446 erat,
302 2382 335 2429 et
361 2365 402 2429 ad
428 2366 576 2431 eamdem
606 2389 736 2436 causam
763 2366 966 2455 propinquos
992 2364 1181 2452 amicosque

108 2464 208 2550 gratia
236 2468 462 2553 pertrahebat:
493 2467 582 2549 aliis,
610 2490 670 2532 nec
698 2465 938 2534 contemnenda
967 2465 1178 2542 auctoritate,

107 2566 224 2631 acriter
240 2570 515 2657 repugnantibus,
533 2568 591 2658 qui
606 2567 649 2634 de
661 2566 857 2636 vindicanda
873 2567 1065 2655 Hiempsalis
1079 2587 1180 2647 nece,

107 2668 296 2732 reducendo
319 2671 517 2752 Adherbale,
539 2670 646 2761 deque
661 2693 756 2760 poenu
775 2669 943 2761 Jugunhae
959 2691 1084 2736 severas
1103 2689 1179 2733 sen·

108 2770 223 2832 tontias
236 2770 397 2837 dicebant.

153 2871 273 2936 XVlll.
299 2874 367 2936 Prae
393 2874 513 2936 caeteris
537 2874 583 2937 Μ.
602 2872 754 2940 AEmllius
775 2875 934 2956 Scaurus,
948 2873 1006 2963 qui
1025 2872 1179 2952 jamtum

108 2971 285 3059 plurimum
302 2976 336 3037 in
351 2992 466 3038 senatu
483 2973 632 3041 facundia
649 2991 683 3039 et
697 2976 888 3041 auctoritate
902 2990 1046 3065 poterat,
1061 3003 1074 3028 a
1090 2973 1180 3036 Ion·

108 3103 121 3127 α
138 3098 210 3161 garn
228 3077 340 3156 nobis,
357 3078 481 3163 inquit,
497 3092 528 3138 et
541 3076 729 3165 ambiguam
746 3076 1012 3164 disceptationem
1030 3096 1097 3137 non
1112 3088 1179 3136 tam

108 3207 121 3231 a
139 3175 313 3241 difficultas
332 3201 454 3257 causae,
470 3178 705 3267 Jugurthaeque
729 3177 871 3258 facinus,
890 3175 947 3241 sed
970 3191 1081 3241 nostra
1102 3172 1180 3237 vitia

109 3312 122 3337 a
137 3281 278 3355 faciunt,
292 3282 402 3344 Patres
415 3279 599 3366 conscripti.
614 3278 726 3344 Scelus
739 3300 843 3367 perse
858 3293 967 3360 atrox,
982 3277 1015 3340 in
1030 3298 1092 3340 nos
1105 3297 1182 3339 con·

107 3413 120 3438 «ι
138 3382 366 3461 tumeliosum,
383 3381 471 3443 socio
490 3397 521 3443 et
538 3381 643 3445 amico
659 3395 773 3444 nostro
795 3401 870 3468 rege
889 3378 991 3442 altero
1005 3377 1119 3467 pulso,
1132 3374 1179 3439 al·

107 3513 120 3538 «ι
136 3499 207 3546 tero
225 3484 321 3547 etiam
338 3484 462 3561 occiso,
487 3505 641 3546 essenon
666 3479 854 3563 dubitatum
869 3477 960 3567 quod
983 3500 1092 3567 neque
1110 3476 1181 3541 sine

107 3615 121 3641 ιι
137 3581 230 3671 eulpa
255 3601 363 3654 nostra
388 3584 537 3666 defendi,
563 3605 624 3648 nec
649 3582 719 3647 sine
751 3579 956 3670 turpitudine
984 3577 1181 3644 dissimulari

107 3719 121 3743 e
137 3686 257 3773 possit:
279 3703 312 3749 et
334 3686 442 3750 adhuc
465 3687 707 3768 consultamus,
725 3682 803 3748 idne
827 3681 984 3748 vindicari
1004 3677 1180 3770 oporteat?

108 3818 122 3845 α
139 3789 337 3857 Censeamus
354 3811 431 3877 ergo
450 3789 523 3870 jure
544 3783 1047 3874 cesos,quinonpraevene1int
1069 3779 1179 3847 inimi·

108 3919 122 3961 e
137 3911 212 3951 cum
225 3911 233 3952 ε
247 3888 493 3953 introducamus
510 3890 595 3952 hanc
605 3889 640 3952 in
654 3887 820 3951 sociorum
832 3885 958 3950 animos
971 3884 1179 3973 opinionem,

108 4018 122 4045 «ι
137 4005 175 4054 ut
197 3990 343 4059 maximis
366 3991 542 4056 sceleribus
562 3987 804 4078 potentissimos
826 3987 860 4050 in
883 3987 948 4051 boc
964 3984 1104 4051 concilio
1121 3983 1179 4049 de·

108 4121 122 4146 a
140 4091 283 4156 sensores
305 4109 431 4181 paratos
445 4116 515 4157 esse
528 4105 664 4180 putent:
683 4088 764 4153 nihil
782 4089 921 4177 amplius
938 4087 973 4150 in
988 4109 1047 4152 sua
1066 4085 1180 4175 probi-

107 4207 217 4272 «tate,
238 4193 320 4258 nihil
342 4195 375 4257 in
400 4193 463 4257 fide
489 4208 599 4257 nostra
621 4191 808 4257 existiment
828 4186 1180 4281 repositum3audncitt¹

108 4320 122 4349 ι
136 4289 242 4374 dorni,
260 4295 348 4381 apud
363 4318 422 4359 nos
439 4293 578 4382 pecunia
594 4290 711 4360 confici
725 4292 837 4359 omnia
849 4313 956 4382 posse.

144 4485 160 4573 ᾗ
171 4490 267 4556 mll-
278 4489 331 4539 Cic.
339 4489 366 4537 in
377 4490 466 4548 Bruto,
475 4505 497 4537 c.
508 4505 551 4563 29.
