2594 4980
152 749 1188 792 mmmmmmmwmwuwwummummwwmm

264 956 552 1047 JOANNIS
591 952 1066 1043 FREINSHEMII

192 1199 1134 1340 SUPPLEMENTORUM

364 1482 986 1609 LIVIANORUM

487 1738 666 1816 LIBER
699 1739 852 1817 XXVI

323 1950 369 2004 IN
395 1949 551 2004 LOCUM
576 1951 698 2007 LIBRI
724 1949 802 2005 LXI
827 1948 1024 2004 mlum.-

473 2185 864 2219 ——mw—

545 2393 788 2460 EPITOME

351 2575 481 2629 LIBRI
511 2574 805 2630 SEXAGESIMI
834 2572 985 2628 PRIMI.

132 2735 162 2787 C.
180 2735 280 2788 Sextius
300 2737 459 2805 proconsul,
479 2738 545 2788 victa
564 2736 713 2789 Salviorum
734 2748 827 2806 gente,
848 2735 979 2789 colonium
998 2734 1087 2806 Aquas
1100 2734 1202 2788 Sextias

166 2819 300 2882 condidit,
316 2822 349 2872 ub
365 2840 495 2891 aquarum
509 2820 584 2891 copia
593 2858 601 2882 ,
618 2831 644 2872 et
658 2818 749 2872 calidis
766 2818 921 2891 frigidisque
938 2818 1071 2881 fotitibus,
1089 2831 1171 2890 atque
1185 2839 1201 2872 a

166 2907 273 2957 nomine
288 2927 334 2957 suu
347 2907 381 2957 itu
397 2907 548 2975 alstiellatus.
568 2907 619 2957 Cu.
634 2904 762 2957 Domitius
775 2903 915 2974 proconsul
932 2903 1058 2955 adsersus
1075 2903 1200 2955 Allobro·

164 3007 209 3059 ges
222 2990 254 3040 tul
266 2989 391 3059 oppidum
401 2990 553 3040 I'iudulium
565 2988 673 3041 feliciter
688 2987 823 3057 pugnavit.
835 2986 939 3050 Quibus
952 2986 1050 3037 bellum
1064 2984 1199 3038 iulereudi

164 3076 242 3124 causa
263 3074 327 3133 fuit,
349 3073 420 3142 quotl
438 3072 649 3134 Teutomulium,
671 3071 818 3122 Salviorum
835 3089 941 3140 regem,
960 3069 1114 3140 lugientem·
1125 3087 1200 3122 rece·

164 3157 276 3227 pisseut,
294 3170 317 3209 et
334 3163 406 3207 ouni
425 3176 474 3225 ope
488 3157 633 3225 juvissent3
652 3152 777 3223 quodque
792 3152 938 3205 AEduotum
952 3171 1044 3222 agros,
1063 3152 1200 3204 sociorum

163 3240 254 3309 populi
276 3241 395 3300 comuni,
416 3251 570 3289 vastassent.
593 3239 624 3290 C.
644 3235 796 3297 Gracchus,
818 3236 941 3288 seditioso
961 3236 1096 3290 tribunatu
1118 3247 1199 3300 acto,

167 3341 250 3392 quum
261 3323 417 3373 Aventinum
429 3341 535 3393 quoque
544 3332 644 3373 armata
656 3318 824 3371 multitudiue
834 3332 1003 3391 occupasset,
1017 3340 1032 3372 u
1047 3321 1078 3370 L.
1088 3319 1200 3389 Opimio

166 3404 290 3465 consule,
311 3424 340 3454 ex
362 3404 590 3456 scitatusconsulto
605 3415 699 3456 vocato
713 3404 747 3455 cd
767 3423 839 3456 arma
860 3404 975 3476 populo,
997 3403 1087 3474 pulsus
1107 3415 1133 3455 et
1151 3423 1199 3456 oc÷

165 3485 233 3538 cisus
244 3499 295 3542 est:
307 3499 331 3536 et
343 3504 402 3535 curu
416 3506 446 3536 eo
457 3486 564 3538 Fulvius
575 3487 685 3539 Flaccus
695 3485 852 3549 consularis,
866 3489 949 3539 socius
961 3485 1078 3560 ejusdem
1088 3486 1197 3541 furoris.

167 3568 201 3631 Q.
215 3568 309 3620 Fabius
322 3568 452 3618 illusimus
464 3570 569 3631 cousul,
581 3569 655 3621 Pauli
664 3568 764 3641 nepos,
774 3569 898 3625 adversus
910 3572 1066 3643 Allobroges
1078 3583 1103 3621 et
1113 3570 1198 3625 Bitui-

169 3661 239 3713 tum,
251 3654 377 3702 Arvetuot
385 3671 428 3703 um
446 3674 465 3702 u
475 3672 531 3724 gum
543 3693 549 3714 ,
569 3654 677 3706 feliciter
690 3656 826 3726 pugnavit.
847 3656 886 3707 Ex
898 3656 985 3708 Bituiti
1004 3655 1118 3708 exercitu
1130 3674 1199 3710 cesa

164 3733 246 3785 millio
261 3734 396 3787 homiuum
410 3750 515 3788 comum
527 3737 628 3808 viginti.
639 3740 713 3807 lpse,
725 3758 807 3808 quum
822 3738 856 3790 tul
869 3736 1081 3791 satisfaciendum
1093 3743 1200 3795 senatui

163 3820 272 3870 Romam
290 3821 421 3889 prolutus
438 3835 521 3884 esset,
540 3823 634 3873 Album
654 3821 842 3875 custodiendus
861 3822 938 3876 datus
952 3835 1007 3884 est,
1022 3822 1084 3890 quIa
1104 3833 1199 3876 contra

163 3921 253 3973 pacem
267 3902 420 3967 uidebitur,
440 3918 467 3955 ut
486 3906 513 3954 iu
529 3905 643 3959 Gallium
661 3905 846 3959 remitteretur.
867 3905 1006 3958 Decretum
1021 3923 1129 3975 quoque
1142 3916 1197 3968 est,

164 3999 192 4038 ut
205 3988 410 4059 Congentiatus,
430 3990 499 4040 lilius
514 3991 586 4058 ejus,
607 3989 812 4060 comprehensus
831 3991 939 4040 Romam
956 3989 1110 4040 mitteretur.
1126 3987 1200 4040 Atto-

164 4070 303 4141 brogesliu
322 4071 481 4123 ‹leditiouem
502 4075 610 4145 accepti.
629 4074 806 4143 lutipituius,
823 4085 961 4125 accusatus
977 4072 1049 4143 opud
1068 4071 1200 4142 populum

161 4173 176 4204 u
191 4156 224 4217 Q.
240 4156 316 4206 Decio
331 4155 436 4206 trihuuo
451 4156 548 4224 plebis,
560 4156 632 4227 quod
647 4155 814 4211 indemnatos
827 4157 896 4210 cives
912 4158 1091 4211 incurrerem
1107 4159 1194 4227 conjc

162 4235 256 4303 cisset,
277 4240 410 4291 absolutus
428 4253 476 4290 est.

477 4403 865 4439 ψ
