2594 4980
129 654 209 780 ἰφ
310 674 750 751 roccamartina
781 616 1023 783 snrrtdss

138 836 151 861 s
163 804 261 870 malui
275 820 308 869 te
324 804 413 868 socio
430 802 547 865 lortius
564 798 676 865 ulcisci
690 818 867 865 commuue
880 794 1073 878 dismimm
1087 810 1127 861 et
1140 786 1216 863 bor

138 926 270 994 ⁸,agere
283 904 416 993 qnando
431 925 506 966 cnm
519 902 584 966 hoc
597 900 686 967 nulls
695 898 792 965 nobis
804 899 941 965 ulterius
953 896 1105 964 smititb
1122 894 1216 971 udas

137 1028 230 1071 resse
247 1021 369 1094 potest,
391 1022 428 1069 ut
448 1004 540 1067 novis
562 1002 657 1084 sociis
677 1000 809 1067 utilitati
826 999 975 1066 simulet
990 996 1214 1065 admirationi

136 1107 270 1172 «simus.
285 1104 324 1169 Id
340 1103 422 1168 adeo
435 1104 591 1192 consequi
607 1124 675 1169 non
686 1102 749 1169 crit
762 1100 951 1185 difficile,
924 1122 953 1167 st
965 1100 1047 1167 meis
1056 1080 1213 1169 cortiliis

136 1206 414 1321 «conatibusque,
442 1221 536 1269 tunm
567 1203 773 1295 presidium,
797 1196 984 1287 andaciam,
1010 1224 1094 1293 opes
1120 1224 1213 1269 con-

137 1307 311 1386 «junxeris.

181 1406 337 1473 XLVII·
348 1408 431 1472 Nam
443 1429 557 1495 capere
566 1422 625 1473 aut
633 1406 830 1473 obtruncare
839 1428 949 1497 regem
960 1404 1050 1473 ltsud
1058 1404 1213 1473 marimo

139 1537 153 1563 κ
165 1508 298 1597 negotio
322 1509 526 1597 poterimus:
543 1525 576 1574 ct
599 1508 768 1579 Metellum
783 1509 873 1573 ntrlls
893 1529 987 1599 aqna
1007 1501 1061 1575 ια’
1073 1526 1214 1599 ,atquc

137 1640 152 1667 ι
166 1608 302 1676 traditus
330 1632 388 1675 seu
416 1611 530 1693 vivus,
557 1632 616 1679 ssu
639 1626 791 1677 mortuus
817 1610 978 1701 Iugurtha
1004 1608 1210 1677 conciliabit.

136 1741 150 1767 ι
166 1712 280 1794 Quum
303 1729 411 1777 antem
430 1713 598 1777 Metellum
620 1710 717 1796 dico,
739 1712 873 1779 minime
897 1710 1042 1777 dubinii
1063 1710 1211 1801 poterit,

139 1844 153 1871 s
166 1836 224 1903 per
237 1815 327 1879 hunc
339 1839 358 1879 a
370 1827 487 1879 senatu
500 1814 691 1903 populoque
700 1836 837 1879 romano
849 1814 1080 1903 impsoaauos
1089 1860 1101 1895 ,
1111 1810 1214 1903 quid·

138 1915 245 2004 «qnid
262 1917 471 1981 volucrimus.
492 1917 572 1981 Eam
587 1926 680 2005 spem
702 1913 785 1981 milti
805 1913 1034 1995 certissimam,
1052 1912 1211 1979 omnium

139 2038 267 2105 «prope
285 2019 431 2105 gentium
448 2010 594 2106 exempla
612 2015 758 2083 faciunt:
773 2015 849 2081 etsi
872 2030 986 2080 catera
999 2014 1211 2099 omittimus,

139 2146 153 2172 ι
168 2119 201 2180 in
220 2119 280 2182 hac
295 2119 363 2206 ipsa
379 2119 485 2184 Africa
503 2140 608 2207 nuper
622 2116 710 2183 bello
722 2118 845 2207 punico
859 2116 957 2183 tertio
972 2116 1161 2199 Phamsras,
1175 2130 1213 2183 ct

140 2246 153 2271 ι
171 2219 339 2306 superiore
351 2221 494 2284 Murices
505 2269 514 2293 ‚
525 2242 563 2284 ac
573 2240 639 2309 pra
651 2218 774 2283 casuris
788 2240 943 2309 magnum
954 2235 988 2285 et
1000 2218 1128 2285 illustra
1140 2238 1215 2283 mo·

140 2348 154 2373 s
168 2338 364 2385 numentum
383 2323 571 2403 Masinissa,
586 2319 779 2387 docuerunt
795 2348 810 2377 ι
830 2319 943 2402 Quum
965 2318 1035 2385 hoc
1050 2319 1212 2409 stqttesl·

141 2419 229 2484 milia
252 2424 410 2487 Bomilcar
430 2422 518 2486 haud
541 2421 644 2487 aliena
661 2420 874 2511 presentibus
887 2440 1147 2486 commemorare
1158 2419 1214 2485 ri·

142 2521 287 2605 deretur,
307 2542 415 2588 motus
429 2524 607 2607 Nabdalsa,
616 2523 705 2589 vonit
722 2522 758 2587 in
773 2522 959 2587 societatem
971 2520 1212 2605 consilinum

143 2641 193 2705 et,
211 2626 399 2714 compositis
416 2650 491 2690 cunr
509 2625 688 2690 Bomilcare
699 2623 818 2707 rebus,
832 2622 1023 2713 digreditur.
1219 2678 1222 2683 .

185 2727 332 2791 XLVIII.
356 2728 490 2791 Summa
506 2741 678 2817 pactorum
692 2724 763 2791 bmr
774 2742 862 2811 crat,
875 2738 913 2789 ut
924 2722 1097 2790 Nabdalsa
1100 2720 1215 2814 profi-

141 2828 217 2889 sisci
230 2827 277 2889 od
287 2830 459 2892 exercitum
466 2826 774 2917 ,quemplsrrsmqus
784 2830 911 2891 swern
923 2826 972 2890 ad
982 2848 1055 2913 roga
1067 2824 1216 2891 dudda-

141 2927 214 3006 bat,
229 2940 260 2991 et
278 2929 368 2992 rebus
390 2930 435 2992 rbi
454 2952 498 2992 cx
517 2927 681 2992 commodo
698 2927 935 3018 corpur-alonim
955 2928 1151 3008 emissan,
1164 2928 1219 2993 ssd

134 3029 336 3121 patrandum
348 3029 444 3093 scelus
462 3030 512 3092 die
531 3029 620 3093 dicta
640 3028 747 3091 adessa
762 3028 894 3093 deberet.
912 3026 977 3093 Sed
992 3026 1050 3092 ubi
1064 3024 1107 3092 sd
1125 3048 1215 3121 uuu-

142 3132 293 3195 stitutum
315 3130 367 3193 illc
387 3153 453 3193 non
478 3129 641 3212 occurrit,
656 3128 837 3211 Bomilcar,
858 3146 949 3195 metu
971 3128 1114 3195 bominis
1139 3150 1216 3195 rem

142 3232 236 3321 prodi
252 3249 358 3311 ratus,
372 3231 477 3293 literas
494 3228 628 3293 adeum
640 3226 754 3295 scribit
758 3230 948 3320 ,segnitiem
959 3251 1217 3334 accussnr,qua

142 3354 249 3418 neque
267 3333 433 3422 lngurthae
457 3328 669 3395 nihilominus
685 3331 832 3421 perituro
850 3331 1038 3423 prodesset,
1058 3346 1093 3396 ct
1116 3352 1215 3423 spem

142 3433 348 3521 premiorum
365 3456 382 3495 a
395 3432 526 3496 Metello
538 3448 771 3523 corrumperet
782 3432 844 3499 Fas
857 3434 963 3499 literas
976 3430 1162 3511 Nsbdslss,
1174 3448 1217 3499 ut

142 3533 184 3598 ab
197 3534 423 3597 exercitatione
438 3534 559 3598 fessus
549 3557 585 3598 ιιι
596 3535 716 3599 lectum
729 3556 765 3599 sc
774 3534 975 3617 conjecerat,
987 3534 1126 3624 acecpit,
1139 3556 1218 3625 pa*

142 3634 305 3722 lectasque
318 3658 421 3722 quum
438 3658 534 3724 supra
551 3650 650 3725 caput
662 3636 881 3725 reposuisset,
895 3635 1096 3726 ohrepente,
1109 3650 1151 3701 ut
1163 3658 1218 3703 so·

141 3736 188 3800 let
203 3736 288 3800 inter
305 3739 524 3828 fatigationem
539 3754 572 3803 et
587 3758 682 3802 curas
690 3782 702 3816 ,
717 3759 852 3825 sopore,
867 3737 902 3800 in
918 3738 1054 3827 pulvino
1067 3736 1215 3827 reliquit.

142 3838 220 3903 Erat
236 3840 265 3903 ei
282 3838 366 3903 fidus
380 3840 421 3903 ad
437 3841 505 3904 haec
519 3856 666 3927 tempora
679 3838 888 3928 negotiorum
905 3854 1038 3904 cantor
1048 3836 1216 3924 Numida,

144 3955 423 4027 secretorumque,
442 3957 656 4029 praeterquam
673 3936 771 4020 hujus
790 3940 976 4022 novissimi,
990 3938 1161 4030 particeps.

189 4041 306 4116 XLIX.
321 4043 352 4106 Is
369 4054 493 4129 quum,
509 4040 621 4106 audito
637 4041 745 4107 literas
760 4041 904 4123 venisse,
918 4064 980 4130 pro
995 4042 1219 4123 morestiure

145 4162 205 4205 suo
219 4142 463 4206 tabernaculum
477 4144 640 4232 ingressus
652 4158 754 4225 essct,
767 4160 977 4233 repertasque
991 4166 1059 4209 non
1072 4144 1220 4215 aduro

145 4241 304 4307 Nabdalsa
321 4244 468 4336 legisset,
484 4243 643 4332 cognitis,
653 4266 731 4335 quta
740 4244 809 4335 regi
821 4244 1052 4325 struebantur,
1065 4242 1219 4333 insidiis,

181 4424 393 4490 §annino
411 4430 479 4487 etc
497 4429 695 4483 s.c.10s‚-
708 4430 912 4497 rupturis,
925 4430 1001 4493 ⁵³10.
1014 4428 1201 4489 a-au-s.
