2594 4980
1294 393 1296 401 r

331 744 384 812 IN
415 743 527 811 LOC.
554 743 647 810 LIB.
675 742 743 809 LX
772 744 982 815 LlVlANl.
1118 747 1184 821 351

125 865 333 928 «societatem
349 863 457 951 regni,
471 863 659 951 peregrinos
682 863 806 950 accepit
824 886 831 926 :
850 864 940 950 quod
956 866 999 929 ita
1014 867 1189 955 probatum

123 988 207 1028 «usu
230 980 328 1051 atque
348 964 538 1027 auctoritate
556 963 740 1049 exemplum
760 981 826 1044 est,
845 981 882 1028 ut
899 989 1067 1056 nunquam
1083 993 1102 1033 a
1117 995 1188 1038 ma·

122 1097 135 1121 «
142 1066 267 1145 joribus
284 1088 321 1128 ea
337 1064 455 1129 deinde
473 1066 514 1128 sit
531 1064 712 1128 intermissa
727 1065 863 1154 largitio.

167 1169 240 1233 ΧΠ.
256 1169 327 1231 «Ex
346 1190 413 1254 quo
433 1168 532 1256 igitur
548 1166 720 1229 hominurn
739 1187 857 1253 genere
875 1167 921 1230 illi
944 1167 985 1231 ad
1008 1183 1057 1232 tot
1079 1173 1188 1259 gravia

122 1302 134 1325 ιι
144 1271 225 1333 bella
243 1269 377 1333 fortium
395 1267 770 1354 fideliumquevirorum
792 1265 916 1331 infinita
937 1264 1036 1333 millia
1057 1293 1189 1358 parave-

122 1387 222 1434 «runt
239 1369 423 1459 (quodnisi
440 1370 561 1434 factum
575 1385 673 1450 esset,
690 1384 814 1432 veteres
826 1369 966 1432 Romani
982 1370 1035 1432 vix
1056 1371 1187 1437 liberta·

121 1487 208 1534 «tem
228 1471 326 1545 tueri,
348 1470 470 1534 nedum
494 1492 637 1557 quaerere
658 1470 832 1557 imperium
855 1471 1074 1558 potuissent),
1094 1472 1128 1536 id
1148 1489 1186 1537 tu

120 1602 132 1624 ιι
143 1573 330 1634 universum
346 1594 410 1635 una
424 1570 591 1659 rogatione
604 1593 642 1634 ex
653 1571 756 1633 oculis
766 1571 900 1650 nostris,
915 1587 948 1633 et
959 1594 1053 1660 paene
1067 1596 1107 1637 es
1121 1574 1187 1639 ani·

120 1706 132 1728 ι
143 1674 203 1736 mis
214 1689 310 1760 atque
321 1672 477 1736 memoria
490 1694 656 1735 removere
669 1671 848 1736 conabere?
858 1688 895 1735 ut
904 1673 1182 1759 quemadmodum

120 1804 133 1828 ιι
143 1796 179 1836 ea
194 1774 394 1837 humanitate
409 1772 606 1859 populorum
624 1773 772 1835 omnium
787 1795 932 1837 amorem
946 1774 1024 1837 olim
1039 1777 1187 1842 concilia·

119 1906 131 1929 ιι
141 1876 266 1957 vimus,
284 1876 326 1937 ita
344 1875 394 1937 his
414 1874 505 1937 novis
527 1873 670 1936 consiliis
693 1873 899 1937 acerbissima
922 1895 1185 1942 commoveamus
1247 1871 1250 1880 ’

120 1975 231 2054 «odia,
249 1999 320 2062 quaa
339 1978 468 2038 summo
489 1971 600 2037 studio
615 1972 745 2037 vitanda
762 1990 869 2038 essent
888 1978 1097 2062 quantumvis
1118 2001 1182 2067 po·

119 2076 295 2139 «tentibus.
311 2074 415 2138 Semel
428 2075 613 2162 iterumque
629 2074 828 2156 factumest,
841 2092 879 2139 ut
896 2076 982 2139 exire
997 2077 1086 2142 Urbe
1105 2081 1184 2144 socii

119 2177 331 2256 «juberentur
346 2199 354 2239 :
368 2197 473 2262 neque
485 2192 606 2238 temere
619 2174 798 2264 quidquam
813 2199 959 2265 unquam
976 2179 1092 2267 aegrius
1105 2197 1184 2246 sunt

117 2279 239 2365 «passi,
257 2299 358 2364 quum
376 2293 483 2340 tamen
502 2276 546 2341 ob
567 2277 720 2341 maximas
737 2278 953 2366 suspiciones,
971 2301 1032 2344 nec
1051 2280 1084 2341 in
1107 2304 1182 2369 per·

119 2411 130 2433 ιι
141 2395 277 2466 petuum
292 2394 527 2442 emitterentur.

161 2479 251 2542 Xlll.
268 2481 333 2542 «At
350 2478 444 2541 nobis
463 2479 610 2567 egregius
625 2494 735 2542 orator
747 2481 917 2568 peregrina
934 2482 1079 2569 exempla
1097 2505 1183 2548 com·

116 2580 292 2659 «mendas,
320 2580 376 2665 qui
403 2578 552 2642 homines
578 2578 723 2642 indidem
747 2601 844 2668 negas
868 2580 994 2644 admitti
1018 2599 1181 2669 oportere.

116 2681 240 2762 «Quasi
257 2702 333 2743 vero
352 2680 462 2760 nobis,
481 2694 537 2741 aut
553 2679 704 2765 cuiquam
722 2681 791 2742 sani
806 2681 918 2767 capitis
935 2681 976 2743 sit
992 2704 1181 2764 necessum,

116 2816 128 2837 ιι
138 2783 197 2845 alia
213 2805 311 2870 quam
325 2780 485 2859 majorum
504 2780 586 2841 lacta
605 2779 819 2864 consultaque
834 2780 944 2865 sequi,
962 2803 1105 2866 quorum
1121 2783 1182 2847 vir·

115 2900 208 2947 «tute
223 2901 324 2971 atque
340 2880 495 2966 sapientia
511 2894 615 2941 tantas
631 2900 709 2965 opes
726 2878 835 2964 adepti
849 2894 976 2942 sumus:
990 2882 1033 2944 At
1048 2881 1093 2945 illi
1111 2905 1179 2948 ma·

115 3021 126 3041 ιι
138 2990 270 3049 luerunt
285 2986 316 3046 in
333 2981 534 3046 consortium
549 2978 721 3058 cujuslibet
736 2978 874 3041 fortunae
888 3000 1003 3043 vocare
1016 2982 1180 3068 quoslibet

114 3087 292 3165 «idoneos,
311 3106 407 3171 quarn
434 3096 471 3144 ut
489 3078 619 3143 vecordi
642 3078 835 3166 cupiditate,
858 3101 930 3166 quae
955 3102 1044 3144 nunc
1064 3105 1178 3173 magna

113 3220 124 3241 ιι
135 3190 217 3251 ratio
231 3184 474 3250 multitudinem
486 3180 667 3269 imperitam
680 3179 841 3262 stimulat,
854 3181 947 3268 plura
961 3202 995 3244 se
1009 3181 1178 3250 habituros

113 3289 306 3353 «commoda
322 3300 494 3376 putarent,
514 3283 540 3345 si
561 3282 619 3369 qui
639 3281 673 3344 in
689 3280 777 3344 Urbe
796 3296 904 3345 essent
915 3280 981 3344 soli
998 3281 1177 3369 haberent,

113 3421 124 3441 ι
136 3412 241 3475 neque
256 3407 379 3476 partem
391 3387 490 3451 ullam
506 3382 634 3470 decerpi
646 3406 664 3446 a
676 3382 851 3472 peregrinis
863 3398 1064 3471 paterentur3
1084 3391 1178 3473 quasi

113 3512 210 3550 «vero
232 3489 275 3551 illi
295 3490 355 3552 hac
371 3487 560 3552 conditione
576 3485 747 3548 nobiscum
768 3481 900 3573 degant,
918 3485 1046 3573 utplus
1067 3490 1173 3576 perci·

113 3588 225 3676 «piant
243 3589 403 3670 utilitatis,
420 3610 518 3676 quam
536 3586 682 3650 afferant.

157 3689 244 3752 XlV.
265 3688 350 3751 «Sed
362 3711 397 3751 ea
409 3689 442 3750 in
455 3687 523 3776 pari
535 3686 725 3767 stoliditate,
737 3686 874 3750 aliorum
889 3686 1024 3769 invidia,
1038 3690 1177 3757 aliorum

114 3824 124 3844 ι
137 3789 237 3853 libido
251 3804 318 3867 est,
335 3804 372 3851 ut
389 3788 463 3874 quia
479 3805 662 3851 coenaturos
680 3787 836 3866 minoris,
852 3802 884 3849 et
899 3787 1100 3855 habitaturos
1116 3794 1179 3858 lar-

112 3923 122 3944 ιι
134 3892 206 3979 gius
223 3903 356 3977 putent,
372 3910 502 3975 aequum
514 3886 682 3968 judicent,
696 3885 856 3973 quidlibet
867 3903 980 3952 contra
994 3888 1094 3955 decus
1113 3895 1176 3958 im-

112 3993 215 4080 «perii
231 4007 263 4054 et
277 3991 427 4053 humanae
443 3988 603 4052 societatis
613 3989 686 4068 jura
703 3985 859 4074 delinqui.
876 3987 940 4051 Sed
952 3990 1009 4076 qui
1021 3994 1176 4082 praecipui

111 4116 242 4154 «rerum
264 4092 379 4153 harum
401 4088 635 4151 machinatores
659 4101 755 4166 sunt,
775 4110 924 4175 magnam
946 4090 1007 4153 sibi
1031 4110 1174 4178 paratam

111 4226 121 4246 ι
134 4217 201 4257 esse
213 4191 352 4281 praedam
367 4189 570 4277 intelligunt,
586 4189 612 4251 si
624 4189 795 4252 commotis
807 4204 855 4252 tot
866 4190 1005 4254 millium
1018 4194 1174 4282 fortunis,

144 4409 160 4472 s
174 4412 285 4458 XLTac.
297 4405 384 4455 Annal.
395 4407 445 4463 xl,
461 4412 502 4458 at.
515 4402 573 4467 -5
587 4404 644 4451 ΧΠ.
658 4402 710 4450 Cic.
723 4418 769 4467 pro
779 4405 854 4452 Corn.
866 4404 954 4454 Balbo.
970 4422 991 4450 c.
1007 4408 1046 4455 13.
1056 4436 1089 4446 -
1102 4413 1176 4461 Diod.
1215 4469 1218 4472 ⁴

111 4492 175 4555 apud
187 4492 268 4540 Valet.
281 4510 305 4557 p.
319 4494 376 4547 34¹·
