2594 4980
264 719 319 786 ΙΝ
348 716 461 787 noc.
488 718 581 786 Lm.
610 721 780 789 nxvnl
810 721 1027 792 Liviani.
1108 712 1177 794 563

158 837 225 900 LX.
245 838 404 899 Caetcrum
421 837 466 899 ita
482 854 642 904 struxerat
657 841 758 904 aciem
780 842 816 904 C.
832 840 973 921 Marius,
992 857 1050 924 ut,
1062 843 1095 906 in
1111 866 1179 908 me-

115 937 206 1001 dium
219 940 354 1026 acceptis
367 939 471 1002 Catuli
480 941 680 1028 legionibus,
694 964 772 1007 suos
784 942 899 1006 milites
914 940 1024 1010 dextra
1037 943 1180 1008 sinistro·

114 1062 179 1126 que
195 1039 398 1128 adjungeret,
417 1041 570 1105 cornibus
587 1041 771 1131 producti,
789 1058 821 1105 et
834 1042 932 1130 longe
947 1057 1022 1106 ante
1038 1043 1177 1107 mediam

114 1142 215 1203 aciem
235 1141 504 1228 prominentibus.
521 1143 560 1206 ld
577 1161 731 1208 utrumne
753 1167 792 1208 eo
807 1143 936 1224 lecerit,
952 1144 1027 1232 quia
1046 1144 1132 1225 suis,
1148 1161 1180 1209 et

114 1265 271 1322 numero,
288 1258 320 1306 et
337 1258 424 1305 tanta
439 1243 538 1307 modo
556 1245 689 1308 victoria
705 1246 824 1308 abhoc
843 1267 961 1334 genere
975 1245 1120 1308 hostiurn
1135 1266 1183 1308 re-

112 1345 176 1407 lata
186 1344 384 1430 potioribus,
401 1343 473 1430 plus
485 1344 670 1409 confidebat
680 1371 688 1428 ;
700 1368 741 1409 an
752 1368 845 1426 vero,
865 1362 904 1409 ut
921 1346 988 1433 ipse
1002 1345 1094 1409 solus
1104 1367 1179 1409 cum

114 1446 256 1508 exercitu
269 1437 329 1508 suo
343 1445 456 1509 vicisse
473 1446 654 1528 videretur,
670 1449 858 1535 priusquam
872 1445 914 1510 ad
926 1446 1070 1534 praelium
1084 1446 1180 1510 Catu·

114 1547 165 1609 lus
181 1547 382 1628 accessisset,
399 1549 431 1609 in
452 1548 559 1612 medio
576 1550 754 1637 relinquam
776 1572 783 1612 :
806 1548 886 1613 illud
902 1549 989 1612 enim
1012 1547 1179 1636 experien-

113 1648 164 1709 tiae
176 1648 252 1727 viri,
269 1648 332 1710 hoc
350 1649 495 1712 moribus
511 1651 681 1739 congruit;
696 1667 728 1714 et
742 1650 913 1715 ambitioni
927 1648 1060 1737 quidem
1077 1648 1178 1728 iltius,

116 1747 172 1812 sed
188 1748 228 1811 ab
247 1748 404 1828 inimicis,
422 1748 619 1838 adscriptum
634 1768 691 1815 est.

155 1850 239 1913 LXI.
260 1852 296 1913 L.
309 1851 395 1913 enirn
415 1852 584 1916 Cornelius
605 1853 709 1933 Sulla,
726 1853 783 1940 qui
806 1853 915 1938 praelio
939 1851 1104 1930 interfuit,
1121 1873 1180 1914 au·
1239 1842 1244 1849 ⁵
1285 1853 1292 1862 '

113 1965 184 2013 ctor
200 1966 248 2013 est
265 1973 272 2014 :
291 1949 397 2014 sedet
414 1951 482 2038 ipse
501 1954 636 2017 Catulus
655 1954 688 2016 in
711 1953 814 2034 libro,
832 1975 931 2040 quem
951 1951 992 2014 de
1008 1951 1179 2016 consulatu

113 2052 275 2138 rebusque
291 2053 388 2140 gestis
407 2054 473 2116 suis
490 2054 531 2117 ad
548 2057 586 2119 A.
603 2056 738 2118 Furium
754 2056 857 2135 misit,
872 2055 958 2119 inter
972 2069 1179 2144 argumenta,

114 2152 233 2238 quibus
250 2153 389 2215 Marium
405 2176 533 2219 morose
550 2156 755 2244 maligneque
771 2179 881 2219 secum
897 2155 998 2244 egisse
1015 2155 1179 2243 queritur,

113 2253 176 2315 hoc
193 2255 364 2317 recensuit.
386 2255 541 2318 Cimbrici
557 2255 720 2344 peditatus
732 2257 815 2320 acies
833 2255 988 2343 quadrata
1004 2255 1083 2337 fuit,
1097 2278 1182 2319 uno·

112 2377 244 2442 quoque
261 2355 357 2418 latere
369 2378 523 2442 passuum
540 2358 600 2420 tria
615 2358 732 2439 millia,
751 2372 970 2445 praetereaque
990 2357 1178 2447 septingen-

111 2470 161 2519 tos
183 2457 419 2545 quinquaginta
438 2476 579 2545 patente.
603 2460 716 2523 Dextri
734 2457 933 2523 assultabant
952 2456 1097 2543 equites,
1114 2479 1178 2521 nu·
1232 2492 1234 2497 ·
1282 2451 1288 2463 ‘

111 2579 202 2620 mero
223 2574 255 2620 et
275 2575 393 2620 ornatu
416 2559 583 2645 conspicui
604 2581 612 2622 ε
633 2557 821 2645 quindecim
841 2557 940 2621 millia
960 2574 1053 2621 erant
1068 2580 1076 2620 ε
1090 2579 1179 2621 arma

111 2659 260 2745 singulis,
280 2658 378 2721 lorica
394 2658 513 2738 ferrea,
529 2674 658 2721 scutum
674 2656 803 2735 album;
821 2656 948 2719 eminus
965 2654 1078 2718 missili
1094 2657 1178 2734 telo,

110 2757 168 2817 ubi
182 2756 223 2820 ad
232 2777 366 2819 manum
381 2771 516 2818 ventum
530 2770 630 2837 esset,
643 2777 760 2845 magna
774 2756 927 2843 gravique
941 2754 1097 2820 macboera
1107 2778 1176 2821 rem

113 2856 276 2943 gerebant.

155 2956 256 3020 LXII.
279 2955 384 3019 Galeae
409 2957 520 3021 formis
543 2956 721 3037 inusitatis,
745 2971 777 3020 et
797 2957 882 3020 rictu
899 2958 1081 3023 belluarum
1097 2959 1177 3024 hor·

110 3074 233 3138 rentes,
249 3057 337 3120 alatis
350 3058 453 3121 cristis
469 3059 501 3120 in
515 3055 718 3121 altitudinem
735 3057 939 3138 crescebant,
954 3059 995 3122 ad
1010 3060 1176 3141 majorem,

111 3182 207 3246 quam
230 3175 352 3241 essent,
372 3182 548 3247 corporum
567 3159 707 3249 speciem
727 3160 871 3224 bostium
895 3161 997 3224 oculis
1019 3159 1176 3239 objicien-

110 3261 195 3325 dam.
214 3263 326 3343 Quum
342 3262 375 3324 in
392 3263 575 3350 propinqua
587 3263 826 3352 exspectatione
840 3263 984 3351 praelium
1000 3278 1099 3343 esset,
1109 3263 1178 3327 Ma·

109 3365 194 3444 rius,
207 3366 292 3427 facto
306 3363 476 3446 sacrificio,
491 3364 638 3452 extisque
651 3364 809 3453 porrectis
818 3411 827 3444 ,
836 3386 927 3427 sicam
935 3387 997 3427 esse
1009 3365 1175 3428 vt'cton'am

108 3466 341 3550 proclamavit:
358 3467 439 3530 lotas
460 3465 578 3530 deinde
597 3488 712 3529 manus
732 3464 773 3529 ad
793 3465 907 3530 caelum
931 3463 1085 3547 tendens,
1101 3487 1175 3530 cen-

110 3579 175 3626 tnm
192 3566 279 3628 boves
294 3567 527 3632 inmolaturum
539 3568 647 3631 vovit:
661 3566 750 3629 vovit
763 3582 794 3628 et
805 3565 939 3629 Catulus
954 3564 1070 3630 eodem
1082 3582 1174 3654 gestu

111 3665 260 3727 Fortunae
276 3666 367 3755 brejas
381 3668 446 3731 dni
458 3667 615 3756 tenplum.
988 3734 993 3743 ,

155 3767 271 3830 LXIII.
290 3766 351 3830 Sed
369 3769 530 3853 equitatus
548 3766 738 3846 cimbricus,
757 3767 813 3853 qui
837 3765 878 3828 ab
896 3781 985 3829 recto
1003 3766 1036 3828 in
1055 3767 1175 3829 Roma·

110 3889 170 3928 nos
187 3867 301 3930 itinere
321 3866 362 3930 ad
381 3865 526 3931 dextram
546 3866 752 3947 deflectebat,
769 3866 867 3930 duces
890 3865 1024 3952 quidem
1043 3889 1110 3929 non
1127 3869 1174 3930 se·

110 3968 206 4048 l'ellit,
224 3967 337 4032 dolum
354 3968 496 4031 hostium
514 3991 583 4033 esse
600 3968 778 4032 sentientes
797 3966 838 4031 ad
857 3966 1172 4031 circumveniendam

110 4091 245 4131 suorum
260 4066 453 4156 paucitatem
470 4091 476 4132 :
494 4085 645 4133 caeterum
660 4068 794 4144 milites,
812 4091 915 4155 quum
933 4082 1054 4130 temere
1071 4090 1089 4130 a
1108 4090 1174 4131 rita·

111 4169 249 4257 nipulari
272 4167 413 4256 quodam
431 4170 642 4232 exclamatum
666 4187 764 4252 esset,
773 4168 897 4257 fugere
919 4167 1057 4233 Cimbros
1064 4215 1074 4248 ,
1098 4185 1170 4235 tan·

144 4377 160 4442 s
179 4380 244 4426 LXI.
264 4378 316 4427 Cic.
333 4378 359 4425 in
377 4379 467 4437 Bruto,
484 4394 536 4444 cap.
559 4378 600 4427 35.
618 4406 653 4416 -—
671 4378 793 4429 Plutarch.
812 4407 847 4417 ·-
864 4376 880 4442 S
900 4380 977 4427 Lm.
994 4378 1070 4428 Tacit.
1089 4383 1171 4435 Gerra.

111 4475 165 4523 cap.
181 4461 221 4507 ³8.
237 4488 270 4499 -
284 4460 405 4510 Plutarch.
