2594 4980
252 646 309 714 IN
342 644 458 713 LOC.
484 644 583 713 LIB.
610 644 741 712 LXVI
773 645 1002 719 lelANl.
1092 647 1158 721 511

93 771 240 855 liumque
251 766 322 830 talis
336 765 397 827 viri
410 778 566 852 poscunt,
582 763 667 852 regis
682 764 734 827 sui
748 765 1026 853 magnitudinem,
1040 787 1073 835 et
1085 773 1163 856 alia,

93 870 214 957 quibus
227 866 338 931 induci
352 889 429 930 eum
440 887 535 953 posse
545 862 740 946 credebant,
754 865 926 955 magnifice
935 866 1163 957 depraedicant,
1223 910 1233 927 .

136 970 290 1035 XXXIV.
314 968 401 1032 Sulla
422 967 567 1057 benigno
586 988 763 1055 responso,
780 969 901 1054 quibus
920 970 1007 1058 apud
1023 973 1163 1041 Marium

91 1075 216 1155 verbis,
233 1072 353 1160 quibus
372 1074 406 1134 in
424 1086 539 1134 senatu
556 1085 744 1151 uterentur,
762 1071 925 1160 praecipit3
945 1073 992 1137 sic
1004 1091 1163 1167 attempe-

92 1200 182 1258 rans,
199 1177 249 1240 uti
273 1173 313 1239 ad
335 1196 432 1238 suum
456 1173 698 1237 incrementum
717 1173 856 1237 maxime
874 1175 1059 1262 profectura
1074 1179 1169 1258 judi..
1218 1234 1234 1259 ο

92 1280 193 1342 rabat.
220 1277 284 1341 Sed
307 1292 340 1340 et
359 1275 428 1364 regi
448 1273 635 1363 persuaderi
655 1275 771 1358 jubet,
795 1276 822 1339 si
846 1276 931 1340 bene
952 1298 1163 1366 prospectum

92 1382 158 1443 suis
183 1380 281 1444 rebus
303 1379 398 1459 velit,
416 1376 537 1441 Sullam
557 1374 599 1440 ad
623 1377 735 1441 omnia
757 1378 977 1443 consultorem
1001 1378 1162 1448 adhibeat.

91 1484 160 1545 lam
178 1479 461 1570 quadragesimum
475 1477 578 1541 ferme
590 1476 677 1542 diem
691 1478 960 1567 opperiebantur,
975 1503 1080 1567 quum
1093 1482 1164 1547 Ma·
1195 1466 1200 1479 Ι

49 1580 51 1585 ’
91 1583 177 1663 rius,
195 1582 236 1646 ab
259 1579 465 1669 expeditione
487 1579 586 1643 rebus
611 1579 738 1645 infectis
759 1581 882 1646 Cirtam
898 1581 1046 1664 rediens,
1068 1584 1163 1650 intel·

90 1685 174 1747 lecto
201 1685 394 1747 Maurorum
418 1680 578 1763 adventu,
596 1682 683 1769 ipsos
712 1682 899 1770 Sullamque
925 1684 1035 1748 venire
1059 1684 1101 1750 ad
1128 1709 1163 1751 se

88 1787 200 1867 jubet3
219 1802 354 1851 evocato
370 1784 467 1848 etiam
485 1783 526 1847 ab
543 1783 635 1848 Utica
653 1801 791 1872 praetore
807 1786 842 1849 L.
855 1786 1015 1866 Bellieno,
1033 1801 1066 1850 et
1078 1810 1161 1875 prre·

90 1905 176 1952 terea
189 1890 391 1976 quicumque
403 1887 556 1950 senatorii
568 1885 693 1950 ordinis
705 1887 738 1950 in
752 1887 862 1951 Africa
874 1888 1023 1976 agebant.

135 1992 271 2054 XXXV.
287 1993 326 2053 ln
344 1989 407 2052 hoc
421 1982 576 2069 concilio,
592 1985 702 2052 audita
718 1989 839 2051 Bocchi
857 1989 1035 2077 legatione,
1050 1991 1162 2081 legatis

90 2108 283 2178 potestatem
295 2086 519 2178 proficiscendi
536 2090 686 2170 Romam,
698 2105 749 2170 et,
766 2088 872 2154 donec
885 2090 931 2154 illi
942 2094 1162 2177 revertissent,

90 2190 236 2254 inducias
250 2191 317 2279 regi
332 2191 494 2279 permitti,
511 2206 584 2280 post
595 2190 735 2278 aliquam
748 2189 1017 2278 disceptationem
1029 2195 1160 2282 placuit.

90 2291 169 2355 Tres
189 2315 227 2356 ex
250 2314 388 2356 numero
406 2293 606 2381 legatorum,
623 2315 700 2357 cum
721 2294 758 2356 C.
779 2292 916 2379 Octavio
937 2294 1085 2375 Rusone,
1104 2295 1162 2382 qui

89 2393 287 2482 stipendium
309 2418 349 2459 ex
371 2395 452 2460 urbe
470 2411 613 2483 quaestor
629 2395 801 2476 attulerat,
820 2395 977 2474 Romam,
998 2396 1104 2460 caeteri
1120 2395 1162 2461 ad

89 2518 197 2584 regem
220 2498 357 2585 profecti
380 2514 468 2561 sunt.
493 2497 542 2560 Ex
563 2497 615 2560 his
639 2519 743 2584 quum
768 2518 826 2559 rex
847 2512 919 2560 acta
941 2498 1161 2584 cognovisset,

88 2620 153 2684 pras
177 2600 299 2662 caeteris
322 2598 421 2662 rebus
446 2598 647 2686 benignitate
663 2612 697 2661 et
720 2595 831 2660 studio
847 2597 943 2661 Sulloe
963 2596 1160 2681 delectatus,

88 2720 160 2783 quae
176 2698 270 2787 legati
285 2719 482 2786 magnopere
496 2696 692 2776 efferebant,
708 2697 864 2761 inclinare
873 2697 940 2775 jam
955 2698 1102 2763 animum
1118 2698 1160 2764 ad

88 2821 199 2882 pacem
211 2798 397 2886 proditione
408 2797 576 2885 Iugurthae
589 2795 811 2861 redimendam
823 2797 918 2884 ooepit
926 2820 936 2877 3
945 2820 1050 2884 quum
1062 2801 1160 2865 etiam

89 2899 211 2962 Marius
225 2899 318 2963 aliter
331 2914 572 2963 conventurum
586 2898 775 2987 negavisset.

133 3001 286 3065 XXXVI.
309 3001 413 3089 Igitur
430 2998 572 3087 tegendo
595 3000 732 3064 consilio
751 3022 810 3087 per
828 3021 959 3064 causam
974 3001 1101 3080 injuriae
1116 3004 1159 3069 ab

88 3103 232 3167 occiduis
247 3102 458 3190 AEthiopibns
471 3118 625 3190 acceptae,
641 3102 751 3190 copias
764 3124 805 3166 eo
818 3102 938 3166 mittit:
958 3125 1033 3168 nam
1047 3127 1085 3170 ea
1099 3129 1159 3171 na·

88 3206 134 3269 tio
150 3205 353 3270 Mauritaniae
369 3203 504 3269 finitima
525 3220 588 3285 est,
610 3220 643 3270 et
662 3205 703 3269 ab
727 3205 795 3269 eois
811 3203 1023 3294 AEthiopibus
1041 3208 1107 3272 situ
1125 3225 1158 3274 et

88 3310 222 3373 nomine
238 3308 405 3387 distincta,
420 3305 462 3371 ad
478 3323 624 3372 montem
643 3307 808 3372 Atlantem
823 3305 977 3394 pertinet.
994 3307 1099 3375 Multa
1116 3309 1158 3375 dc

88 3409 148 3472 hac
163 3411 296 3500 regione
313 3410 396 3473 mira
408 3408 621 3474 referuntur:
645 3406 915 3496 camelopardales
933 3405 1157 3498 draconesque

88 3532 223 3598 magnos
238 3512 283 3576 ibi
296 3512 404 3602 gigni,
422 3527 455 3575 et
471 3511 529 3599 qni
545 3528 640 3576 tauro
657 3512 778 3592 forma,
802 3508 859 3574 sed
880 3510 1000 3575 robore
1021 3527 1053 3576 et
1071 3514 1159 3579 mole

87 3634 179 3701 pares
193 3613 388 3701 elephantis,
402 3614 501 3677 rdizes
511 3613 733 3702 appellantur:
748 3612 845 3676 etiam
857 3625 943 3674 terra
954 3614 1157 3677 nascentium

88 3715 287 3803 incognitam
303 3714 366 3778 sub
379 3715 443 3778 alio
453 3716 532 3781 caelo
545 3713 803 3803 magnitudinem
824 3733 910 3792 esse,
925 3713 1159 3801 bacchumque

87 3839 214 3907 regem,
232 3817 408 3905 Iphicrates
424 3834 548 3898 narrat,
565 3838 605 3880 ex
622 3814 792 3902 aethiopica
805 3811 1029 3901 expeditione,
1053 3814 1159 3879 multo

88 3919 241 3999 majores,
263 3940 361 4005 quam
382 3917 458 3981 alibi
482 3916 733 4006 proveniebant,
754 3935 924 4004 asparagos
948 3917 1043 3979 uxori
1065 3914 1158 3981 dono

87 4020 231 4084 misisse:
247 4020 325 4082 item
340 4019 478 4083 calamos
493 4018 615 4083 lndicis
628 4018 765 4099 similes,
783 4038 924 4104 quorum
943 4039 1030 4105 genu
1048 4016 1155 4105 quod·

86 4123 166 4187 libet
182 4120 342 4185 choenices
362 4135 437 4184 octo
452 4135 590 4207 caperet.

120 4323 136 4389 S
153 4322 401 4388 xxx111.Apptan.
420 4349 456 4359 —
477 4322 575 4372 Sallust.
592 4321 657 4388 —s
675 4322 785 4370 mv.
798 4320 908 4385 Appiae.
920 4346 956 4359 ·-
968 4319 1073 4372 Diodor.
1086 4322 1155 4389 apud

87 4409 154 4457 Fulv.
169 4410 252 4459 Ursin.
262 4437 296 4447 -
305 4407 384 4457 strab.
394 4407 439 4457 lib.
451 4409 536 4456 xvn.
548 4434 583 4445 -
594 4407 611 4474 S
623 4407 748 4456 xxm.
760 4404 867 4455 Diodor.
