2594 4980
152 769 220 840 518
330 776 397 840 JO.
425 774 767 845 FREINSIIEMII
797 773 1043 842 SUPPLEM.

193 894 278 958 LIII.
300 896 375 957 Ilaec
387 896 560 981 loquutus,
574 912 606 958 ct
621 896 761 959 vicissim
772 917 847 959 cum
859 894 960 956 multa
973 891 1156 955 verborum
1171 912 1238 955 eo·

150 1001 261 1065 mitate
285 1000 437 1063 dimissus
461 1003 500 1062 ab
518 1002 620 1080 Sulla,
641 1002 725 1064 sicut
744 1001 797 1064 ille
813 999 978 1078 voluerat,
996 995 1134 1059 insidias
1154 996 1236 1059 Nu·

151 1101 245 1164 midae
268 1102 427 1164 tetendit:
448 1119 517 1165 orta
541 1103 636 1184 lucc,
655 1126 759 1190 quum
778 1099 867 1165 haud
889 1100 1004 1187 procul
1027 1097 1146 1161 abesse
1167 1097 1234 1160 Iu·

150 1206 303 1294 gurtbam
328 1206 512 1267 nuntiatum
539 1222 638 1286 esset,
663 1204 810 1268 bocchus
829 1225 905 1266 curn
928 1200 1038 1290 paucis
1060 1197 1178 1262 amicis
1198 1214 1235 1262 et

152 1323 312 1393 quaestore
327 1329 463 1368 romano
475 1355 483 1384 ,
496 1307 587 1392 quasi
599 1307 734 1370 honoris
747 1328 842 1369 causa
854 1316 1054 1381 occurreret,
1064 1300 1100 1362 in
1112 1300 1230 1363 locum

152 1406 276 1470 editum
300 1406 526 1495 progreditur,
549 1408 605 1495 qui
623 1408 786 1471 collocatis
802 1422 895 1470 antea
913 1404 1035 1468 insidiis
1052 1402 1230 1466 facillimus

152 1526 328 1597 conspectu
346 1528 423 1574 erat.
445 1514 552 1597 Atque
569 1512 630 1592 illi,
647 1511 744 1575 simul
763 1509 956 1598 Iugurtham
968 1529 1044 1571 cum
1058 1506 1231 1594 plerisque

151 1611 336 1673 necessariis
365 1612 521 1674 inermem
547 1611 657 1675 adesse
684 1611 856 1691 viderunt,
882 1611 975 1698 signo
996 1607 1074 1672 dato
1097 1607 1227 1688 coorti,

151 1726 282 1773 caeteros
311 1711 350 1773 ad
382 1735 485 1774 unum
516 1736 631 1777 omnes
660 1712 886 1777 interficiunt:
916 1709 1076 1800 Iugurtha
1101 1710 1227 1773 catenis

151 1829 303 1875 oneratus
321 1814 415 1876 Sullae
433 1814 579 1879 traditur.

194 1913 276 1975 LIV.
301 1914 460 1978 Delibavit
479 1939 514 1979 ea
538 1941 589 1981 res
606 1917 756 1981 nonnihil
780 1918 817 1981 C.
842 1917 936 1981 Marii
958 1915 1113 2004 gloriam,
1131 1913 1226 2000 quod

151 2035 186 2075 ea
204 2029 271 2075 erat
290 2016 456 2103 Iugurthae
476 2019 580 2099 fama,
603 2036 641 2082 ut
660 2035 771 2084 eaetera
796 2040 911 2106 parurn
940 2015 1032 2080 firma
1054 2013 1096 2078 ad
1119 2015 1225 2079 ricto-

150 2117 230 2178 riam
256 2119 476 2180 existimarent
499 2119 669 2195 homines,
689 2121 722 2182 ni
746 2142 881 2207 corporo
900 2119 1000 2206 ipsius
1016 2116 1224 2206 potirentur;

152 2240 215 2302 qua
231 2220 263 2280 in
281 2243 316 2282 re
330 2221 489 2306 praecipua
504 2222 672 2308 quaestoris
685 2244 785 2308 opera
797 2223 911 2284 fuerat.
927 2220 997 2284 Nec
1007 2220 1075 2307 lpse
1088 2221 1125 2282 L.
1136 2218 1225 2281 Sulla

152 2317 317 2382 moderate
331 2321 470 2384 laetitiam
487 2322 587 2385 animi
602 2321 732 2401 habuit,
751 2324 830 2410 quin
850 2344 1035 2385 successum
1052 2320 1145 2383 illum
1162 2319 1224 2382 sibi

152 2420 258 2484 modis
273 2425 425 2488 omnibus
443 2425 631 2489 vindicaret.
651 2425 740 2505 Quin
762 2426 857 2489 etiam
874 2422 997 2487 annulo
1013 2418 1223 2484 traditionem

151 2524 317 2612 Jugurthae
340 2527 584 2613 insculpendam
615 2527 758 2629 curavit:
783 2550 851 2613 quo
877 2541 909 2588 et
934 2522 1073 2587 dictator
1098 2520 1224 2609 signare

153 2641 200 2686 est
227 2627 357 2707 solitus,
381 2629 445 2707 jam
475 2628 672 2693 Mithridatis
698 2645 730 2692 et
755 2626 897 2690 civilium
919 2624 1080 2688 bellorum
1107 2622 1223 2685 victor.

153 2726 248 2789 Unde
265 2727 349 2792 Illius
367 2755 498 2817 quoque
520 2732 616 2795 Sullae
639 2731 798 2809 Faustus,
818 2728 930 2815 quanti
953 2749 1021 2789 rem
1043 2747 1115 2788 eam
1133 2739 1225 2813 pater

152 2828 279 2892 fecisset
301 2834 469 2913 conscius,
490 2835 575 2897 inter
594 2850 643 2897 tot
661 2833 729 2914 ejus
748 2828 917 2920 magnilica
932 2829 995 2891 hoc
1011 2827 1151 2890 maxime
1168 2823 1225 2890 de·

151 2929 246 3018 legit,
262 2932 353 3019 quod
367 2933 523 3013 denariis,
538 2957 621 3022 quos
637 2933 792 3025 cudebat,
810 2932 1013 3019 exprimeret.

197 3032 261 3094 LV.
291 3034 352 3095 Sed
382 3052 413 3095 et
438 3037 542 3098 Mario
568 3037 662 3098 istam
685 3036 780 3098 Sullae
798 3031 982 3111 jactantiam
1008 3044 1100 3093 tanto
1127 3027 1226 3091 luisse

154 3132 257 3195 dolori
283 3136 413 3213 lerunt,
431 3153 468 3196 ut
485 3152 656 3223 propterea
674 3137 758 3198 inter
774 3134 927 3197 cimbrica
946 3147 978 3195 et
996 3130 1125 3194 socialia
1142 3128 1227 3193 bella

153 3257 284 3320 operam
305 3236 497 3321 repudians,
518 3236 676 3299 Ilebilibus
691 3236 877 3316 discordiis,
892 3234 1011 3321 quibus
1027 3231 1127 3295 ambo
1137 3252 1226 3294 rem·

155 3339 317 3424 publicam
342 3340 581 3425 propemodum
608 3356 819 3421 everterunt,
844 3340 973 3403 initium
1000 3339 1130 3401 faceret.
1156 3337 1227 3398 Cae·

155 3453 259 3499 terum
291 3440 408 3503 tradito
439 3440 618 3527 Iugurtha,
650 3441 730 3505 dum
762 3465 813 3504 res
836 3442 983 3504 africanae
1007 3462 1065 3528 per
1082 3437 1227 3501 Marium

155 3541 422 3620 constituuntur,
451 3543 485 3605 Il.
515 3543 655 3606 Rutilius
681 3544 807 3624 Rufus,
832 3544 892 3606 Cn.
913 3541 1042 3605 Mallius
1063 3539 1229 3603 Maximus

154 3642 303 3704 consules
329 3643 414 3705 I'acti.
440 3644 472 3704 Ι).
493 3645 633 3708 Rutilius
650 3645 739 3708 omni
759 3645 886 3708 honore
902 3642 1021 3732 dignus
1039 3657 1071 3705 et
1088 3656 1180 3721 erat,
1198 3656 1231 3703 et

157 3744 355 3806 habebatur:
373 3748 433 3807 Cn.
452 3747 598 3809 Mallium
614 3770 681 3811 non
694 3746 799 3809 solum
813 3744 1011 3835 ignobilem,
1028 3764 1141 3806 verum
1157 3742 1230 3805 siue

156 3846 297 3927 victure,
326 3849 395 3909 sinc
421 3848 573 3936 iugcnIo,
598 3849 662 3912 vita
687 3849 784 3910 etiarn
809 3861 994 3934 contempta
1020 3865 1057 3906 ac
1076 3841 1230 3922 sordida,

158 3950 198 4028 Q.
223 3950 337 4011 Catulo
362 3952 528 4036 praelatum
552 3951 670 4030 luisse,
693 3951 813 4013 mirum
833 3946 935 4011 videri
957 3961 1055 4034 queat
1073 3945 1232 4035 ignoran-

158 4050 262 4129 tibus,
276 4050 438 4114 rationem
459 4049 686 4136 requirendam
707 4072 774 4113 non
790 4070 858 4111 esse
872 4048 906 4110 in
923 4049 982 4128 iis,
1005 4068 1077 4133 quae
1094 4060 1233 4109 auctore

190 4291 206 4351 5
221 4292 284 4337 LIII.
299 4291 401 4337 Diodor.
415 4290 498 4351 Eelog.
512 4291 554 4337 Iih.
569 4292 692 4340 xxxvl.
707 4317 742 4326 -
758 4290 871 4347 ornav,
886 4287 926 4334 15.
942 4313 976 4322 -
990 4282 1115 4333 Plutarch.
1127 4283 1157 4329 in
1166 4286 1234 4333 Mar.

156 4392 176 4420 r.
191 4374 220 4417 13
236 4386 259 4421 et
276 4390 314 4432 17.
325 4373 384 4435 -p‘
400 4376 461 4420 LIV.
475 4373 526 4419 Liv.
540 4376 606 4437 Epit.
616 4402 651 4410 -
664 4373 788 4423 Plutarch.
804 4373 830 4419 in
843 4372 909 4419 Sulla
921 4382 945 4420 et
961 4371 1055 4426 Mario,
1070 4378 1095 4415 et
1106 4368 1239 4433 Prsecept.

155 4456 229 4504 Potir.
241 4475 262 4502 c.
272 4458 314 4501 25.
328 4483 363 4491 —-
375 4457 429 4503 Val.
441 4459 549 4503 atax.vl
556 4491 563 4514 ‚
575 4474 604 4520 9,
614 4469 638 4505 et
647 4460 723 4518 vm,
741 4464 780 4512 14.
794 4483 829 4492 -
843 4456 906 4503 Ptin.
919 4454 1062 4512 XXXVII,
1080 4466 1102 4499 1.
1121 4478 1161 4492 ·-
1178 4454 1238 4503 Cle.

157 4540 325 4591 mutuarer.
340 4541 360 4596 5,
376 4552 400 4586 et
415 4557 459 4602 pro
475 4543 571 4587 Min-en.
586 4556 712 4600 c.17.·-
730 4540 799 4604 Pigh.
809 4539 899 4589 sumt
