2594 4980
277 705 331 775 IN
362 704 474 775 LOC.
502 707 594 774 LIB.
620 707 747 774 LVIII
779 700 997 777 LIVIANI.
1093 708 1163 808 309
1207 651 1210 659 Ι

20 824 28 835 ’
108 847 237 890 versum
247 826 353 915 ipsum
364 828 556 908 occinentes,
566 828 661 891 etiam
672 829 851 917 fragmento
862 831 976 919 tegulae
988 832 1176 922 antepedes¹

110 927 178 1006 ejus
196 927 350 1014 projecto.
368 927 406 990 ld
421 950 497 991 vero
517 951 583 992 non
601 929 706 1017 ipsum
724 928 823 992 modo
839 929 1023 1012 Tiberium,
1040 932 1097 996 sed
1116 948 1167 997 to·
1215 942 1218 946 ’

111 1044 175 1091 tam
194 1028 298 1108 illam,
317 1051 380 1115 qua
392 1029 526 1116 stipatus
546 1029 631 1109 ibat,
646 1027 887 1092 multitudinem
902 1031 1095 1111 conterruit;
1108 1054 1167 1097 ne·

29 1124 34 1133 ⁴
112 1151 176 1215 que
198 1145 265 1192 erat
282 1146 347 1192 tarn
374 1127 541 1191 obfirmata
564 1145 672 1191 mente
695 1128 885 1215 quisquam,
908 1129 987 1215 quin
1014 1151 1167 1219 magnum

110 1229 241 1315 aliquod
259 1230 377 1292 instare
396 1229 514 1292 malurn
537 1231 745 1294 ominaretur.

153 1331 267 1393 XLIX.
278 1330 370 1394 Unus
382 1334 418 1394 C.
428 1331 569 1411 Blosius,
580 1347 756 1418 perpetuus
768 1331 901 1397 Tiberio
911 1338 1036 1413 comes,
1048 1348 1080 1396 et
1096 1356 1170 1397 con·

112 1428 256 1492 siliarum
273 1431 396 1510 socius,
411 1431 548 1519 negabat
565 1432 708 1494 decorum
714 1428 811 1518 fore,
827 1435 855 1494 si
871 1432 1021 1514 Gracchi,
1037 1435 1081 1497 bis
1095 1457 1170 1498 cort·

113 1528 189 1591 sulz's
206 1541 235 1592 et
258 1534 390 1592 censoris
404 1528 502 1617 filius
514 1581 523 1611 ,
546 1532 583 1595 P.
607 1529 760 1618 Africani
780 1556 890 1621 nepos,
915 1535 1054 1623 idemque
1072 1535 1173 1624 pubis

111 1651 251 1692 romanae
272 1643 442 1718 patronus,
457 1636 542 1696 corvi
555 1648 638 1697 metu
655 1634 818 1698 deterritus
833 1657 895 1698 esse
914 1635 1055 1717 dicatur,
1072 1660 1110 1700 ne
1126 1640 1172 1700 ei·

113 1728 195 1792 vz'bas
212 1742 300 1792 tanto
317 1732 419 1795 studio
433 1734 617 1798 vocantibus
630 1758 660 1797 se
671 1736 827 1822 proeberet
838 1759 849 1798 .·
866 1752 899 1798 et
910 1735 1043 1801 aderant
1057 1737 1172 1803 eodem

113 1844 257 1916 tempore
281 1832 464 1919 frequentes
489 1835 529 1899 ab
550 1835 659 1899 arnicis
685 1837 807 1916 nuntii,
823 1860 996 1924 properare
1005 1838 1170 1925 sulcatos,

112 1932 236 2009 anania,
256 1931 365 2018 qualia
385 1933 494 2014 vellet,
507 1950 707 2022 reperturum.
721 1965 734 1990 «ι
744 1936 830 2017 Hoc,
845 1936 1012 2022 inquiebat
1028 1938 1171 2022 BIosius,
1206 1980 1213 1988 ›

112 2060 124 2084 ι
139 2053 206 2093 non
225 2033 355 2096 tacitum
373 2034 431 2096 tibi
448 2035 536 2099 abire
550 2035 708 2124 probrum
723 2037 844 2099 inImici
863 2037 988 2116 sinent,
1006 2038 1085 2123 quin
1102 2062 1119 2101 a
1138 2052 1171 2101 te

112 2159 125 2183 ι
139 2129 282 2234 ludibrio
288 2133 404 2196 'haberi
415 2136 591 2223 populum,
603 2137 692 2225 regio
705 2158 794 2200 more
814 2151 940 2225 tempus
955 2136 1013 2200 tibi
1028 2159 1173 2203 commo·
1193 2207 1195 2210 ,

113 2230 218 2295 «dum
237 2236 438 2322 opperiente,
455 2236 709 2300 vociferentur.»

154 2333 190 2397 L.
201 2335 249 2397 Ita
261 2358 363 2421 quum
381 2336 414 2398 in
428 2337 624 2425 Capitolium
636 2337 847 2420 ascendisset,
862 2338 966 2402 multo
984 2336 1092 2402 lavore
1104 2341 1173 2428 ple·

112 2433 161 2497 bis
185 2452 337 2522 exceptus
356 2452 422 2512 est,
448 2437 652 2526 cingentibus
674 2461 749 2502 eum
776 2439 951 2502 notissimis
972 2439 1174 2526 quibusque,

114 2537 188 2621 quia
203 2538 382 2625 periculum
402 2537 442 2601 ab
466 2539 653 2603 adversariis
674 2540 704 2602 ei
728 2539 924 2603 metuebant.
942 2540 1058 2626 Neque
1077 2562 1174 2629 urge·

113 2634 192 2697 bant
206 2636 250 2699 illi
263 2639 409 2726 segnius,
427 2639 530 2702 turbae
544 2640 696 2719 immixti,
709 2661 895 2725 quanquam
913 2640 1012 2727 agniti
1025 2662 1108 2727 saepe
1124 2660 1175 2703 re·

114 2736 318 2823 pellerentur.
337 2741 382 2801 Ita
397 2739 536 2818 factum,
550 2756 587 2803 ut
602 2740 720 2802 iterum
735 2739 852 2801 citante
870 2738 973 2801 tribus
989 2740 1030 2820 Q.
1047 2740 1174 2821 Mucio,

116 2857 189 2898 narn
206 2837 231 2899 is
250 2839 396 2918 comitia,
413 2837 611 2902 concedente
628 2838 773 2919 Rubrio,
788 2838 839 2901 cui
864 2860 900 2900 ea
916 2860 985 2901 sors
1008 2856 1175 2922 evenerat,

114 2936 267 3018 babebat,
280 2939 361 3001 nihil
374 2939 439 3016 jarn
455 2940 516 3002 rite
531 2956 629 3025 atque
645 2937 760 3001 ordine
774 2938 881 3018 fieret,
899 2938 1107 3002 tradentibus
1123 2941 1175 3003 in·

115 3039 215 3103 vicem
233 3040 480 3121 hominibus,et
493 3041 628 3127 strepitu
645 3039 878 3127 impellentium
896 3039 1176 3127 Impulsorumque

116 3140 346 3204 crebrescente.
373 3144 459 3205 Dum
473 3142 541 3204 baec
561 3141 595 3203 in
617 3139 776 3229 Capitolio
798 3155 975 3228 geruntur,
994 3155 1123 3203 senatus
1140 3140 1175 3203 in
1276 3174 1279 3179 ·

116 3240 216 3304 aedem
231 3236 318 3304 Fidei
330 3266 347 3305 a
360 3242 395 3306 P.
408 3243 518 3306 Mucio
532 3242 669 3305 Scaevola
686 3241 819 3305 consule
835 3256 983 3321 vocatus,
1001 3255 1039 3303 ut
1050 3263 1089 3303 ex
1101 3264 1177 3328 pro·

117 3341 240 3428 pinquo
258 3342 480 3406 molitionibus
496 3343 672 3406 tribunitiis
684 3343 862 3423 resisteret,
878 3341 958 3427 quid
974 3342 1029 3406 tali
1045 3342 1079 3404 in
1094 3358 1176 3407 tem·

116 3463 195 3529 pore
219 3443 401 3507 faciendum
420 3461 522 3526 esset,
537 3443 750 3508 consultabat.
1161 3505 1163 3509 ,

161 3544 211 3606 LI.
230 3545 394 3631 Plerisque
408 3545 561 3610 omnibus
576 3546 753 3633 placuerat,
770 3560 805 3608 ut
820 3544 932 3608 consul
945 3547 1040 3622 armis
1052 3554 1176 3632 rempu-

117 3639 232 3705 blicam
250 3657 412 3706 tueretur:
430 3644 486 3708 sed
498 3646 543 3724 is,
557 3661 595 3708 ut
609 3660 676 3708 erat
687 3646 796 3707 animo
806 3645 870 3707 leni
886 3667 922 3707 ac
939 3645 1177 3731 tranquillitatis

117 3741 282 3821 studioso,
301 3744 473 3831 quidquam
488 3768 518 3808 se
540 3750 729 3810 vicenarum
747 3743 951 3833 pernegabat.
969 3747 1055 3833 Ergo
1071 3745 1177 3832 segni·

119 3842 196 3903 tiem
211 3841 279 3919 ejus
297 3832 619 3927 inmsantes'caeteri,
633 3844 763 3934 quando
778 3844 1000 3930 renrpublicam
1016 3844 1126 3907 consul
1137 3846 1177 3906 ti-

118 3943 261 4006 miditate
267 3944 431 4033 proderet,
443 3946 512 4009 alia
524 3947 676 4035 capienda
692 3968 753 4009 esse
763 3944 893 4009 comib'a
900 3992 909 4023 ,
923 3946 1176 4024 conclamantes,

119 4045 286 4132 negotium
301 4047 367 4110 suis
383 4044 559 4128 dedorunt,
577 4062 615 4109 ut
631 4068 739 4110 servos
756 4060 788 4108 et
804 4045 934 4109 clientes
951 4046 985 4107 in
1001 4034 1176 4107 armis'ha·

120 4144 244 4212 herent.

156 4347 297 4411 sxtvur.
307 4349 357 4398 Iul.
368 4348 459 4412 Obseq.
469 4374 499 4385 -
510 4349 632 4398 Plutarcb.
646 4375 681 4386 -
689 4348 743 4398 vu
754 4348 857 4399 mum.
869 4351 894 4406 1,
911 4354 935 4402 t·
949 4343 1011 4410 -S
1028 4345 1055 4393 1.
1069 4343 1178 4410 upplan.

122 4430 175 4480 Cir.
188 4432 231 4480 lib.
247 4435 266 4481 1.
280 4461 313 4470 -
322 4434 376 4483 Vel.
388 4434 456 4483 Mu.
466 4435 514 4493 111,
528 4448 553 4482 a.
572 4460 606 4471 -
619 4435 646 4483 P.
656 4431 784 4483 Victorde
793 4431 896 4496 Region.
905 4427 988 4478 Urbis.
