2594 4980
131 697 200 779 4212
305 697 373 764 JO.
402 699 745 771 FREINSHEMII
773 700 1016 771 SUPPLEM.

128 814 224 879 etiam
249 816 352 902 capite
377 818 467 905 regni
494 818 668 883 Antiochia
691 819 863 909 potiretur.
887 820 1107 887 Commodum
1133 826 1205 890 sub

130 916 243 982 eadem
262 934 408 1005 tempora
427 942 519 982 soror
537 920 666 1008 egyptii
682 920 767 1011 regis
781 920 969 1010 Cleopatra,
983 922 1091 989 fratris
1103 926 1202 1014 pulsa

127 1021 353 1102 matrimonio,
371 1021 404 1083 in
418 1021 542 1107 Syriam
559 1044 593 1085 se
611 1021 804 1089 contulerat.

172 1121 328 1185 XXXIII.
350 1123 395 1185 Ea
413 1146 463 1185 res
482 1145 611 1187 causam
627 1122 834 1189 sermonibus
848 1123 1001 1211 prebuit,
1017 1155 1031 1181 «
1043 1146 1112 1191 non
1125 1127 1202 1195 siue

128 1223 288 1286 «nurnine
305 1222 416 1287 divum
435 1225 494 1288 ista
512 1223 598 1305 fieri,
615 1223 673 1289 s'ed
688 1223 783 1313 phne
799 1221 931 1289 mirifica
951 1226 1202 1313 opportunitate

126 1353 139 1379 ι
152 1338 338 1412 temporum
351 1340 447 1412 atque
462 1348 571 1388 rerum
582 1325 714 1416 dignam
727 1324 839 1391 offerri
851 1347 937 1391 novo
949 1325 1017 1414 regi
1032 1325 1202 1392 conditio-

126 1453 138 1479 ·
152 1447 227 1490 nem
244 1448 368 1515 :genus
388 1427 575 1513 utriusque,
590 1442 735 1507 aetatem,
752 1425 891 1491 formam
912 1448 1110 1515 congruere;
1127 1427 1201 1492 ior·

126 1541 264 1590 «tunam
289 1550 422 1615 quoque
443 1527 532 1591 haud
555 1529 660 1592 multo
685 1526 867 1616 disparem,
892 1528 958 1592 sive
979 1527 1200 1595 calamitatem

127 1658 137 1682 ιι
151 1628 323 1692 amborum
337 1631 504 1717 respicias,
521 1630 587 1695 sive
604 1630 734 1694 initium
750 1645 784 1693 et
797 1650 890 1716 spem
906 1627 1107 1718 resurgendi.
1125 1633 1201 1695 An-

128 1760 137 1783 ι
150 1728 260 1793 tiocho
280 1746 404 1817 patrem
427 1732 527 1794 luisse
545 1731 646 1819 Syria
668 1752 799 1820 regem3
816 1727 875 1793 sed
896 1744 1018 1792 tantam
1038 1727 1200 1791 natalium

128 1860 137 1884 ι
151 1830 376 1895 claritudinem
389 1831 446 1896 diu
457 1833 539 1896 nihil
549 1834 578 1897 ei
591 1833 808 1921 precipuum,
821 1831 884 1895 nisi
896 1828 1055 1918 pericula,
1065 1828 1200 1893 tulisse:

128 1930 326 1996 «educatum
350 1956 483 2023 peregre
507 1957 549 1998 ne
575 1933 724 2001 exsilium
743 1930 878 2019 quidem
899 1945 1006 1995 tutum
1024 1929 1201 2010 habuisse,

131 2054 217 2118 «quo
230 2033 338 2101 minus
356 2035 389 2096 in
405 2051 502 2123 caput
518 2035 587 2116 ejus
602 2034 727 2101 insidiae
738 2034 780 2099 ab
796 2034 898 2123 impio
915 2032 1014 2096 fratre
1026 2047 1200 2095 strueren-

127 2148 215 2196 «tur.
239 2134 337 2197 Nunc
354 2135 506 2198 eumdem
533 2136 689 2200 hactenus
712 2157 811 2199 usum
837 2133 935 2198 rebus
953 2131 1138 2220 prosperis,
1151 2147 1201 2197 ut

127 2264 138 2287 ·‹
151 2255 301 2323 magnam
326 2236 417 2325 regni
441 2252 590 2323 partem,
612 2251 775 2324 caputque
795 2236 945 2300 omnium
967 2232 1199 2314 Antiochiam,

132 2335 316 2400 ‹voluntate
336 2337 543 2425 popularium
567 2338 734 2426 receperit.
758 2337 825 2402 Sed
840 2359 932 2425 aeque
949 2335 1095 2399 celeriter
1110 2335 1200 2400 hanc

130 2467 136 2489 ‹
149 2436 332 2501 felicitatem
345 2437 442 2501 dilabi
453 2461 564 2525 posse,
578 2460 677 2526 quam
690 2437 860 2520 acciderit,
873 2438 908 2502 ni
918 2436 1073 2502 validiore
1083 2436 1200 2524 aliquo

127 2569 137 2591 »ι
150 2535 355 2602 firmamento
378 2540 547 2602 muniatur
572 2562 580 2603 :
603 2561 712 2628 neque
732 2539 939 2624 commodius
961 2536 1071 2619 aliud,
1093 2560 1199 2625 quam

125 2671 136 2693 ι
149 2639 307 2705 decorum
324 2641 571 2706 matrimonium
588 2663 657 2707 esse
680 2665 688 2706 ε
710 2664 862 2707 mansura
882 2641 998 2706 melius
1019 2639 1198 2704 hominum

125 2774 137 2796 ι
150 2741 273 2823 studia,
291 2766 394 2831 quum
413 2743 627 2832 suscipiendis
645 2742 754 2808 liberis
772 2744 868 2807 etiam
883 2757 958 2829 post
973 2763 1009 2805 se
1023 2739 1199 2804 relicturus

126 2841 295 2906 «videatur
318 2844 384 2906 suis
407 2845 554 2931 partibus
574 2845 752 2909 maximum
771 2858 1008 2909 sacramentum
1031 2838 1199 2907 servanda

127 2976 139 2999 «ι
152 2943 248 3024 fidei,
265 2961 297 3009 et
313 2945 559 3010 remunerandis
576 2947 705 3035 pignus.

169 3046 322 3109 XXXIV.
344 3046 515 3108 «Vicissim
529 3047 751 3134 Cleopatram,
766 3046 864 3136 paulo
873 3060 949 3109 ante
963 3043 1107 3107 fraterno
1124 3063 1198 3107 ma·

126 3180 137 3200 ·‹
152 3147 307 3211 trimonio
332 3147 523 3227 florentem,
547 3162 596 3210 tot
621 3168 737 3235 regum
760 3147 930 3227 sobolem,
953 3145 1098 3235 reginam
1125 3166 1198 3219 atu·

127 3279 137 3300 i
152 3246 288 3358 piissimi
301 3248 409 3333 regni,
426 3264 545 3359 praeter·
559 3247 694 3360 originis
716 3247 947 3334 splendorem,
969 3267 1068 3334 quem
1088 3266 1197 3311 unum

126 3346 275 3433 «eripere
295 3347 427 3422 fortuna
449 3347 665 3433 nequivisset,
688 3364 802 3412 cetera
822 3346 1025 3435 perdidisse,
1048 3346 1198 3461 reginam

126 3446 311 3532 «primum,
327 3468 416 3508 nunc
431 3447 521 3510 omni
536 3470 638 3537 regno
651 3465 837 3515 extorrem:
846 3450 945 3540 igitur
958 3448 1081 3513 nihil
1055 3471 1084 3512 et
1099 3463 1197 3536 opta·

125 3544 278 3608 abiliusf
263 3546 333 3609 fore
344 3571 471 3634 ,quam
490 3549 610 3613 sicum
629 3550 723 3617 hoc
711 3572 831 3630 juvene
848 3551 982 3631 juncta,
1000 3571 1071 3638 part
1061 3547 1197 3664 ὥρι-

124 3662 215 3712 «tate
232 3650 496 3732 matrimonium,
505 3667 660 3739 preterea
678 3675 747 3717 non
762 3651 986 3741 spernendas
978 3651 1198 3740 inpraesentia

126 3773 245 3840 «opes,
261 3775 336 3816 curn
346 3777 463 3842 magna
477 3756 715 3843 exspectatione
727 3755 922 3843 ampliorum
932 3802 941 3836 ,
951 3767 1197 3841 recuperasset:

126 3882 139 3908 ι
151 3875 257 3941 neque
272 3869 378 3918 tamen
396 3855 575 3921 indotatam
587 3857 715 3937 venire,
733 3879 805 3944 quae
817 3857 965 3921 maximis
979 3854 1101 3943 ubique
1112 3855 1197 3921 ami·

124 3982 137 4007 ι
151 3955 233 4019 citiis
254 3971 352 4042 atque
372 3958 528 4021 clientelis
547 3958 676 4046 polleat
696 3957 780 4022 Nam
802 3958 837 4021 iu
860 3959 970 4045 Cypro
987 3955 1120 4044 qttidem
1137 3958 1197 4045 qui

123 4055 189 4118 «sit
209 4057 384 4138 exercitus,
406 4081 509 4144 quum
530 4059 640 4124 abhis
661 4059 852 4124 hominihus
870 4059 956 4148 regi,
978 4059 1035 4147 qui
1055 4060 1198 4147 acceptis

125 4155 191 4217 «ab
206 4180 242 4220 ea
257 4157 420 4222 beneficiis
434 4182 569 4246 quoquo
583 4158 686 4225 modo
702 4161 833 4225 relaturi
851 4159 1024 4225 videantur
1040 4161 1197 4248 gratiam,

159 4363 313 4429 §XXXIIL
329 4370 393 4416 hlor.
407 4371 457 4429 111,
471 4371 494 4418 5.
514 4397 549 4407 —
571 4371 695 4438 Porphyr.
709 4373 735 4421 in
752 4373 842 4423 Enoch.
858 4398 894 4412 --
916 4372 1026 4439 Appiam
1044 4373 1139 4437 Syriae.
1160 4400 1196 4412 -

124 4449 215 4497 Justiu.
230 4454 357 4511 xxxlx,
372 4470 395 4499 a.
413 4482 448 4490 —
460 4454 562 4517 loseph.
573 4455 651 4517 1111,
668 4470 709 4516 17.
