2594 4980
281 722 334 791 IN
363 720 479 789 LOC.
503 720 594 790 LIB.
620 722 748 790 LVIII
778 724 991 795 LIVIANI.
1099 728 1166 827 307

116 843 240 906 ausum
258 859 320 923 est,
345 864 441 905 nemo
458 856 559 921 vetat;
577 842 763 931 magistratu
786 866 820 909 se
835 844 982 911 abdicare
1003 849 1171 938 homines,

116 944 364 1008 «translatitium
378 952 435 1007 est.
452 942 524 1005 Sive
540 944 755 1008 caerimoniam
771 944 803 1007 in
819 945 975 1029 tribunis,
989 951 1055 1015 sive
1071 954 1174 1020 bono·

115 1068 205 1109 «rent
220 1068 289 1109 esse
299 1045 466 1123 volumus,
478 1043 591 1130 quidni
599 1042 768 1108 'voluntate
785 1048 897 1132 populi
913 1049 980 1112 hoec
993 1052 1118 1141 religio,
1134 1071 1173 1119 ut

114 1179 127 1202 a
136 1148 195 1210 aba
211 1163 412 1226 consecrata,
425 1146 546 1208 moveri
559 1160 673 1232 queat,
684 1161 717 1207 et
725 1145 793 1209 baec
805 1163 944 1233 potestas
955 1153 1101 1239 exemplo
1114 1175 1172 1219 ctu·

113 1265 276 1313 «terarum
293 1248 432 1312 abdicari
443 1245 457 1308 Ρ
468 1276 481 1300 »

158 1351 269 1415 XLIV.
288 1352 364 1413 Ilaee
379 1350 463 1411 inter
478 1347 651 1409 certamina
668 1369 770 1434 quum
785 1363 875 1413 aestas
896 1352 1051 1433 venisset,
1068 1356 1169 1419 comi·

113 1452 163 1514 tiis
173 1451 349 1515 tribunitiis
362 1447 571 1527 instantibus,
584 1469 660 1510 cura
676 1446 855 1536 studiisque
870 1448 1036 1517 fervebant
1047 1457 1167 1522 omnia.

115 1553 243 1642 Quippe
253 1551 364 1615 divites
374 1549 463 1613 omni
480 1571 542 1636 ope
557 1549 796 1631 annitebantur,
807 1566 843 1614 ut
857 1574 954 1639 quam
970 1555 1169 1622 infestissimi

113 1653 259 1717 Graccho
276 1651 463 1740 legibusque
479 1649 546 1728 ejus
566 1649 688 1725 tribuni
707 1668 911 1739 crearentur:
928 1653 999 1733 ejus‘
1012 1659 1059 1721 rei
1074 1680 1169 1725 causa

112 1777 212 1841 quum
223 1753 326 1842 palam
336 1752 491 1815 coitiones
505 1748 633 1831 fierent,
643 1750 762 1814 amicos
772 1751 891 1815 Tiberii
902 1770 1007 1821 metus
1022 1758 1168 1840 incessit,

112 1855 146 1917 ni
163 1856 349 1917 continuata
363 1853 407 1915 illi
424 1865 564 1939 potestas
583 1849 676 1915 foret.
692 1851 743 1915 Ab
757 1851 807 1914 his
821 1853 992 1931 inductus,
1005 1875 1041 1921 ut
1054 1861 1167 1947 populi

112 1954 215 2019 studia
226 1954 407 2018 recentibus
426 1952 546 2016 meritis
562 1949 621 2014 sibi
636 1952 835 2039 pignoraret,
849 1955 958 2019 omnia
974 1957 1108 2023 miscere
1121 1960 1167 2025 le·

111 2057 204 2144 gibus
222 2053 464 2143 promulgandis
480 2053 594 2140 coepit,
610 2053 717 2115 minus
728 2054 795 2133 jam
810 2055 890 2119 boni
905 2055 1093 2146 decorisque
1106 2085 1167 2149 pu·

110 2158 199 2238 blicI,
214 2168 313 2244 'quam
332 2156 451 2218 irarum
469 2167 502 2216 et
515 2154 684 2217 simultatis
701 2176 775 2218 curn
794 2170 908 2219 senatu
924 2179 1072 2223 memor:
1091 2183 1166 2225 nam

110 2275 142 2323 et
152 2258 305 2322 militibus
316 2254 550 2344 stipendiorum
563 2255 728 2319 minuebat
740 2271 899 2344 tempora;
916 2274 949 2322 et
962 2263 1166 2346 provocatio·

85 2358 90 2367 “
111 2382 183 2422 nem
202 2382 219 2422 a
233 2357 395 2438 judicibus
409 2355 449 2419 ad
464 2355 621 2443 populum
637 2354 746 2436 dabat3
761 2372 795 2420 et
809 2356 910 2445 quum
928 2361 1106 2448 antiquitus
1124 2385 1164 2427 ex
1182 2396 1190 2423 t
1214 2404 1217 2411 =

110 2477 222 2524 senatu
234 2458 304 2523 lecti
316 2457 440 2539 judices
452 2472 574 2536 essent,
589 2456 691 2544 legem
702 2455 902 2534 judiciariam
911 2506 920 2539 ,
930 2481 1001 2546 quae
1013 2460 1164 2550 deinceps

107 2582 127 2621 a
141 2559 216 2622 Caio
229 2561 325 2620 fratre
341 2557 459 2645 perlata
475 2572 538 2637 cst,
558 2556 695 2637 ferebat,
712 2570 913 2623 attrectatores
925 2548 1098 2650 cqut'tesquc
1111 2586 1163 2627 ro-

107 2664 197 2722 mani
207 2661 284 2746 pari
297 2681 423 2721 nuntero
435 2657 628 2745 judicarent.

150 2760 245 2823 XLV.
261 2760 362 2822 Etiam
377 2758 489 2820 italicis
502 2757 648 2844 populis,
661 2779 702 2820 ne
715 2758 793 2844 quid
806 2758 847 2823 ad
861 2761 1075 2826 conciliandas
1089 2786 1161 2827 mo·

107 2858 155 2921 dis
172 2859 322 2922 omnibus
345 2858 427 2920 vires
444 2858 636 2919 intentatum
659 2857 793 2938 sineret,
810 2859 968 2924 civitatem
995 2886 1161 2928 romanam

106 2960 325 3046 pollicebatur.
344 2959 474 3021 Circum
489 2956 556 3019 baec
575 2974 720 3043 tempora
738 2958 818 3020 nihil
835 2981 853 3021 a
870 2959 1015 3024 Graccho
1030 2979 1161 3048 praeter·

107 3062 237 3125 missurn
255 3062 383 3140 ferunt,
402 3081 469 3146 quo
491 3058 701 3121 miserabilior
717 3058 839 3144 populo
862 3059 950 3123 fieret
970 3083 977 3122 :
996 3084 1070 3124 cum
1093 3078 1161 3127 atra

105 3179 193 3225 reste
211 3163 340 3250 prodire
354 3162 386 3225 in
407 3160 591 3248 publicum,
608 3158 806 3245 supplicare,
821 3158 915 3240 llere,
932 3163 1159 3229 commendare

73 3320 76 3327 .
107 3272 238 3326 matrem
260 3262 399 3349 populo,
416 3257 643 3323 commendare
659 3281 772 3345 parvos
789 3260 924 3342 liberos,
947 3284 1021 3344 eum
1045 3265 1159 3348 etiam,

105 3386 203 3449 quem
218 3364 315 3426 virilis
337 3384 430 3425 sexus
448 3360 599 3440 habebat,
621 3358 819 3445 producere,
836 3377 873 3424 ut
895 3378 1070 3449 conspectu
1088 3367 1157 3445 ejus

105 3464 204 3552 magis
214 3465 307 3527 etiam
318 3463 414 3525 animi
425 3476 713 3524 commoverentur.
722 3461 843 3548 Agebat
852 3478 959 3526 autem
970 3486 1036 3526 non
1048 3468 1158 3551 modo,

105 3580 141 3627 ut
155 3566 222 3652 ipse
238 3564 386 3638 tribunus
396 3561 590 3641 reficeretur,
599 3559 656 3623 sed
666 3561 743 3624 Caio
759 3565 847 3627 tratri
859 3564 1003 3628 camdem
1017 3584 1156 3653 potcsta-

104 3683 187 3746 tem,
205 3666 307 3755 Appio
328 3687 438 3727 socero
454 3665 656 3727 consulatum
674 3663 741 3726 dari
760 3664 907 3751 cupiebat
927 3687 934 3728 :
952 3667 1035 3730 banc
1057 3692 1156 3734 unam

102 3768 143 3832 ad
160 3764 369 3854 perpetranda
382 3780 482 3851 coepta
499 3765 583 3828 viam
600 3764 738 3827 rebatur.

147 3866 260 3930 XLVI.
273 3864 463 3927 Nitebamur
472 3863 622 3927 adversus
632 3864 699 3926 baec
712 3884 837 3926 summa
845 3866 1054 3930 contentione
1069 3871 1156 3936 locu·

103 3971 219 4059 pletes‚
234 3966 397 4057 gratiaque
410 3981 442 4028 et
456 3966 610 4028 clientum
628 3963 741 4027 studiis
755 3964 939 4046 effecerant,
950 3968 1030 4030 utin
1046 3969 1154 4035 feren·

52 4116 59 4131 .
103 4072 152 4135 dis
175 4068 333 4158 suffragiis
353 4088 456 4155 quum
478 4066 561 4131 vinci
580 4081 701 4152 partem
722 4086 812 4127 suam
829 4062 992 4131 Gracchus
1009 4070 1154 4135 animad-

83 4278 87 4285 '
137 4273 153 4338 S
169 4277 261 4323 XLIII.
274 4272 326 4321 Liv.
340 4272 465 4329 xxvm,
483 4285 521 4318 ta.
535 4294 569 4305 -
583 4268 645 4316 Plut.
658 4294 693 4304 -
707 4267 723 4332 S
735 4270 824 4317 mv,
841 4270 947 4333 Appian.
963 4269 1017 4318 Cir,
1032 4271 1074 4320 nb,
1087 4276 1106 4321 1.
1116 4302 1152 4313 -

103 4357 151 4405 Dio
159 4358 225 4421 apud
235 4356 314 4405 Vales-
327 4383 360 4393 -
375 4354 438 4403 Plut.
452 4380 487 4391 -
495 4352 548 4401 btv.
559 4351 624 4416 Epit
639 4378 674 4388 -
683 4351 737 4399 Val.
748 4353 815 4399 Max.
827 4353 878 4409 111,
891 4369 916 4397 a.
927 4378 962 4387 -
972 4351 1037 4401 Flos.
1046 4357 1097 4413 111,
1112 4374 1152 4421 ¹7·

103 4441 163 4503 -s
176 4442 252 4489 xtv.
262 4440 325 4487 vett.
340 4442 409 4497 11‚2.
423 4464 458 4475 ·-
470 4436 526 4484 Ilio.
536 4462 571 4473 -
579 4434 642 4483 rtur„
654 4460 683 4473 -·
698 4436 779 4498 Semp.
789 4434 865 4483 Atell.
875 4433 941 4497 apud
950 4433 1012 4482 Gall.
1022 4437 1059 4495 11,
1071 4440 1110 4488 1³.

941 4552 1002 4598 20.
