2594 4980
127 668 195 743 258
297 674 367 741 to.
396 670 740 740 FREINSHEMII
768 671 1015 745 SUPPLEM.

167 794 240 858 VII.
265 792 342 856 Post
366 792 449 856 hanc
477 789 599 856 cbdem
622 806 690 854 tota
711 790 780 855 fere
800 791 966 858 Lusitania
990 792 1169 865 deditione:

124 895 199 959 fecit
216 918 223 959 :
240 917 307 981 quo
320 895 421 973 majus
435 893 554 956 mirum
570 907 638 971 est,
654 892 754 956 unius
768 892 859 957 urbis
869 893 993 961 incolas
1006 897 1169 965 animum

122 997 274 1061 ferociam
289 1017 405 1059 exuere
415 992 557 1056 necdum
565 992 718 1081 potuisse.
728 992 957 1059 Cinainienses
968 995 1076 1079 enim,
1087 1020 1169 1085 quin

122 1099 290 1187 pecuniam
310 1099 428 1161 Brutus
445 1095 649 1183 imperasset,
672 1094 783 1184 legatis
804 1094 874 1175 ejus
896 1096 1097 1185 respondere
1111 1114 1169 1163 tunt

121 1199 207 1278 ausi,
216 1196 346 1283 ferrum
361 1198 421 1259 sibi
436 1194 644 1259 adtuendam
666 1193 839 1259 libertatem
855 1218 968 1279 suurn,
990 1222 1058 1263 non
1076 1222 1168 1265 arun

119 1301 166 1363 ad
171 1299 352 1376 emendam,
367 1296 508 1360 relicuum
516 1319 539 1360 a
548 1295 719 1385 majoribtu
727 1318 798 1362 csse.
811 1298 976 1363 Caeterum
988 1300 1167 1367 inutilistiut

119 1403 242 1465 viribus
264 1400 468 1464 contumacia
484 1413 534 1464 est
551 1421 559 1463 ε
579 1420 640 1463 nec
660 1398 845 1487 ambigitur,
863 1400 944 1487 quin
969 1400 1012 1466 ad
1028 1402 1166 1491 pannias

121 1503 275 1566 universe
288 1501 448 1589 Hispaniae
464 1500 604 1589 populos
616 1516 713 1563 tantus
727 1522 846 1590 pugnat
860 1500 995 1567 victoria
1010 1504 1164 1593 valescpo·

119 1603 249 1681 tuisset,
272 1603 305 1664 ni
329 1601 411 1664 male
434 1624 453 1664 a
477 1601 523 1665 Μ.
545 1600 679 1665 AEmilio
697 1617 786 1690 gesta
807 1601 993 1689 respublica
1016 1604 1081 1670 sub
1098 1604 1162 1669 ite·

120 1717 248 1790 tempus
269 1702 302 1763 in
320 1701 458 1764 Vaccaeis
476 1703 570 1765 foret.

164 1803 253 1865 VIII.
277 1803 325 1879 Is,
347 1802 495 1889 neglecto
516 1816 646 1865 senatus
666 1798 836 1882 mandato,
858 1824 926 1889 quo
949 1802 1101 1869 atum
1115 1806 1163 1871 ἡ

118 1903 328 1967 innocentibus
338 1902 525 1982 jubebatur,
538 1902 572 1965 in
586 1901 757 1966 obsidione
771 1901 948 1985 Pallantie,
965 1904 1163 1995 machinisque

119 2003 382 2093 compingendis,
395 2020 429 2068 et
442 2003 608 2067 frumento
624 2001 840 2067 convehendo
863 2018 953 2067 totus
970 2022 1050 2069 erat.
1066 2004 1163 2071 vana

118 2120 232 2169 contra
251 2105 331 2168 nibil
350 2106 500 2167 inausum
518 2102 759 2190 relinquebant,
783 2125 850 2191 quo
869 2102 990 2169 infensi
1010 2122 1045 2171 et
1062 2107 1162 2197 impar

121 2205 191 2267 tuni
210 2204 312 2267 bostis
329 2219 464 2268 conatus
482 2220 515 2267 et
531 2202 664 2268 consilia
679 2203 864 2293 frangerent
880 2226 889 2268 t
904 2220 1016 2271 tamen
1034 2230 1054 2273 a
1070 2224 1161 2273 acuta

119 2321 209 2392 parte
223 2304 387 2393 pugnandi
401 2304 494 2392 copia
510 2302 624 2385 fiebat3
641 2320 768 2369 tantum
784 2327 842 2395 per
856 2308 1046 2375 occasione
1062 2308 1162 2375 terite

119 2406 236 2493 preliis
258 2407 451 2481 certabatur,
470 2404 745 2493 captabanturque
760 2404 900 2470 nocendi
919 2422 1081 2497 tempora,
1100 2430 1161 2475 ota·

119 2524 166 2571 tra
181 2511 431 2573 frumentatores
447 2508 586 2572 maxime
600 2504 762 2597 dispositis
773 2506 918 2573 Insidiis:
934 2508 1161 2601 fuissetqueaii·

119 2608 250 2695 qnando
269 2632 423 2697 magnum
441 2608 673 2673 detrimentum
694 2625 862 2697 acceptum
879 2608 976 2697 (nam
992 2612 1094 2701 palam
1110 2612 1160 2677 ait·

119 2711 282 2774 cumventi
309 2712 447 2774 Romani
471 2710 596 2797 erant),
624 2710 659 2773 ni
687 2710 841 2792 Plancus,
866 2712 925 2799 qui
953 2736 1027 2779 eam
1049 2734 1159 2779 mauu!

118 2811 273 2891 ducebat,
289 2813 358 2876 utili
375 2811 544 2876 mendacio
555 2826 723 2899 stuporem
741 2811 890 2875 hostibus
907 2810 1107 2897 incussisset,
1117 2812 1158 2879 dt·

118 2910 187 2976 dito
206 2935 264 3000 per
282 2914 464 3001 manipulos
483 2933 630 2992 raimone,
649 2911 848 2975 Pollentiam
869 2935 892 2976 a
913 2916 1043 2982 contule
1057 2930 1158 3005 captu

118 3038 180 3077 csse
190 3040 203 3094 ;
223 3037 319 3102 quarn
340 3015 381 3078 ad
398 3034 511 3078 vocem
529 3036 633 3101 quum
655 3013 780 3078 accensi
793 3014 901 3079 Isctitia
920 3017 1039 3083 milites
1055 3014 1156 3083 murb-

119 3132 278 3193 massent,
297 3114 475 3201 perturbati
493 3114 623 3195 hostes,
641 3136 821 3202 verumque
844 3118 1000 3183 nuntium
1022 3120 1096 3201 rati,
1109 3134 1154 3207 pt!

118 3238 255 3278 moerore
273 3232 305 3279 et
322 3213 416 3276 taedio
435 3214 520 3275 faisse
536 3214 651 3293 cladis,
670 3229 789 3278 certam
806 3217 976 3283 victorIam
993 3242 1013 3283 e
1030 3216 1150 3285 mamb!

118 3313 319 3378 dimiserunt.
942 3370 945 3375 .

162 3416 220 3477 IX.
236 3415 367 3477 I'laccus
381 3433 456 3475 cum
470 3412 571 3500 copiis
587 3428 620 3477 et
640 3414 805 3479 frumento
823 3415 857 3479 in
870 3434 975 3483 castra
988 3414 1148 3485 rediitltu

119 3531 227 3579 tamen
244 3513 317 3576 ideo
331 3513 430 3576 fames
444 3527 477 3577 et
496 3512 606 3600 inopia
623 3512 748 3579 diutius
762 3537 782 3579 a
796 3517 907 3581 castris
923 3520 1067 3585 menania
1077 3512 1148 3585 uod

119 3617 241 3703 potuit,
261 3615 463 3701 consumptis
488 3614 571 3678 circa
589 3616 759 3696 omnibus,
776 3634 833 3682 aut
858 3634 950 3683 metu
969 3621 1147 3687 barbaram
1197 3628 1200 3637 '

119 3717 245 3779 intactis
263 3715 414 3802 :jamque
437 3739 503 3778 non
523 3715 621 3781 motio
639 3716 784 3796 jumenta
803 3721 941 3807 passitn,
956 3723 1015 3789 sed
1032 3720 1146 3789 bonif!
1198 3750 1200 3799 ς

118 3840 250 3904 quoque
271 3818 362 3880 nruiti
391 3818 623 3897 moriebantur,
644 3816 749 3884 donee
772 3821 863 3884 omni
885 3823 1042 3911 patientia
1058 3834 1146 3915 φη*

118 3937 328 4004 consumpta,
342 3921 522 4006 proconsul
537 3936 669 4007 repente
682 3921 744 3984 sub
762 3938 909 4008 quartam
924 3926 1064 4015 vigiliam
1077 3910 1145 3987 iutifl'

117 4020 350 4107 profectionem
367 4020 470 4099 jussit
491 4019 542 4084 Ibi
569 4020 746 4111 longinqua
766 4024 895 4089 nriseria
918 4042 952 4091 et
976 4042 1093 4093 terrare
1110 4038 1145 4087 t*

116 4121 202 4203 bito,
218 4122 271 4185 cui
286 4121 413 4185 licentia
429 4122 532 4186 noctis
550 4140 737 4205 accesserat,
755 4125 836 4189 nihil
851 4124 988 4207 ordine,
1003 4128 1144 4195 nibiiotl·

116 4218 187 4285 silio
207 4240 344 4310 gestum.
364 4221 602 4311 Urgebantura
623 4223 762 4289 tribunis
780 4242 812 4290 et
832 4229 1093 4311 centurionibus,
1107 4236 1146 4313 Ρ*

151 4416 248 4477 §vua
262 4417 314 4465 Lir.
328 4417 393 4481 Epit.
407 4442 441 4453 -
455 4416 506 4465 tut.
519 4415 610 4479 Obteq.
623 4445 656 4457 -·
670 4418 741 4465 Oros.
757 4444 789 4456 -
803 4420 913 4483 Appian.
924 4422 997 4487 pr.
