2594 4980
120 803 166 876 56
296 810 363 877 JO.
390 811 731 880 FREINSHEMII
761 809 1004 880 SUPPLEM.

119 927 229 990 silanis
241 929 391 1016 nationis)
405 930 437 992 in
451 931 585 994 bibema
599 930 732 995 abduxit
747 932 933 995 exercitum.
944 931 1030 993 Tum
1043 947 1120 992 vero
1130 946 1175 989 su·

120 1028 186 1092 bita
200 1029 379 1094 defectione
393 1035 541 1095 omnium
559 1032 599 1097 de
612 1035 738 1122 integro
752 1034 886 1096 turbatae
900 1055 971 1113 res,
986 1045 1019 1094 et
1034 1027 1173 1118 quaedam

119 1131 252 1194 urbium
268 1155 343 1195 cum
361 1135 516 1197 Romanis
535 1135 743 1197 sentientium
761 1135 989 1208 circumsessae.

163 1231 234 1296 Vll.
252 1235 339 1296 Dum
358 1235 389 1296 in
408 1258 447 1297 eo
465 1251 550 1298 statu
567 1235 771 1323 hispaniense
787 1235 907 1299 bellum
922 1250 986 1313 est,
1003 1233 1114 1294 Romae
1129 1249 1173 1292 se·

120 1348 214 1396 natus
227 1335 395 1422 Astymedi
409 1335 505 1400 datur
517 1336 720 1400 Rhodiorum
740 1336 860 1425 legato,
879 1357 976 1423 quem
994 1332 1173 1420 preelectum

116 1433 214 1497 simul
230 1435 337 1499 classis
354 1453 549 1501 creaverant.
569 1437 646 1500 Erat
661 1437 711 1500 his
727 1437 847 1500 bellum
863 1459 939 1500 cum
954 1431 1173 1511 Cretensibus,

115 1534 267 1600 adversus
284 1560 366 1624 quos
383 1539 545 1602 sociorum
562 1562 640 1627 opes
655 1538 876 1602 sollicitabant.
893 1535 1046 1601 Decrevit
1060 1548 1174 1597 extem·

116 1635 171 1728 plo
180 1637 301 1727 legatos
311 1654 439 1702 senatus
450 1687 459 1719 ,
470 1641 525 1727 qui
536 1640 620 1703 bello
633 1641 731 1704 finem
741 1640 957 1727 imponerent.
978 1636 1072 1701 ldem
1088 1653 1176 1721 nego·

118 1737 202 1801 tium
217 1738 408 1801 Achaeorum
423 1738 497 1829 er‘ga
508 1741 673 1804 Romanos
687 1739 807 1805 detexit
819 1739 1034 1825 obsequium,
1046 1731 1175 1800 libertati

116 1838 222 1924 gentis
252 1840 340 1905 baud
365 1863 440 1904 sane
462 1842 680 1922 conveniens,
698 1839 754 1904 sed
779 1863 838 1928 pro
863 1857 1011 1927 tempore
1038 1855 1175 1901 necessa·
1203 1870 1206 1877 ·

116 1936 213 2001 rium
238 1941 392 2022 Rhodiis,
410 1941 564 2006 auxilium
588 1942 789 2029 petentibus,
811 1942 957 2029 plerique
987 1936 1175 2003 mittendum

117 2059 320 2108 censuerant.
337 2045 400 2109 Sed
417 2045 599 2109 Callicrates
615 2046 803 2109 Leontesius
820 2045 965 2132 negavit,
974 2041 1041 2130 fas
1059 2040 1175 2104 Aclaeis

117 2161 179 2204 esse
199 2144 252 2206 vel
264 2147 426 2209 &edicendi
438 2150 584 2234 seipsam
599 2145 691 2226 belli,
705 2145 762 2208 vel
768 2143 905 2232 firendi
914 2143 1054 2223 auxilii,
1068 2141 1175 2204 Itoma-

117 2243 165 2306 nis
178 2247 371 2314 inconsultis.
387 2249 454 2310 Hac
467 2247 612 2310 oratione
630 2263 783 2334 tanquam
803 2247 938 2309 fulmine
950 2244 1115 2333 percussi,
1126 2238 1175 2327 qui

116 2340 279 2409 diversum
296 2364 506 2425 censuerant,
523 2348 683 2432 quievere.
703 2347 813 2409 Multae
836 2346 989 2434 deinceps
1009 2344 1174 2434 legationes

117 2436 254 2510 Romam
273 2471 376 2536 quum
396 2448 579 2526 venissent,
596 2469 660 2540 prae
677 2447 807 2532 reliquis
825 2448 955 2511 auditus
973 2447 1100 2511 Attalus
1116 2457 1174 2521 est,

117 2544 274 2611 Eumenis
291 2546 385 2611 filius.
396 2548 537 2610 Venerat
550 2546 577 2607 is
599 2546 632 2606 in
652 2547 767 2610 urbem
787 2548 965 2611 admodum
980 2571 1082 2635 puer,
1099 2559 1135 2607 ut
1146 2563 1175 2605 se

116 2648 360 2711 commendaret
371 2644 537 2724 Patribus,
551 2645 789 2732 amicitiamque
801 2662 833 2708 ct
847 2648 979 2735 hospitii
997 2645 1121 2734 paterni
1129 2644 1174 2721 jus

117 2771 192 2815 cum
207 2750 329 2837 populo
343 2770 480 2812 romano
496 2746 661 2809 recoleret.
670 2746 739 2810 ⁴llic
752 2747 850 2834 igitur
863 2746 1065 2834 perbenigne
1084 2742 1175 2806 corni·

115 2865 231 2934 terque
248 2864 318 2912 tum
334 2849 375 2912 ab
394 2861 526 2925 senatu,
548 2860 620 2908 tum
639 2845 679 2908 ab
703 2848 843 2932 paternis
865 2848 993 2927 amicis,
1007 2846 1174 2932 'exceptae

119 2971 195 3012 cum
210 2971 383 3036 responso,
399 2947 493 3034 quale
507 2945 878 3032 optaverat,bonoribus
894 2947 977 3009 aetati
992 2944 1176 3009 convenien-

118 3050 223 3128 tibus,
238 3048 374 3112 domurn
391 3047 503 3127 rediit3
516 3046 635 3134 insigni
651 3046 758 3109 favore
770 3069 945 3134 graecarum
959 3046 1114 3124 urbium,
1126 3062 1177 3131 per

116 3172 198 3235 quas
216 3150 278 3212 iter
293 3150 354 3235 ipsi
371 3162 455 3226 erat,
475 3148 614 3233 profusae
636 3145 865 3209 benevolentiae
880 3147 981 3235 signis
997 3148 1175 3210 venientem

116 3248 359 3332 abeuntemque
383 3246 674 3333 prosequentium:
698 3268 772 3308 nam
789 3263 879 3334 pater
902 3248 997 3334 pueri
1021 3248 1177 3311 Eumenes

115 3368 204 3410 unus
218 3346 367 3408 omnium
384 3367 441 3407 sua
456 3359 549 3406 aetate
562 3367 691 3431 regum,
706 3346 843 3432 plurima
857 3349 890 3409 in
909 3348 1041 3411 Graecos
1056 3345 1178 3433 publice

116 3446 331 3535 privatimque
341 3441 498 3506 beneficia
509 3444 699 3507 contulerat.
708 3447 806 3510 Venit
817 3448 963 3510 similiter
972 3447 1179 3532 discessitque

116 3544 222 3610 Roma
237 3544 421 3607 Demetrius
436 3566 528 3631 puer,
543 3541 775 3626 mediocribus,
789 3546 831 3610 ut
841 3549 917 3611 anni
932 3549 1003 3627 ejus
1018 3562 1129 3627 erant,
1140 3541 1181 3607 af·

114 3646 220 3710 fectus
237 3643 427 3707 honoribus.
576 3701 577 3705 ,

104 3731 113 3745 ’
162 3743 251 3808 Vlll.
266 3743 337 3805 Hoc
349 3741 510 3830 digresso,
525 3743 725 3824 Heraclides,
738 3745 794 3830 qui
808 3766 883 3807 eum
897 3746 1040 3810 Laodice
1052 3762 1085 3809 et
1096 3746 1181 3808 Alex·

114 3842 220 3910 andro
241 3840 366 3904 dudum
379 3843 411 3904 in
430 3843 512 3905 urbe
523 3843 793 3921 commorabatur,
809 3859 984 3930 postquam
996 3845 1039 3910 ad
1056 3863 1181 3909 causam

116 3965 211 4010 suam
224 3941 418 4006 fulciendam
432 3943 514 4004 nihil
529 3942 709 4005 calliditatis
723 3957 755 4003 et
767 3938 1002 4029 praestigiarum
1012 3942 1183 4032 praetermi-

113 4047 225 4123 sisset,
237 4065 321 4128 quos
334 4043 502 4107 facillimos
518 4037 624 4106 fraudi
637 4040 770 4128 putabat
785 4040 893 4103 Patres
910 4043 1108 4124 ambiendo,
1121 4060 1183 4105 tan·

115 4145 192 4210 dem
210 4143 245 4204 in
265 4143 386 4206 curiam
401 4159 450 4207 est
466 4140 681 4205 introductus.
705 4139 797 4200 Prior
809 4139 992 4206 Alexander
1010 4145 1118 4207 oravit
1138 4164 1183 4205 se·

116 4259 250 4324 natum,
268 4259 305 4306 ut
326 4247 492 4323 amr'citioe,
511 4263 585 4331 quse
608 4261 679 4303 cum
697 4255 793 4325 patre
809 4260 865 4303 suo
879 4244 1043 4306 Antiocho
1045 4243 1181 4329 fus‘sset,

151 4455 225 4521 SVI.
238 4454 325 4518 Polyb.
336 4416 450 4520 lixum-pt.
463 4457 545 4517 Legat.
555 4460 613 4506 rar.
627 4477 662 4487 -
677 4447 784 4513 Appiae.
794 4475 830 4486 —
839 4452 919 4501 strab.
932 4454 978 4503 lib.
993 4456 1041 4506 m.
1056 4485 1093 4496 -
1104 4455 1183 4524 svn,

42 4542 46 4547 '
117 4537 207 4602 Polyb.
219 4537 334 4603 Excerpt.
342 4539 424 4601 Legat.
436 4537 500 4595 138,
516 4535 565 4596 139
574 4544 600 4583 et
613 4541 674 4598 140,
683 4542 707 4579 et
717 4530 784 4595 apud
793 4532 874 4583 Voles.
884 4534 929 4583 lib.
939 4537 1045 4598 xm,
