2594 4980
322 695 377 766 IN
405 694 518 762 LOC.
545 694 639 762 LIB.
667 694 717 761 LI
747 691 962 762 LlVIANl.
1110 687 1176 786 159

140 836 187 898 tur,
196 816 243 882 sed
256 815 476 896 festinatione3
488 811 767 902 quemadmodum
779 827 843 877 eta
858 811 1078 877 munitoribus
1095 811 1179 877 nihil

95 996 98 1003 Ι
139 918 288 1008 proposito,
300 914 359 983 sed
367 938 425 1005 per
437 915 680 980 festinationem
694 915 806 978 omnia
818 911 938 977 fiebant
949 935 957 978 t
968 913 1089 1002 quippe
1099 937 1179 979 con·

139 1021 216 1084 tenuo
229 1018 423 1102 certaminis,
434 1033 468 1082 et
478 1017 664 1106 prnpinqua
672 1038 747 1105 spes
757 1014 916 1096 victorin,
926 1029 960 1078 et
970 1014 1021 1080 his
1037 1016 1176 1081 stimulis

139 1143 279 1210 properans
291 1118 470 1201 exercitus,
482 1135 636 1208 practerea
653 1140 840 1207 praeconum
855 1138 969 1198 voces,
980 1132 1012 1182 et
1023 1117 1176 1183 tubarum

140 1236 241 1304 unus,
258 1238 326 1286 urm
346 1221 558 1286 tribunorum
577 1221 874 1308 centurionumque
893 1241 969 1283 cum
986 1218 1176 1285 cohortibus

140 1337 182 1386 ant
191 1323 346 1412 manipulis
363 1321 617 1387 discurrentium
630 1322 803 1410 strepitus,
820 1321 970 1385 omnium
988 1343 1102 1385 sensus
1116 1323 1176 1387 he·

140 1420 307 1506 betarerant;
321 1441 362 1489 ut
378 1424 479 1488 veluti
495 1424 653 1512 lymphati
672 1423 874 1512 quantalibet
888 1421 1090 1502 objectorum
1105 1447 1177 1513 spe·

141 1525 304 1590 cuculorum
329 1523 473 1591 foeditate
492 1547 609 1613 parum
633 1541 853 1589 moverentur.
877 1525 1013 1589 Duravit
1031 1524 1100 1590 bare
1118 1549 1177 1615 op·

141 1628 262 1712 pugnatio
278 1626 347 1692 dies
363 1642 543 1715 noctesque
559 1649 615 1690 sex
631 1626 822 1711 continuas,
839 1626 873 1689 in
888 1626 998 1690 locum
1015 1626 1176 1703 fessorum

141 1726 353 1794 accedentibus
375 1728 518 1795 subinde
543 1719 745 1809 recentibus,
767 1729 956 1817 priusquam
981 1728 1092 1795 labore
1110 1747 1176 1795 tarn

143 1823 258 1914 inprobo
267 1831 444 1922 proconsul
458 1832 667 1895 vinceretur:
685 1831 761 1918 qui,
778 1826 900 1896 caeteris
912 1854 971 1919 per
986 1831 1071 1897 vices
1082 1834 1190 1921 quie,

142 1929 288 2014 soendbus,
303 1934 393 1998 solus
412 1933 563 2001 omnium
581 1930 714 2020 perdius
731 1948 763 1995 et
780 1954 925 2021 pernox,
947 1933 1120 2021 somnique
1143 1951 1176 1998 et

118 2052 125 2065 ³
141 2025 201 2104 obi,
213 2034 264 2098 uisi
281 2035 367 2099 inter
383 2035 491 2123 ipsum
509 2056 594 2123 opus
612 2034 711 2124 rapti,
726 2057 854 2123 expers,
873 2034 1015 2123 vigilias,
1031 2036 1177 2117 labores,

141 2127 288 2220 adspectum
304 2139 412 2226 ipsum
429 2153 479 2202 tot
493 2136 749 2205 tristissimamm
767 2159 878 2202 rerum
894 2135 1007 2201 eadent
1024 2139 1176 2224 patientia

141 2234 289 2312 pertulerat.
310 2239 399 2303 Turn
421 2260 500 2302 vero
524 2235 706 2302 lassitudini
729 2236 865 2320 cedens,
885 2238 918 2301 in
943 2239 1069 2302 excelso
1093 2262 1177 2327 quo·

142 2325 195 2394 *ltu
205 2334 283 2420 loco,
297 2338 389 2404 unde
406 2339 581 2427 inspicere,
595 2360 668 2427 quac
680 2355 863 2427 agerentur,
878 2355 912 2404 et
925 2339 1086 2404 moderari
1101 2364 1176 2429 pos·

143 2443 190 2512 set,
204 2438 348 2504 consedit.

171 2532 246 2603 xlv.
260 2540 407 2630 Septimo
425 2539 559 2603 demum
578 2539 631 2604 die
645 2539 778 2627 quidam
795 2540 955 2628 supplices
973 2563 1049 2605 cum
1066 2543 1176 2608 infulis

143 2626 279 2728 AEnulapii
296 2657 459 2706 venerunt
481 2641 600 2728 (hujus
625 2642 714 2705 enirn
738 2641 789 2704 dei
814 2642 899 2705 aedes
920 2643 1068 2731 religiose
1087 2645 1177 2733 apud

141 2727 202 2816 illoc
218 2743 395 2830 colebatur)
415 2744 552 2832 precati,
578 2758 614 2807 ut
639 2747 711 2808 υἱέα
733 2743 884 2808 dedituris
902 2767 965 2807 sese
980 2745 1070 2810 salva
1090 2763 1175 2814 essa.

141 2831 279 2908 llfluuente
294 2844 464 2934 Scipione,
480 2845 544 2908 uisi
562 2843 653 2931 quod
670 2847 853 2933 translitgas
868 2863 1054 2933 exceperat,
1069 2848 1177 2934 primo

141 2935 276 3009 millerum
293 2946 393 3010 millia
411 2946 557 3035 quinque
574 2961 607 3011 et
622 2945 757 3035 viginti,
774 2968 851 3009 mox
864 2947 996 3034 triginta
1013 2948 1112 3012 millia
1127 2953 1176 3013 vi·

140 3051 221 3108 mmm
240 3070 363 3139 egressa
383 3049 534 3137 potestati
556 3070 592 3115 ae
608 3047 739 3112 victoris
756 3048 998 3136 permiserunt:
1018 3049 1071 3114 alii
1088 3051 1176 3116 viro·

139 3152 190 3204 ΠΜ
208 3150 411 3242 quadraginta
435 3152 554 3232 millia,
580 3148 713 3239 quidam
739 3149 912 3215 hominum
944 3151 1178 3242 qtrinquaginta

139 3238 224 3332 ¹¹¹ilii,
234 3277 296 3319 non
312 3254 468 3319 distincto
485 3276 582 3333 sexu,
599 3250 815 3316 tradiderunt.
832 3252 905 3315 Hoc
919 3269 1066 3342 tempore
1080 3276 1177 3320 aecu-

138 3341 268 3420 fllisstinis
287 3356 440 3448 precibus
459 3370 587 3444 oratum
609 3355 651 3419 ab
668 3376 771 3418 uxore
789 3353 1024 3419 Hasdrubalem
1047 3355 1176 3453 ferunt,

139 3453 166 3501 '¹¹
175 3454 269 3522 aluisse
282 3458 375 3524 omni
388 3480 445 3546 spe
459 3455 669 3522 defendendae
680 3455 787 3538 urbis,
804 3472 1008 3544 postremum
1020 3479 1086 3521 suae
1098 3481 1175 3522 suo·

137 3558 242 3644 'mque
256 3561 369 3627 salutis
384 3558 571 3649 praesidium
585 3558 620 3622 iu
634 3558 804 3622 clementia
819 3557 979 3646 Scipionis
991 3577 1151 3647 quaereret
1165 3583 1174 3624 :

135 3647 176 3712 ’ἦ
191 3665 356 3754 expugnari
373 3679 445 3726 turn
466 3660 574 3726 stolidi
595 3675 628 3724 et
647 3661 721 3723 vani
742 3659 886 3723 hominis
908 3659 1083 3747 pertinacia
1106 3683 1176 3723 nnn

132 3760 227 3846 P⁰tuit3
242 3766 274 3828 in
287 3763 465 3851 AEsculapii
482 3764 662 3850 templum,
680 3783 756 3824 cum
769 3782 871 3824 uxore
885 3776 918 3824 et
935 3759 1066 3825 duobus
1084 3761 1176 3842 filiis,

131 3853 409 3956 &nugarumque
422 3862 568 3952 reliquiis
584 3860 647 3950 (ad
660 3877 845 3951 nongentos
862 3861 1070 3950 supererant)
1079 3885 1114 3925 se
1127 3886 1177 3925 re-

127 3950 243 4049 flPicus,
258 3967 336 4031 inde
360 3965 489 4046 adjutus
505 3963 677 4028 altitudine
692 3963 756 4026 loci
777 3963 870 4048 (natu
887 3964 1050 4052 sexaginta
1067 3960 1175 4049 grndi-

123 4032 174 4115 l⁰⁸
197 4065 379 4152 adibatur),
407 4082 439 4130 et
464 4066 638 4154 transfugis
663 4086 723 4150 per
749 4080 925 4129 extremam
957 4064 1175 4130 necessitatem

118 4139 191 4226 ”filil
203 4189 265 4232 non
282 4167 497 4248 audentibus,
514 4164 724 4257 repugnabat.

101 4416 124 4467 n
141 4353 161 4420 3
179 4376 260 4426 xtrv.
280 4334 531 4433 010⁸.1v‚2.l.-
549 4372 657 4437 Appian.
677 4373 761 4421 Punic.
782 4400 815 4410 -
838 4371 854 4435 s
872 4371 950 4418 xtv.
967 4372 1040 4416 Oros.
1059 4397 1091 4406 -
1109 4371 1174 4418 Flor.
1249 4340 1254 4351 Ι

132 4465 141 4482 ⁸
162 4457 199 4506 ¹5.
210 4487 245 4498 -
258 4459 368 4524 Appian.
378 4485 413 4496 -
423 4458 474 4506 Liv.
485 4460 551 4521 Epit,
561 4484 595 4494 -
605 4458 692 4503 Zonar.
