2594 4980
280 677 764 801 misceretur
793 733 1010 806 nrvmru.
1103 764 1174 838 7¹9
1204 832 1206 837 ¹

108 854 244 918 excessit
255 852 468 939 Hirpinorum
483 848 620 934 finibus,
632 851 666 913 in
677 852 846 915 Samnium
859 854 1010 939 tendens,
1020 875 1058 924 ut
1069 861 1171 948 ipsam

109 953 184 1017 belli
202 953 327 1017 socialis
344 975 451 1015 arcem
466 951 677 1016 exscinderet.
692 952 755 1017 Sed
772 954 889 1043 Papius
903 958 1037 1024 Mutilus
1050 963 1174 1028 Samni-

109 1056 191 1118 tium
209 1054 341 1129 ductor,
362 1054 395 1116 in
415 1053 492 1141 ipsis
511 1051 632 1117 finibus
651 1075 726 1116 cum
745 1053 848 1117 valida
870 1079 969 1121 manu
991 1065 1172 1148 excubans,

108 1154 214 1219 aditus
233 1153 411 1218 obsidebat.
435 1154 536 1243 Igitur
559 1154 667 1234 Sulla,
691 1177 795 1241 quum
817 1179 852 1220 se
877 1158 911 1221 in
936 1182 988 1224 eas
1010 1169 1173 1253 angustias

110 1254 306 1335 demisisset,
324 1271 362 1319 ut
378 1255 604 1319 circumveniri
623 1255 715 1319 facile
729 1273 854 1342 posset,
872 1259 1037 1348 colloquio
1051 1266 1172 1352 petito,

109 1356 151 1421 de
181 1357 424 1421 conditionibus
449 1356 537 1443 pacis
562 1355 682 1443 agitare
713 1378 790 1421 cum
824 1358 917 1424 hoste
945 1364 1058 1451 coepit,
1087 1370 1173 1432 varie

110 1482 177 1522 rem
201 1459 347 1539 trahens,
372 1457 477 1521 donec
499 1456 703 1520 occasionem
723 1457 880 1524 evadendi
904 1464 1154 1533 nancisceretur.

153 1559 323 1623 XXXVII.
347 1558 411 1621 Ubi
441 1559 516 1622 satis
546 1559 712 1623 remissam
740 1560 934 1626 Samnitium
960 1569 1172 1634 attentionem

108 1657 208 1740 vidit,
226 1676 258 1723 et
274 1675 407 1747 propter
426 1657 571 1722 inducias
586 1660 695 1723 omnia
710 1661 925 1750 negligentius
942 1665 1174 1753 administrari,

108 1760 237 1824 silentio
254 1761 358 1824 noctis
377 1759 542 1848 profectus
557 1777 623 1836 est,
640 1760 752 1825 relicto
768 1762 804 1824 in
822 1765 932 1828 castris
947 1765 1172 1853 buccinatore,

109 1878 146 1924 ut
162 1878 316 1949 tanquam
337 1861 501 1926 mutandis
516 1862 630 1950 vigiliis
645 1863 812 1926 classicum
826 1888 886 1953 per
900 1867 993 1931 solita
1009 1870 1173 1938 intervalla

109 1980 238 2027 caneret
250 1988 258 2028 :
272 1987 308 2027 ea
320 1987 369 2027 res
385 1962 482 2028 fidem
498 1965 658 2027 manentis
670 1964 787 2030 eodem
798 1965 871 2030 loco
883 1971 1042 2036 exercitus
1059 1974 1173 2041 incau-

108 2081 144 2127 to
159 2066 245 2129 hosti
261 2066 346 2130 lecit.
366 2068 492 2147 Quarta
506 2065 612 2154 vigilia
629 2067 817 2148 commissa,
831 2068 1022 2136 buccinator
1036 2077 1173 2164 agminis

108 2187 244 2230 suorum
264 2182 421 2253 sequutus
445 2166 595 2255 vestigia,
616 2189 718 2230 vacua
738 2167 888 2233 hostibus
905 2189 1007 2236 castra
1026 2178 1172 2265 reliquit,

108 2266 290 2354 militesque
309 2266 349 2330 ad
362 2289 467 2332 unum
488 2289 603 2331 omnes
621 2267 818 2351 incolumes,
837 2293 912 2335 cum
933 2273 1172 2362 impedimentis

108 2370 344 2457 tormentisque
359 2370 393 2432 in
409 2385 479 2434 tuta
497 2386 724 2457 pervenerunt.

151 2471 337 2537 XXXVIII.
362 2471 443 2537 Inde
469 2473 505 2537 L.
530 2472 638 2553 Sulla,
661 2473 759 2562 longo
786 2475 960 2540 circumitu
983 2500 1081 2561 usus,
1107 2505 1172 2569 qua

108 2572 241 2635 minime
264 2590 422 2638 venturus
440 2574 630 2661 putabatur,
651 2574 788 2660 irrupit;
807 2575 1032 2664 Samnitesque
1052 2582 1174 2670 impro-

107 2672 177 2735 viso
193 2672 378 2736 discrimine
394 2675 436 2736 ita
449 2673 580 2754 terruit,
597 2689 653 2753 ut,
672 2674 785 2737 occisis
801 2675 968 2761 plurimis,
986 2696 1117 2747 eaeteros
1137 2685 1171 2748 in

108 2772 217 2861 lugam
241 2774 425 2853 conjiceret.
453 2775 529 2836 Dux
556 2773 702 2837 hostium
728 2773 870 2861 Papius,
899 2783 1171 2866 prosequentibus

107 2897 242 2938 suorum
268 2875 396 2964 paucis,
412 2873 595 2938 AEserniam
616 2873 744 2937 saucius
764 2876 922 2960 pervenit.
940 2878 1044 2960 Sulla,
1072 2884 1172 2972 captis

106 2976 299 3041 Samnitium
320 2976 451 3056 castris,
476 2974 517 3039 ad
541 2974 720 3038 bovianum
743 2975 892 3062 perrexit.
915 2977 1087 3067 Praecipuae
1107 2983 1172 3047 cla.

107 3079 258 3143 ritudinis
275 3079 327 3142 illa
344 3093 532 3166 tempestate
548 3076 727 3140 bovianum
750 3092 835 3156 erat,
859 3076 1029 3165 tribusque
1044 3082 1172 3148 arcibus

107 3197 141 3242 et
161 3180 326 3243 communi
344 3178 448 3267 gentis
464 3178 603 3242 concilio
622 3176 841 3265 superbiebat.
861 3176 968 3258 Sulla,
989 3177 1098 3245 divisis
1115 3206 1172 3247 co-

107 3281 186 3369 piis,
204 3305 307 3369 quum
329 3283 397 3369 ipse
413 3277 455 3344 ad
471 3279 588 3344 urbem
604 3279 695 3367 signa
710 3277 887 3343 admovens
905 3280 1120 3348 Bovianenses
1136 3285 1170 3348 in

107 3405 141 3445 se
157 3383 388 3462 convertisset,
404 3381 482 3444 alios
498 3380 598 3469 longo
613 3378 700 3443 flexu
717 3378 973 3462 circummissos,
992 3404 1089 3468 quam
1106 3387 1172 3473 pri·

108 3504 198 3546 mum
214 3499 345 3569 possent
358 3482 481 3546 arcium
493 3503 678 3570 expugnare
684 3480 796 3562 jubet,
810 3481 959 3545 futurum
970 3499 1069 3566 ratus,
1081 3487 1171 3573 quod

106 3582 238 3664 accidit,
255 3599 293 3647 ut
305 3607 376 3648 eam
390 3584 424 3648 iu
437 3600 579 3674 partem,
596 3580 685 3645 unde
699 3582 792 3646 initio
810 3603 845 3645 se
863 3582 1073 3665 ostendisset,
1090 3609 1171 3650 con·
1265 3616 1271 3627 ·

106 3685 313 3749 currentibus
329 3684 517 3772 oppidanis,
531 3683 662 3771 segnior
679 3681 719 3746 de
737 3682 967 3747 remotioribus
984 3707 1062 3749 cura
1076 3703 1169 3751 esset.

150 3784 304 3849 XXXIX.
331 3784 395 3847 Ubi
413 3801 539 3873 captam
556 3806 664 3847 arcem
683 3805 722 3845 ex
740 3782 833 3846 fumo
855 3783 867 3869 (
877 3784 923 3847 sic
941 3785 1028 3848 enim
1051 3810 1171 3852 conve·

107 3886 218 3970 uerat)
236 3887 408 3975 cognovit,
427 3886 495 3972 ipse
512 3906 644 3971 quoque
659 3898 726 3948 tota
743 3883 829 3947 mole
849 3906 1039 3973 oppugnare
1055 3889 1171 3953 urbem

106 3986 210 4072 coepit.
225 3986 344 4049 Tribus
357 3986 493 4049 omnino
505 3984 596 4047 boris
611 3985 737 4047 fortiter
746 3983 789 4047 ab
802 3983 940 4047 obsessis
955 4006 1171 4075 repugnatum

105 4102 154 4149 est
169 4110 176 4150 :
193 4084 268 4151 indo
285 4109 387 4174 quum
403 4101 466 4149 eta
482 4100 575 4172 capta
588 4101 679 4172 parte
691 4083 782 4148 urbis
797 4082 990 4149 decurrente
1005 4087 1172 4171 Romano,

105 4207 223 4274 anceps
237 4202 342 4250 metus
354 4185 623 4265 circumsisteret,
638 4183 814 4273 profligatis
825 4183 1070 4268 defensoribus,
1085 4189 1171 4256 Sulla

140 4381 155 4447 S
169 4383 291 4430 mvl.
305 4382 336 4430 U.
347 4381 376 4430 C.
387 4380 453 4439 6633
467 4383 497 4431 Α.
507 4383 536 4432 C.
548 4383 589 4444 89.
606 4407 637 4417 -
650 4383 733 4427 Frons.
749 4381 771 4437 1,
785 4382 808 4426 5.
822 4381 886 4445 -s
902 4383 1049 4432 xxxvnt.
1062 4388 1171 4451 Appian.

105 4467 159 4513 civ.
173 4467 216 4516 lib.
234 4469 254 4514 1.
267 4496 299 4503 -
315 4467 367 4515 Iit.
384 4465 448 4531 tpn.
