2594 4980
101 705 180 786 ,286
276 700 715 778 Jo.FRE1NsHEM11
746 709 994 810 surrenti.

109 825 309 892 adduxerant
325 846 462 913 pueros,
483 826 583 890 felicis
600 830 669 893 ausi
688 828 822 893 nuntios
841 830 874 892 in
896 830 1012 894 urbem
1032 830 1175 896 remisis-

109 945 197 1010 sent,
216 928 312 993 citato
324 949 422 991 cursu
438 951 496 1016 per
508 931 607 994 urbes
619 931 836 995 Arvaccorum
849 932 1011 1012 feruntur,
1026 953 1101 994 curn
1114 931 1174 998 ba·

109 1031 183 1094 bitu
205 1046 237 1094 et
262 1029 396 1093 vocibus
422 1031 624 1119 supplicum,
642 1032 829 1097 miserrime
852 1033 972 1096 civitati
1001 1055 1019 1096 a
1041 1053 1176 1096 consan-

110 1131 235 1221 guineis
254 1147 286 1194 et
305 1131 456 1195 fratribus
472 1132 538 1195 suis
558 1132 713 1197 auxilium
729 1149 868 1197 orantes.
892 1130 990 1221 Apud
1007 1133 1085 1197 alios
1102 1135 1174 1222 plus

108 1234 341 1314 miserationis,
361 1256 458 1320 quarn
478 1232 630 1320 praesidii,
653 1251 845 1323 repertum:
865 1256 985 1322 pronos
1001 1234 1042 1299 ad
1058 1235 1176 1300 subve-

109 1335 266 1400 niendum
277 1337 403 1399 animos
415 1351 597 1422 torpescere
611 1335 747 1426 cogebat
761 1356 903 1399 romano
917 1334 1071 1422 potentiae
1082 1357 1176 1424 repu-

85 1437 203 1520 “tatio,
218 1454 251 1501 et
262 1458 354 1525 paene
365 1438 398 1500 in
413 1437 514 1501 oculis
529 1456 604 1501 cum
614 1437 810 1526 imperatore
820 1437 960 1500 maximo
974 1435 1175 1501 validissimas

108 1540 218 1626 copiae.
230 1538 331 1602 Lutiae
340 1539 490 1602 nonnihil
506 1538 627 1603 affulsit
635 1538 703 1627 spei
715 1537 886 1628 (oppidum
899 1537 1046 1602 estintra
1059 1535 1174 1602 decem

109 1641 206 1703 millia
220 1662 373 1727 passuum
394 1663 411 1702 a
436 1640 612 1704 Numantia
630 1637 787 1727 distans),
804 1637 862 1702 ubi
876 1639 1049 1722 juventui,
1064 1653 1102 1701 ut
1121 1638 1176 1702 eui

108 1742 181 1830 plus
190 1741 306 1822 animi,
321 1764 418 1828 quarn
434 1742 580 1823 consilii,
597 1757 697 1823 esset,
709 1742 870 1806 civitatem
883 1739 924 1805 ad
936 1739 1087 1805 socianda
1097 1763 1176 1805 cnm

108 1840 316 1906 Numantinis
339 1863 427 1906 arma
452 1843 645 1931 impellebat.
672 1843 838 1925 seniores,
866 1866 969 1931 quum
998 1864 1032 1906 se
1055 1842 1176 1906 frustra

108 1945 266 2010 obluctari
292 1960 479 2025 cernerent,
509 1945 617 2009 statim
641 1945 676 2008 in
700 1961 803 2010 castra
826 1945 985 2035 Scipionis
1013 1943 1175 2010 miserunt

109 2043 307 2128 indicatum,
325 2067 397 2132 quse
413 2045 447 2108 in
466 2068 524 2109 sua
538 2047 666 2110 civitate
684 2056 884 2137 gererentur.

151 2145 303 2209 XXXIV.
326 2146 400 2227 Ille,
422 2170 525 2234 quum
547 2148 616 2212 baee
632 2147 714 2212 bora
736 2148 799 2212 diei
821 2165 932 2213 octava
954 2147 1099 2211 nuntiata
1123 2168 1175 2211 es·

108 2263 196 2327 sent,
214 2246 295 2310 nihil
309 2263 498 2329 cunctatus,
515 2271 591 2313 cum
608 2249 756 2337 expedita
771 2266 861 2339 parte
876 2250 1042 2338 copiarum
1057 2248 1176 2338 postri-

108 2349 162 2414 die
177 2371 272 2413 mane
288 2348 328 2412 ad
346 2350 472 2414 Lutiatn
491 2351 571 2432 fuit,
586 2351 813 2440 principesque
823 2348 1002 2430 juventutis
1018 2349 1100 2414 tradi
1114 2350 1177 2413 im·

108 2451 238 2540 pererit.
269 2451 492 2514 Causabantur
515 2451 687 2541 oppidani,
710 2453 843 2540 enspisse
867 2451 939 2516 illos
961 2470 1004 2514 ex
1026 2451 1098 2514 urbe
1119 2450 1177 2514 sub

107 2553 274 2616 &ventum
290 2553 524 2634 Romanorum,
542 2567 573 2617 et
577 2552 669 2642 suga
685 2553 745 2637 sedi
761 2554 947 2618 consuluisse
964 2578 976 2617 .·
998 2552 1104 2618 donec
1119 2573 1176 2616 ex·

108 2653 229 2719 cidium
254 2653 426 2717 minitante
449 2655 616 2736 Romano,
639 2655 847 2720 vaccaeorum
869 2654 1076 2744 popularium
1098 2665 1178 2716 suo·

110 2777 182 2820 rnrn
197 2755 319 2819 exitum
328 2756 438 2836 veriti,
449 2756 504 2842 qui
515 2778 620 2844 nuper
631 2757 667 2820 in
678 2755 760 2821 urbe
773 2754 912 2843 quadam
924 2755 1064 2837 obsessi,
1075 2775 1177 2841 seque

108 2857 293 2946 liberosque
310 2875 342 2922 et
364 2879 481 2922 uxores
498 2858 755 2942 trucidaverant,
774 2870 898 2947 partem
918 2859 1054 2938 civium,
1077 2874 1177 2944 quam

108 2960 286 3042 civitatem,
303 2961 408 3049 perire
425 2962 620 3026 maluerunt.
635 2963 684 3026 lta
698 2959 800 3025 dediti
816 2977 893 3040 sunt
907 2959 948 3024 ad
959 2957 1178 3048 quadringen-

111 3078 181 3144 tos,
206 3063 324 3150 quibus
348 3062 388 3126 ad
413 3079 569 3126 terrorem
591 3062 729 3126 aliorum
751 3083 866 3124 manus
888 3058 1048 3149 amputari
1068 3056 1178 3145 Scipio

107 3164 220 3245 jussit,
238 3152 445 3250 abductoque
464 3186 573 3227 secum
590 3162 758 3251 prasidio,
773 3165 892 3228 iterum
915 3184 990 3226 cum
1011 3157 1177 3247 sequentis

110 3265 192 3329 lucis
209 3281 340 3338 exortu,
358 3265 391 3325 in
408 3280 509 3326 castra
524 3280 671 3327 reversus
687 3278 745 3327 est.

154 3365 290 3428 XXXV.
310 3366 397 3427 Dum
415 3365 458 3425 ita
474 3362 514 3426 ad
535 3363 745 3427 Numantiam
766 3363 873 3452 Scipio
890 3363 997 3443 sedet,
1015 3374 1177 3426 venerunt

110 3463 151 3530 ad
164 3486 240 3528 eum
252 3465 285 3526 in
302 3480 403 3527 castra
420 3465 502 3552 regis
520 3464 672 3528 Antiochi
685 3464 780 3554 legati
792 3487 867 3532 cum
883 3464 1086 3554 amplissimis
1102 3483 1182 3527 mu·

111 3565 254 3630 neribus.
278 3566 355 3628 Erat
372 3566 472 3627 fenne
489 3564 555 3643 jam
577 3566 611 3628 in
636 3587 728 3630 more
746 3566 889 3654 positum
908 3565 1179 3655 imperatoribns,

109 3682 147 3730 ut
165 3664 324 3748 ejusmodi
341 3665 426 3729 dona
440 3666 653 3751 occultarent,
670 3680 743 3731 suas'
761 3667 930 3731 manubias
944 3684 1101 3732 auctura:
1119 3665 1177 3730 sed

112 3766 233 3856 Scipio,
246 3766 303 3853 qui
313 3767 394 3830 nibil
404 3790 470 3832 non
482 3767 523 3832 ad
533 3767 766 3857 rempublicam
777 3769 951 3852 referebat,
965 3769 1111 3860 negarit,
1125 3787 1176 3850 se,

112 3869 174 3934 nisi
187 3869 386 3957 inspectante
400 3872 560 3951 exercitu,
575 3885 803 3959 accepturum,
816 3869 993 3958 referrique
1002 3870 1036 3933 in
1051 3869 1178 3934 tabulas

113 3993 131 4033 a
148 3984 307 4057 questore
321 3969 433 4050 jussit,
457 3971 534 4036 inde
550 3994 686 4036 munera
702 3992 738 4035 se
755 3971 894 4035 fortibus
912 3971 989 4036 viris
1007 3969 1179 4052 daturum,

114 4072 231 4161 insigni
256 4071 297 4135 ad
318 4073 469 4135 virtutem
494 4074 646 4156 stimulo,
676 4074 850 4162 professus.
883 4074 986 4138 Causa
1008 4071 1177 4164 legationis

114 4197 181 4237 non
201 4173 353 4255 traditur;
377 4173 432 4237 sed
454 4197 491 4236 ex
514 4176 645 4239 fortuna
667 4175 750 4264 regis
769 4174 875 4266 colligi
895 4174 1036 4240 fortassis
1058 4188 1177 4263 potest.

151 4371 166 4436 S
185 4368 305 4421 xxm.
325 4374 378 4423 Liv.
396 4375 461 4438 Epit.
476 4401 511 4410 -
522 4375 631 4439 Appiau.
647 4375 714 4440 -5
734 4378 842 4425 XXXV.
857 4376 910 4424 biv.
925 4377 990 4440 apta.
1011 4403 1046 4414 -
1064 4377 1116 4425 cte.
1129 4391 1179 4440 pro

114 4457 197 4516 Dtjot.
211 4473 264 4519 cap.
276 4473 299 4516 ς.
706 4477 712 4483 ·
