2594 4980
125 697 190 777 ΗΔ
291 692 362 759 10.
390 690 731 760 FREINSHEMII
760 691 1004 763 SUPPLEM.

118 817 218 905 pione
236 814 351 879 Nasica
371 811 496 892 melior,
513 833 619 899 neque
635 811 688 876 cui
703 811 744 876 ad
759 811 910 878 homines
927 812 1044 881 blande

120 915 196 996 dos,
217 915 290 1004 plns
309 912 568 992 existimationis,
585 929 617 977 et
634 912 811 996 facundiae,
830 929 862 978 et
878 914 1052 981 dexteritati

119 1018 210 1083 Idem
235 1039 347 1105 neque,
360 1014 482 1081 bellicae
506 1014 610 1080 laudis
629 1017 740 1105 inops,
765 1016 793 1080 si
812 1040 863 1081 res
884 1020 982 1083 armis
1003 1041 1052 1110 egr

116 1122 186 1186 haec
203 1141 334 1208 quoque
352 1134 521 1208 paraturus
537 1118 746 1199 auctoritate,
760 1135 908 1183 recturus
924 1119 1052 1208 pruden

119 1223 265 1288 debatur.
281 1222 405 1310 Scipio,
419 1221 516 1286 simul
529 1236 626 1308 atque
638 1221 792 1287 Graeciam
804 1222 918 1311 attigit,
930 1238 963 1286 et
974 1246 1042 1311 quo

117 1349 167 1390 res
184 1324 401 1390 Macedonum
420 1323 714 1411 Thessalorumque
735 1323 861 1407 forent,
882 1325 977 1388 certis
996 1348 1052 1389 aut

119 1426 292 1516 cognovit,
311 1425 496 1514 perscriptis
519 1425 570 1489 his
591 1425 744 1490 omnibus
764 1423 935 1516 diligenter
955 1425 996 1490 ad
1020 1450 1052 1492 se

116 1531 185 1618 ipse
204 1528 368 1592 sociorum
385 1526 464 1591 adiit
477 1525 631 1609 concilia,
648 1528 770 1617 copias,
787 1527 906 1615 quibus
918 1528 1052 1594 Thessal

116 1646 248 1709 tacetur,
273 1628 480 1695 contrahens.
505 1629 749 1716 Promptissima
776 1645 808 1694 et
833 1631 971 1696 maxima
998 1631 1040 1696 ab

117 1732 233 1797 auxilia
248 1752 382 1811 venere,
400 1731 458 1818 qui
480 1745 551 1793 tum
567 1730 675 1794 adhuc
689 1731 866 1820 plurimum
886 1734 973 1798 inter
993 1733 1052 1799 Gra

117 1836 207 1899 ribus
224 1834 382 1898 valebant.

159 1937 218 1998 lll.
234 1937 317 1999 Cum
332 1934 382 1997 his
395 1934 558 2022 ingressus
570 1933 784 2015 Thessaliam,
795 1931 940 2022 praesidia
954 1932 1052 1997 Andri

116 2037 178 2101 sim
190 2037 386 2115 exturbavit,
401 2048 433 2097 et
445 2034 598 2122 receptis,
613 2057 684 2121 quae
698 2050 860 2115 tenuerat,
873 2034 1043 2112 omuibus,

116 2161 219 2225 usque
238 2135 436 2201 Macedoniae
458 2135 549 2223 signa
567 2133 738 2221 promovit.
762 2136 873 2197 Romae
896 2135 1035 2216 interea,

115 2239 270 2325 lectisque
281 2236 404 2302 Nasicae
420 2235 537 2315 literis,
549 2251 797 2323 compertoque,
812 2234 948 2314 majores
965 2236 1052 2324 opini

117 2339 238 2403 multus
254 2338 288 2401 in
307 2334 496 2401 Macedonia
512 2357 597 2417 esse,
613 2336 649 2400 P.
665 2331 814 2408 Iuventio
830 2336 962 2400 Thalnae
979 2353 1052 2425 praet

117 2439 243 2528 gotium
259 2452 401 2503 asenatu
411 2434 522 2500 datum
534 2453 599 2518 est,
615 2453 670 2518 ut,
684 2437 792 2525 primo
805 2460 938 2525 quoque
948 2453 1052 2527 tempo

117 2540 238 2627 scripto
257 2537 417 2618 exercitu,
431 2536 473 2600 ad
485 2536 683 2601 liberandam
705 2537 927 2603 Macedoniarn
942 2539 1052 2627 prolis<

117 2641 242 2703 Moram
259 2661 365 2726 neque
382 2639 489 2727 ipsum
506 2639 570 2703 hoc
585 2641 752 2728 negotium
766 2641 831 2728 pati
849 2641 1052 2724 videbatur,‹

117 2742 229 2805 culum
251 2756 334 2822 erat,
351 2763 393 2804 ne
412 2740 487 2803 abbi
507 2763 640 2829 quoque
656 2742 792 2805 turbatis
808 2742 971 2806 sociorum
991 2766 1052 2834 regi

117 2868 191 2908 rum
202 2867 359 2909 novarum
369 2841 515 2922 exordia,
525 2865 695 2930 nunquam
707 2842 897 2932 negligenda
910 2861 1052 2933 praepote

118 2963 335 3011 nascerentur.
354 2944 451 3034 Apud
466 2945 623 3033 Bithynos
642 2945 780 3008 maxime
795 2946 958 3034 Syrosque
976 2947 1052 3013 bellt

118 3048 204 3113 bello
222 3071 289 3111 non
311 3048 424 3111 melior
442 3068 503 3134 pax
526 3061 611 3127 erat,
632 3046 732 3134 magis
752 3046 796 3109 ob
813 3047 940 3135 culpam
958 3070 1052 3138 regna

118 3172 215 3236 quam
226 3149 306 3211 ullas
315 3163 461 3211 externas
474 3168 594 3222 causas,
610 3162 695 3210 statu
702 3168 878 3236 regnorum
889 3149 1052 3214 vacillante

118 3251 205 3313 niam
229 3248 336 3312 adhuc
356 3247 491 3310 minime
514 3246 644 3310 laudato
666 3247 823 3335 regimine
845 3249 974 3313 Prusias
1005 3250 1052 3315 ob

118 3351 221 3414 Multa
236 3372 311 3413 eum
325 3348 401 3411 vitia
419 3348 564 3435 corporis
579 3370 773 3435 morumque
787 3350 1045 3416 dehonestabant

117 3452 191 3515 ralis
202 3451 315 3530 facies,
326 3464 447 3513 statura
459 3449 635 3512 enormiter
644 3447 766 3532 brevis,
777 3450 920 3515 membra
930 3452 1053 3517 mulieb

118 3554 292 3618 indecora:
315 3572 389 3615 narn
411 3549 566 3639 pudendo
583 3551 663 3615 luxu
687 3551 755 3618 dies
776 3570 953 3641 noctesque
971 3553 1052 3618 conti

118 3657 329 3742 animumque
345 3670 378 3718 et
389 3676 506 3743 corpus
524 3654 570 3717 sic
584 3654 838 3735 effeminaverat,
855 3670 893 3718 ut
908 3676 969 3718 nec
983 3654 1025 3719 ad
1040 3677 1052 3744 1

117 3756 276 3820 bellomm
287 3755 466 3844 quidquam
482 3754 511 3818 ei
527 3756 731 3837 constantiae,
746 3779 853 3845 neque
869 3756 909 3821 ad
925 3756 1052 3822 lerendt

118 3880 168 3921 res
184 3857 309 3920 roboris
321 3872 510 3944 superesset.
524 3856 712 3920 Venationis
726 3873 834 3922 tamen
846 3856 1030 3940 studiosus,
1044 3881 1052 3922 t

119 3982 239 4022 nomen
254 3961 386 4046 Cynego
396 3958 474 4040 fuit,
487 3959 532 4021 sic
543 3981 675 4047 quoque
684 3960 824 4024 insuavis
837 3961 1048 4050 popularibus

119 4060 315 4148 voluptatem
326 4058 438 4123 virtuti
447 4059 640 4125 simillimam
652 4083 711 4148 per
720 4062 879 4127 luxuriam
889 4078 922 4128 et
931 4080 1052 4152 sumpts

119 4162 167 4224 via
186 4184 244 4225 sua
259 4159 457 4249 mollitieque
475 4161 653 4226 infamaret.

152 4362 215 4428 511.
229 4363 497 4428 Liv.llpit.-Zomr.
508 4390 543 4401 -
558 4363 632 4428 5111.
647 4364 736 4412 Zonar.
747 4391 782 4401 —
795 4364 902 4432 Appias.
920 4366 1034 4419 blitbrid.
1048 4397 1052 4406 =

118 4445 186 4510 apud
192 4443 314 4492 Valesium
326 4455 352 4492 et
366 4442 479 4503 sudus,
494 4443 520 4490 in
529 4441 659 4512 Προυσίας·
669 4466 710 4478 -
723 4446 811 4513 Polyb.
