2594 4980
238 757 290 824 IN
322 754 433 824 LOC.
460 755 549 823 LIB.
576 756 749 823 LXXIII
783 755 998 825 lellttl.
1082 753 1152 854 677

82 877 141 956 lia,
158 877 244 939 nrille
260 877 385 963 equites
402 875 518 939 subeo
535 874 696 963 stipendia
709 875 853 939 facturos
868 875 993 940 darent.
1014 877 1081 959 Qui
1097 879 1153 943 ubi

81 992 259 1059 venerunt,
276 979 409 1040 Acerras
426 976 468 1041 ad
481 978 629 1041 Clanium
642 997 792 1057 amnem,
806 994 981 1066 postquam
995 977 1037 1042 ad
1051 982 1155 1045 socie·

82 1096 181 1142 tatem
206 1080 281 1143 belli
302 1079 414 1167 perlici
437 1079 668 1166 nequiverant,
692 1077 910 1142 circumsedit.
936 1079 973 1142 C.
998 1079 1155 1145 Judacilio

83 1205 216 1267 quoque
233 1204 300 1244 non
318 1180 461 1244 deterior
481 1203 648 1245 successus
667 1204 725 1269 per
743 1182 893 1269 Apuliam
911 1181 994 1262 fuit,
1011 1183 1154 1246 Canusio

82 1283 289 1369 Venusiaque
300 1282 482 1372 insignibus
495 1283 638 1372 oppidiS,
652 1306 837 1372 magnoque
849 1305 987 1346 numero
999 1283 1153 1366 aliorum,

82 1387 115 1449 in
132 1384 331 1449 deditionem
347 1385 462 1465 ermis,
479 1401 536 1448 aut
549 1385 716 1448 voluntate
731 1383 944 1448 incolentium
961 1384 1109 1472 acceptis.

127 1487 249 1550 XXIX.
270 1486 391 1550 Eadem
404 1501 530 1566 aestate,
547 1491 610 1573 qu'a
628 1487 697 1550 haec
711 1485 845 1550 diversis
857 1485 955 1549 ltaliae
970 1485 1050 1549 locis
1063 1509 1155 1575 gere·

81 1587 217 1667 bantur,
240 1587 276 1650 P.
296 1586 436 1651 Rutilius
460 1587 597 1668 consul,
618 1588 720 1676 copiis
743 1610 819 1651 cum
845 1590 882 1652 C.
903 1587 1007 1652 Mario
1026 1586 1154 1670 divisis,

80 1688 210 1752 Telonii
229 1687 373 1773 fluminis
397 1705 570 1777 utramque
591 1691 694 1778 ripam
718 1689 848 1755 duobus
867 1691 979 1755 castris
1000 1691 1164 1755 totidem--
1253 1712 1256 1723 ·

81 1813 147 1877 que
162 1792 318 1878 pontibus
333 1792 513 1856 obtinebat.
531 1792 706 1872 Telonius,
719 1815 778 1880 per
791 1793 916 1856 Marsos
933 1790 1053 1874 lluens,
1067 1791 1154 1882 apud

81 1893 237 1957 Reatinos
262 1892 379 1956 Velino
402 1891 502 1956 lluvio
528 1893 749 1983 conjungitur.
776 1891 895 1956 Iisdem
918 1892 953 1955 in
979 1892 1058 1956 locis
1081 1910 1153 1956 tum

81 1997 118 2056 C.
138 1994 266 2058 Vettius
283 1995 364 2057 Cato
381 1994 545 2061 sociorum
566 2010 686 2082 proetor
703 1993 880 2058 exercitum
902 1994 1058 2074 habebat,
1075 2017 1154 2082 pro·

80 2096 154 2184 pius
174 2096 356 2158 marianum
377 2095 497 2159 vallum
516 2111 619 2160 castra
635 2111 785 2159 metatus.
811 2097 843 2158 Is
866 2118 970 2183 quum
991 2080 1152 2159 Rutilium

81 2220 109 2260 a.
130 2195 162 2259 d.
187 2195 291 2283 pridie
314 2194 388 2260 idus
405 2196 530 2278 junias,
550 2220 617 2285 quo
643 2196 696 2262 die
718 2196 815 2261 Matri
833 2197 966 2260 Matutae
987 2221 1076 2261 sacra
1095 2196 1153 2260 lie·

81 2297 176 2370 bant,
193 2295 420 2361 trarlucturum
435 2320 504 2362 esse
520 2299 629 2386 copias
644 2297 685 2361 ab
702 2297 960 2385 exploratoribus
973 2297 1155 2381 didicisset,

82 2423 138 2487 per
158 2399 306 2461 tenebras
329 2399 484 2486 proximae
509 2400 613 2463 noctis
637 2399 670 2462 in
694 2400 775 2462 valle
793 2398 939 2486 quadam
966 2415 1152 2487 opportuna

81 2499 171 2563 haud
191 2501 306 2589 procul
332 2517 433 2590 ponte
453 2501 619 2566 Rutiliano
638 2516 762 2588 partem
785 2500 952 2588 copiarum
973 2498 1007 2561 in
1027 2500 1154 2562 insidiis

81 2619 302 2667 constituerat.

125 2706 231 2766 XXX.
254 2701 379 2766 Deinde
394 2703 554 2766 Rutilium
573 2701 709 2765 transire
728 2721 858 2763 amnem
881 2721 1011 2788 passus,
1030 2700 1153 2764 invadit

81 2826 141 2864 nec
159 2803 366 2889 opinantem,
387 2825 568 2891 magnaque
585 2800 675 2865 clade
691 2799 851 2890 profligat.
876 2802 972 2865 Multi
989 2822 1028 2864 ex
1044 2825 1152 2890 pugna

80 2905 157 2966 ‹ztari
180 2904 371 2991 nobilesque
393 2903 475 2983 viri,
497 2927 572 2967 cum
594 2918 669 2966 octo
696 2902 838 2965 millibus
859 2902 1000 2966 militum
1025 2902 1151 2966 cecide·

80 3020 178 3068 runt:
200 3026 239 3068 ex
260 3003 310 3067 his
334 3026 448 3092 magna
470 3027 559 3092 pars,
586 3026 688 3092 quum
710 3002 845 3092 perditis
871 3005 968 3067 rebus
990 3004 1150 3092 effugium

80 3106 167 3169 aliud
185 3129 252 3169 nou
270 3121 411 3194 pateret,
431 3106 465 3168 in
483 3106 559 3194 ipsis
575 3106 668 3193 aquis
686 3128 839 3195 oppressa
854 3122 912 3170 est.
928 3105 1050 3168 Consul
1065 3107 1151 3195 ipse,

80 3209 145 3272 telo
167 3210 200 3271 in
222 3225 321 3297 caput
342 3208 444 3291 ictus,
467 3208 565 3296 paulo
581 3223 655 3296 post
676 3231 715 3272 ex
736 3208 871 3271 vulnere
891 3205 1037 3271 decessit.
1059 3209 1152 3271 llane

80 3312 191 3374 Rutilii
212 3312 379 3375 fortunam
402 3309 588 3398 superstitio
609 3324 756 3373 veterum
779 3307 819 3372 ad
838 3317 961 3397 spretas
979 3308 1151 3397 religiones

80 3415 204 3494 retulit,
218 3414 307 3501 quod
315 3417 396 3477 inter
406 3408 650 3499 sacrficandum
665 3410 923 3499 capitcjecinoris
937 3433 1002 3472 non
1015 3425 1132 3498 reperto
1140 3459 1151 3489 ,

80 3531 186 3577 tamen
204 3537 324 3578 movere
340 3537 436 3579 ausus
453 3528 529 3578 essct
543 3536 554 3576 :
569 3535 651 3575 vana
674 3513 811 3575 omniuo
836 3513 1066 3599 persuasione,
1089 3513 1151 3576 nisi

80 3616 170 3704 quod
182 3632 328 3705 apparet,
348 3617 438 3680 facile
448 3629 714 3702 contempturum
727 3613 877 3677 salutaria
891 3612 1064 3676 hominum
1079 3638 1151 3677 mo·

81 3719 148 3779 nita
163 3718 277 3798 fuisse,
294 3718 350 3806 qui
366 3717 522 3798 deorum,
537 3732 575 3783 ut
589 3716 656 3803 ipse
669 3714 818 3803 putabat,
833 3730 958 3779 ostenta
973 3738 1034 3803 pro
1048 3716 1151 3779 nihilo

80 3819 225 3883 (luceret.

126 3923 247 3985 XXXI.
272 3922 315 3985 At
336 3922 372 3986 C.
395 3920 540 3999 Marius,
566 3919 622 4005 qui
649 3916 793 3981 fluminis
812 3917 1000 3979 inferiorem
1024 3931 1150 4003 partem

80 4022 225 4102 tenebat,
244 4043 347 4110 quum
362 4022 466 4089 amnis
483 4036 621 4084 cruento
637 4020 729 4082 alveo
741 4040 878 4105 corpora
895 4033 928 4080 et
944 4040 1032 4079 arma
1049 4040 1152 4080 roma-

80 4147 121 4185 na
134 4122 267 4185 volvens
281 4138 349 4187 acta
364 4120 577 4211 prodidisset,
595 4121 765 4185 confestim
782 4119 936 4183 traductis
950 4119 983 4180 in
999 4117 1149 4184 hostilem

79 4226 181 4313 ripam
201 4225 318 4313 copiis,
331 4224 372 4288 ad
386 4222 601 4313 expugnanda
609 4222 708 4286 Vettii
723 4237 825 4286 castra
839 4220 993 4284 successit
1006 4243 1016 4300 3
1031 4243 1150 4307 eaque,

114 4424 362 4486 summam,
382 4427 421 4471 rt.
439 4451 472 4459 -
489 4422 598 4487 Appiae.
614 4449 649 4457 -
666 4422 719 4469 niv.
735 4421 800 4484 Epir.
812 4447 846 4456 --
861 4419 949 4468 Cellas.
963 4421 1154 4495 GsogrAutiq,

79 4505 122 4553 lib.
138 4508 173 4564 ll,
189 4524 242 4575 cap.
255 4525 280 4572 9.
290 4506 407 4556 -ssvid
420 4509 482 4555 Fan.
491 4507 539 4564 Vl,
552 4523 575 4554 v.
587 4505 648 4555 565.
662 4533 694 4541 -
708 4502 724 4567 S
739 4506 824 4552 XXX.
837 4503 888 4553 Jul.
897 4503 989 4571 Obuq.
