2594 4980
280 706 333 775 IN
364 705 481 773 LOC.
507 705 598 772 LIB.
625 703 765 772 LXXV
798 704 1014 774 LIVIANI.
1114 726 1182 799 717

113 829 185 892 «avi
207 828 253 891 tui
276 825 632 915 proavus,·pristinum
652 823 713 887 illis
734 821 839 887 loedus
860 822 1020 906 reddidit;
1046 826 1184 906 iterum,

113 926 257 1016 «punico
268 925 355 990 bello
366 924 523 1006 secundo,
535 923 667 1011 quando
675 925 859 987 societatem
868 925 1056 990 Hannibalis
1068 949 1185 1015 sequu-

114 1044 187 1091 «tos
204 1027 246 1109 Q.
269 1026 402 1090 Fulvius
422 1025 537 1089 consul
559 1025 695 1112 recepit,
717 1025 823 1090 verbis
842 1027 1070 1090 tantummodo
1086 1030 1181 1103 casti-

114 1152 233 1219 «gans,
252 1149 439 1216 quanquam
459 1127 534 1190 satis
552 1125 609 1190 diu
630 1143 662 1191 et
679 1127 845 1216 praefmcte
866 1128 1004 1192 fuissent
1028 1131 1061 1191 in
1083 1132 1183 1217 parti·

113 1263 125 1286 ιι
135 1232 216 1313 bus,
240 1254 301 1294 nec
326 1229 386 1293 nisi
410 1228 451 1293 ad
475 1229 619 1293 Bruttios
642 1246 675 1294 et
697 1247 879 1294 extremum
903 1230 1001 1294 Italiae
1026 1232 1182 1319 angulum

114 1332 318 1396 «Hannibale
334 1330 523 1416 compulso,
542 1329 763 1418 poenitentiam
782 1331 1026 1419 approbassent.

156 1433 280 1496 XXXI.
299 1430 447 1494 «Placuit
466 1428 527 1493 diis
546 1431 607 1494 ista
621 1430 758 1512 lenitas,
775 1430 1019 1519 dederuntque,
1037 1448 1075 1496 ut
1095 1455 1185 1496 com-

113 1564 124 1586 ι
136 1534 245 1620 plures
262 1532 315 1597 alii
327 1530 441 1620 populi
455 1530 496 1594 ad
509 1532 696 1595 societatem
709 1533 823 1620 populi
840 1534 967 1598 romani
981 1548 1183 1597 reverteren-

113 1668 125 1688 ιι
135 1649 205 1715 tur,
225 1654 283 1722 per
298 1633 395 1721 longa
409 1631 561 1721 deinceps
579 1655 742 1697 annorum
755 1635 856 1723 spatia
872 1635 1066 1700 durantibus
1079 1656 1184 1723 usquc

113 1735 175 1799 «ad
201 1736 313 1799 infelix
336 1734 400 1798 hoc
431 1734 552 1798 bellum
577 1735 753 1822 obsequiis.
782 1735 944 1801 Eumdem
972 1736 1116 1817 exitum,
1146 1753 1183 1800 ut

113 1858 323 1925 asperamus,
350 1859 440 1901 nune
465 1858 598 1923 quoque
628 1835 772 1918 dabunt,
801 1859 907 1925 eoque
935 1836 1182 1925 optabiliorem,

113 1937 226 2025 «quod
245 1953 278 2001 et
298 1936 455 2002 redibunt
476 1937 510 2001 in
533 1935 630 2000 fidem
652 1953 808 2018 vestram,
834 1937 891 2024 qui
915 1936 1125 2020 defecerunt3
1150 1955 1183 2003 et

112 2071 124 2092 ιι
135 2055 326 2127 perpetuam
346 2039 516 2102 vobiscum
538 2038 711 2101 amicitiam
732 2039 859 2119 colent,
877 2060 939 2101 auo
958 2037 1044 2113 malo
1063 2038 1182 2102 iterum

112 2139 262 2220 «edocti,
279 2160 347 2201 non
364 2137 457 2202 aliter
473 2138 569 2202 Italia·
586 2139 724 2203 salutem
742 2154 839 2226 atque
856 2137 1045 2228 dignitatem
1062 2139 1180 2202 salvam

112 2271 123 2292 ιι
134 2263 203 2304 esse
223 2263 337 2328 posse,
359 2240 420 2306 nisi
441 2241 579 2304 Romam
600 2241 759 2328 imperare
775 2241 927 2329 patiatur,
944 2238 1090 2303 secundo
1107 2256 1182 2328 post

111 2342 312 2429 “principem
331 2359 490 2406 terrarum
507 2341 623 2405 urbem
639 2340 712 2405 loco
728 2355 891 2405 contenta.

80 2514 83 2519 ,
154 2443 294 2509 XXXII.
318 2444 422 2508 «Satis
447 2458 574 2507 constat
599 2442 776 2506 nonnullos
796 2442 937 2529 populos
961 2441 1002 2504 de
1023 2462 1102 2528 pace
1123 2466 1180 2530 pe-

112 2543 230 2607 «tenda
245 2543 437 2626 deliberare,
452 2566 513 2606 nec
525 2544 587 2607 alia
600 2566 635 2606 re
649 2545 750 2630 magis
763 2543 916 2621 retineri,
930 2563 1028 2628 quam
1044 2543 1181 2623 timore,

111 2675 121 2696 ιι
134 2662 175 2706 ne
187 2642 318 2707 ‹luriora
329 2645 546 2731 imperentur,
558 2665 657 2729 quam
669 2641 753 2705 ferre
763 2658 885 2729 queant
898 2664 905 2705 :
919 2641 960 2706 de
972 2643 1022 2705 his
1035 2643 1181 2730 profecto

110 2743 270 2806 «dubium
285 2766 354 2807 esse
368 2766 435 2807 non
450 2759 575 2829 potest,
591 2742 691 2828 quin,
708 2740 808 2805 simul
822 2742 918 2805 nobis
932 2742 1059 2826 veniam
1073 2741 1179 2806 datam

111 2844 369 2934 «cognoverint,
394 2843 544 2931 protinus
569 2843 602 2904 in
630 2857 736 2931 partes
759 2858 880 2906 vestras
907 2843 973 2906 sint
1002 2843 1178 2907 transituri.

110 2975 122 2998 «
132 2945 217 3025 Hos,
235 2960 272 3007 ut
291 2942 342 3025 bt,
362 2943 415 3007 alii
434 2942 553 3029 aliique
573 2959 771 3030 sequentur,
788 2958 837 3022 et,
853 2966 951 3030 quam
967 2944 1090 3006 Italiam
1113 2967 1179 3007 ma·

110 3076 121 3098 ι
129 3045 214 3125 jores
233 3044 331 3109 vestri
349 3066 407 3132 per
428 3043 545 3107 multas
564 3059 672 3108 aetates
695 3043 887 3131 perdomare
905 3045 957 3108 vix
979 3061 1180 3132 potuerunt,

110 3169 202 3209 «eam
222 3145 405 3209 universam
425 3145 536 3232 paucIs
553 3144 721 3209 mensibus
736 3145 908 3234 recipietis.
922 3148 1082 3210 Caetcrum
1100 3148 1176 3234 quia

111 3269 239 3334 «neque
260 3246 320 3309 tibi
341 3245 476 3309 consilio
500 3262 613 3310 nostro
634 3269 717 3336 opus
739 3262 808 3327 est,
832 3263 864 3311 et
885 3269 945 3311 nos
967 3245 1178 3335 deprecatum

109 3380 120 3401 ιι
131 3348 231 3436 magis
243 3348 431 3427 commissa,
447 3368 545 3434 quam
562 3366 755 3438 purgatum,
769 3350 935 3430 venimus;
949 3349 1095 3430 omissis,
1106 3373 1179 3437 quae

109 3448 271 3511 «inillam
294 3464 419 3536 partem
438 3447 641 3530 dicerentur,
665 3451 826 3538 supplices
848 3452 1013 3539 pronique
1031 3467 1062 3514 te
1083 3474 1178 3540 roga·

108 3572 205 3628 anius
216 3599 226 3631 ,
239 3566 272 3615 et
285 3573 343 3638 per
357 3573 549 3616 communes
561 3550 656 3633 deos,
671 3574 795 3640 perque
811 3552 896 3617 hanc
909 3568 1075 3641 parentem
1088 3568 1179 3618 utro·

109 3674 271 3739 urumque
294 3667 411 3715 terram
443 3653 668 3734 obtestamur,
695 3669 732 3717 ut
758 3653 857 3717 unius
880 3656 956 3718 anni
980 3654 1102 3719 crimen
1129 3669 1179 3717 tot

107 3784 119 3805 ιι
131 3752 267 3817 aliorum
285 3754 449 3841 perpetuis
470 3754 615 3836 meritis,
638 3772 670 3818 et
688 3777 869 3842 paucorum
894 3755 1108 3821 defectionem
1130 3768 1179 3819 tot
1269 3826 1274 3833 ,

109 3854 267 3918 «millium
281 3857 442 3920 constanti
456 3855 529 3919 fidei
543 3857 771 3944 obsequioque
787 3856 899 3922 dones.

152 3956 311 4034 xxxlu.
343 3957 444 4020 «llari
469 3956 558 4045 apud
587 3980 647 4020 noa
681 3974 820 4044 sponte,
848 3957 971 4045 reliqua
998 3957 1175 4021 multitudo

108 4073 241 4120 «coacta
256 4055 430 4144 decepture
443 4058 567 4122 ferrum
587 4056 740 4121 adversus
753 4079 812 4121 vos
825 4058 1046 4139 strinxerunt,
1066 4074 1099 4123 ct
1116 4081 1176 4145 pro

109 4189 122 4212 ι
131 4157 182 4222 his
194 4158 281 4222 ausis
294 4174 436 4222 vastatus
450 4180 540 4247 ager,
556 4179 643 4222 coesoe
658 4157 809 4222 cobortes
823 4175 959 4238 nostrae,
973 4159 1110 4222 maxima
1124 4180 1177 4221 ur·

109 4258 222 4322 «bium
239 4273 330 4348 capta
344 4258 536 4346 direptaque
548 4259 663 4323 satiare
676 4259 806 4322 victoris
818 4259 897 4325 iram
912 4275 1106 4347 potuerunt,
1120 4276 1174 4340 ut,

145 4449 160 4512 S
177 4450 261 4499 XXX.
276 4451 336 4513 Sup.
351 4450 402 4505 XI,
416 4464 459 4495 ao.
476 4475 510 4484 --
526 4449 577 4496 biv.
593 4449 706 4504 XXVII,
721 4447 759 4493 15.
