2594 4980
107 819 117 831 α
297 734 351 808 IN
380 738 495 806 LOC.
521 737 615 804 LIB.
643 736 792 806 LXXII
820 739 1039 808 LIVIANI.
1125 738 1197 812 665

133 861 259 924 riorum
270 859 379 947 prius,
397 874 430 923 et
440 873 516 922 ante
534 852 692 937 Thurios,
708 856 837 943 Sybaris
854 857 987 920 nomme
1003 859 1198 942 nobiliores,

134 961 371 1039 Grumentum,
388 958 548 1023 Potentia.
800 1029 805 1039 ¹

178 1062 333 1124 XXXIX.
359 1060 444 1124 Hinc
463 1056 581 1122 deinde
605 1079 663 1145 per
686 1059 830 1122 Bruttios
850 1074 884 1122 et
898 1075 1081 1125 extremum
1098 1062 1197 1125 ltaliae

132 1162 289 1251 angulum
302 1161 495 1249 Apenninus
513 1159 652 1224 Siciliam
670 1181 783 1223 versus
804 1160 962 1224 sinuatur.
979 1161 1120 1249 Tempsa
1135 1163 1198 1226 ho·

132 1270 206 1327 rum
221 1281 307 1345 erat,
323 1263 409 1327 Vibo
421 1263 584 1343 Valentia,
600 1278 632 1325 et
643 1262 859 1327 celeberrimae
870 1264 1020 1326 omnium
1033 1263 1197 1354 Rhegium

132 1379 165 1428 et
178 1365 282 1428 Locri.
301 1365 408 1428 Tertia
425 1387 499 1452 pars
515 1363 631 1444 ltalire,
649 1386 721 1452 quoe
740 1380 854 1428 monte
871 1364 1046 1452 Apennino
1067 1380 1100 1428 et
1115 1366 1197 1428 mari

131 1465 237 1529 infero
251 1464 429 1547 clauditur,
445 1465 552 1554 primo
568 1463 701 1553 quidem
716 1465 892 1554 Ligurum,
905 1463 1025 1529 deinde
1040 1464 1197 1530 Etrusco·

130 1589 204 1631 rum
222 1569 360 1657 populos
382 1569 546 1649 continet,
566 1583 703 1655 utraque
720 1581 851 1657 genten
869 1565 1038 1630 montibus
1060 1566 1101 1630 ad
1120 1567 1198 1632 litus

129 1685 296 1757 porrecta,
315 1691 478 1756 suumque
492 1690 614 1732 nomen
630 1667 748 1748 dante,
765 1690 863 1755 quam
879 1667 1011 1749 accolit,
1029 1668 1114 1756 parti
1127 1692 1198 1733 ma·

128 1769 183 1835 ris.
196 1769 275 1834 Post
283 1771 447 1834 Etruriam
458 1771 586 1834 Latium
595 1764 762 1835 estTiberi'
769 1768 903 1834 flumine
912 1769 1128 1853 disjunctum,
1139 1772 1197 1836 ubi

128 1889 227 1960 caput
241 1895 308 1937 non
321 1873 419 1936 Italiae
434 1873 550 1954 modo,
569 1871 627 1936 sed
641 1895 744 1960 prope
759 1872 847 1936 orbis
861 1872 1004 1937 universi
1016 1873 1122 1936 Roma
1135 1889 1195 1938 est.

172 1975 240 2038 XL.
261 1975 374 2062 Ampla
393 1976 500 2062 regio,
520 1973 617 2038 validi
633 1968 764 2063 populi,
787 1973 995 2038 nobilissimae
1015 1973 1114 2038 urbes
1133 1973 1196 2038 hac

126 2080 218 2162 parte
237 2076 334 2138 ltaliae
351 2076 505 2141 fuerunt:
522 2092 639 2164 praeter
657 2076 830 2164 antiquum
849 2077 994 2158 Latium,
1013 2076 1142 2158 Rutuli,
1162 2093 1195 2142 et

125 2179 274 2242 Aurunci
292 2177 334 2243 ad
348 2179 444 2243 maris
464 2201 577 2260 oram3
599 2179 751 2261 interius,
770 2178 897 2261 Volsci,
915 2178 1067 2259 Hernici,
1082 2179 1194 2267 AEqui.

124 2278 325 2362 Lanuvium,
341 2281 463 2362 Aricia,
480 2281 660 2345 Tusculum
681 2297 714 2345 et
729 2281 892 2346 Praenestc
913 2281 1045 2345 Latinos
1067 2298 1193 2346 veteres

124 2380 350 2465 illustrabant,
372 2382 534 2471 Arpinum
558 2383 654 2447 Marii
679 2399 750 2447 tum
780 2384 941 2448 natalibus
971 2384 1192 2472 gloriabatur,

124 2483 275 2549 nondum
295 2485 423 2575 agnito,
443 2504 568 2574 quanto
587 2486 690 2567 majus
708 2487 819 2550 volsco
842 2507 1045 2572 romanoque
1061 2486 1193 2549 nomini

122 2583 222 2651 decus
232 2589 424 2654 Ciceronem
437 2589 624 2677 peperisset.
639 2589 682 2651 Et
694 2588 841 2675 Anagnia
853 2602 952 2674 caput
962 2587 1191 2669 Hernicorum,

122 2686 377 2775 Tarracinaque,
393 2704 425 2750 et
438 2688 631 2767 Mintumae,
645 2703 678 2749 et
688 2687 842 2767 Formiae,
855 2704 888 2752 et
899 2687 1068 2768 Sinuessa,
1079 2689 1115 2751 in
1123 2689 1192 2752 Au-

121 2787 248 2867 runcis,
265 2788 428 2874 opulentoe
443 2789 496 2851 illa
515 2803 705 2875 tempestate
721 2788 820 2851 urbes
839 2803 940 2852 erant.

131 2900 135 2909 '
166 2888 251 2951 XLI.
278 2889 340 2951 Per
360 2889 544 2952 Minturnas
564 2886 682 2952 fluvius
702 2889 783 2951 Liris
800 2889 946 2968 transiit3
964 2890 1033 2967 ejus
1054 2890 1088 2952 in
1113 2889 1191 2954 laeva

121 2987 191 3074 ripa
211 2987 345 3052 Sidicini
362 2990 529 3071 colebant,
545 3012 687 3077 quorum
701 2991 849 3055 Teanum
870 2990 1029 3079 oppidum
1046 2992 1118 3055 fuit.
1141 2993 1190 3056 Ex

120 3087 171 3152 his
185 3091 361 3178 Campania
378 3112 487 3155 rerum
504 3091 654 3154 omnium
668 3089 833 3155 affluentia
848 3093 993 3179 luxuque
1012 3115 1078 3180 prae
1094 3109 1190 3157 caete·

119 3191 164 3254 ris
179 3193 295 3258 Italicis
310 3193 469 3257 celebrata
480 3194 569 3281 regio
584 3216 592 3258 :
605 3192 647 3257 de
660 3217 725 3281 qua
736 3193 803 3273 jam
817 3195 1047 3282 occupavimus
1063 3193 1188 3276 dicere,

119 3293 210 3381 quod
224 3318 297 3382 pars
309 3296 378 3376 ejus
395 3296 558 3383 Apennini
571 3295 648 3385 juga
664 3295 877 3383 sequentibus
889 3296 1092 3359 occurrebat.
1109 3295 1189 3360 Post

117 3397 298 3483 Campanos
320 3397 479 3461 Picentini
497 3413 595 3478 sunt,
619 3395 660 3460 ad
681 3397 866 3461 Paestanum
884 3396 994 3459 sinum
1018 3418 1058 3460 ex
1084 3396 1185 3460 veteri

117 3495 238 3559 Piceno
259 3522 278 3561 a
299 3500 455 3563 Romanis
472 3499 651 3564 victoribus
669 3499 802 3580 trajecti.
817 3499 878 3562 Hic
897 3498 1043 3562 Picentia
1061 3499 1184 3563 clarum

118 3597 274 3684 oppidum
292 3616 376 3682 erat,
395 3617 428 3664 et
439 3602 663 3664 Romanorum
680 3601 809 3665 colonia
824 3601 1005 3665 Salernum.

161 3700 260 3764 XLII.
283 3701 332 3764 Ab
353 3702 468 3766 eodem
490 3704 566 3766 sinu
589 3702 741 3791 deinceps
768 3703 889 3768 Lucani
912 3703 1095 3790 Bruttiique
1118 3703 1186 3766 Ita·

115 3800 205 3884 liam,
223 3802 271 3865 uti
290 3800 416 3867 dictum
439 3822 502 3880 est,
529 3804 659 3869 finiunt.
681 3806 835 3893 Superest
852 3820 983 3891 quarta,
1005 3825 1085 3892 quas
1105 3803 1184 3866 feci·

114 3924 206 3983 mus,
227 3904 384 3990 partium,
402 3906 487 3969 inter
505 3907 715 3994 Apenninum
735 3921 768 3970 et
786 3923 874 3969 mare
892 3925 1065 3993 superum,
1091 3903 1181 3990 quod

113 4016 146 4070 et
154 4005 353 4070 Adriaticum
368 4023 519 4089 vocatur,
533 4008 709 4096 intercepta
723 4008 825 4097 regio.
838 4010 914 4072 flaec
930 4029 947 4069 a
959 4005 1094 4069 Venetis
1104 4052 1113 4085 ,
1123 4026 1183 4093 per

111 4106 299 4190 Umbriam,
317 4109 556 4199 Picenumque,
572 4126 768 4174 memoratos
785 4124 879 4173 antea
894 4108 1035 4197 populos
1046 4105 1087 4170 ad
1100 4128 1181 4193 pne·

111 4212 274 4276 tutianum
289 4210 550 4301 hadrianumque
564 4235 677 4303 agrum
689 4212 830 4301 pertinet
845 4236 853 4277 τ
867 4229 942 4299 post
955 4231 1039 4298 quos
1053 4209 1180 4273 Marru-

111 4313 176 4376 cini
193 4313 428 4401 Frentanique,
446 4313 508 4402 ipsi
525 4338 658 4402 quoque
675 4315 761 4378 inter
777 4312 1030 4402 Apenninicolas
1043 4311 1110 4391 jam
1127 4336 1179 4376 re·

145 4496 162 4560 s
176 4500 239 4545 XLI.
255 4500 286 4547 U.
301 4501 329 4549 C.
342 4501 409 4559 6623
425 4503 455 4548 A.
465 4503 493 4548 G.
507 4515 548 4562 9⁰·
563 4529 595 4537 -
611 4500 690 4549 stab.
702 4499 784 4558 tiuv,
794 4517 819 4565 p.
831 4500 890 4548 251.
