2594 4980
285 737 339 805 IN
369 736 481 805 LOC.
509 739 602 809 LlB.
631 740 759 807 LXIX
789 740 1003 809 LIVIANI.
1108 737 1182 838 597¹

109 857 315 921 «volentibus
337 873 370 920 et
387 858 563 922 scientibus
585 860 693 941 vohis,
718 882 816 947 quam
836 883 908 948 quae
927 860 1070 950 deceptis
1088 861 1177 929 obti-

111 974 265 1023 «nentur.
280 959 346 1022 Vos
358 975 485 1039 autem,
501 960 662 1042 Quirites,
677 962 741 1026 hoc
754 964 839 1026 facto
854 962 1089 1028 documentum
1105 988 1178 1029 om·

110 1060 230 1122 «nibus
249 1060 401 1148 gentibus
425 1061 636 1144 exhibuistis,
660 1065 819 1151 populum
841 1086 1032 1146 romanum,
1055 1068 1179 1131 etiamsi

112 1191 125 1215 «
135 1183 209 1223 cum
221 1161 289 1225 aliis
303 1185 477 1226 commune
492 1164 556 1226 hoc
567 1165 700 1246 habeat,
713 1183 751 1229 ut
762 1166 937 1254 aliquando
952 1168 1179 1232 circumveniri

111 1264 236 1349 «possit
252 1287 289 1326 ac
309 1264 430 1352 decipi,
451 1281 559 1328 tamen
579 1266 612 1330 id
629 1268 748 1331 habere
766 1260 938 1357 proprium·
957 1285 990 1332 et
1005 1269 1177 1349 eximium,

111 1365 218 1426 «utin
233 1388 342 1428 errore
359 1367 494 1430 minime
510 1366 568 1430 diu
584 1385 775 1454 perseveret.

155 1468 239 1530 LXI.
260 1469 410 1532 «Idcirco
425 1469 516 1557 quod
530 1494 548 1532 a
564 1471 656 1533 vobis
676 1487 845 1557 peccatum
859 1469 1033 1557 aliquando
1051 1471 1129 1551 fuit,
1145 1468 1180 1536 id

111 1570 178 1632 «eis
193 1568 444 1634 adscribendum
459 1588 607 1659 apparet,
622 1572 678 1658 qui
692 1595 748 1636 vos
762 1571 969 1635 simulatione
982 1570 1112 1634 honesti
1123 1569 1180 1634 bo·

110 1701 123 1725 ι
135 1671 234 1757 nique
244 1670 284 1733 ad
296 1673 356 1735 alia
365 1674 474 1735 omnia
488 1672 679 1737 illexerunt:
696 1670 786 1760 quod
802 1688 929 1752 autem,
946 1695 981 1736 re
993 1671 1180 1759 plenissime

110 1774 278 1862 «cognita,
301 1791 414 1837 vestrae
428 1774 604 1855 voluntati,
627 1775 807 1862 vestrisque
824 1774 926 1838 relicti
943 1774 1091 1837 moribus
1111 1788 1180 1836 sta·

110 1904 121 1927 «ι
133 1875 275 1957 tueritis,
294 1876 327 1938 id
344 1877 405 1939 tale
420 1898 506 1956 esse,
527 1891 564 1939 ut
579 1877 716 1963 ⁴incepto
732 1874 956 1965 magnificum,
977 1875 1050 1954 jure
1074 1875 1179 1937 hone·

110 1992 236 2056 «stum,
253 1977 391 2040 utilitate
405 2000 471 2039 non
490 1977 730 2066 aspernandum
750 1999 863 2040 omnes
881 1976 1052 2042 fateantur.
1071 1979 1179 2062 Atque

110 2077 164 2140 «id
178 2079 258 2140 mihi
278 2079 530 2143 fundamentum
548 2096 596 2143 est
608 2079 742 2143 minime
754 2077 923 2142 infirmum
943 2078 1077 2167 egregiae
1092 2077 1178 2164 spei,

110 2182 202 2243 «lore
216 2182 249 2242 in
267 2198 453 2268 posterum,
470 2197 524 2262 ut,
546 2197 651 2245 vestro
668 2179 792 2260 judicio
809 2196 908 2267 atque
923 2179 1091 2242 voluntate
1104 2199 1178 2265 per·

111 2310 122 2333 «
133 2297 257 2367 specta,
276 2282 390 2345 melius
401 2299 433 2346 et
447 2283 636 2369 aequabilius
649 2305 682 2345 se
694 2303 744 2345 res
757 2302 900 2344 romanie
911 2280 1069 2360 habeant,
1081 2278 1178 2366 probi

112 2382 384 2464 «confirmentur,
401 2385 489 2472 pravi
506 2385 711 2473 corrigantur
727 2406 734 2448 :
753 2384 778 2446 si
796 2383 852 2469 qui
872 2382 990 2469 corrigi
1005 2403 1073 2444 non
1089 2397 1180 2469 pote-

109 2512 121 2535 «ι
132 2499 225 2563 runt,
243 2485 283 2548 ab
298 2507 412 2548 eorum
431 2502 539 2548 tumen
557 2486 668 2548 furore
685 2506 848 2547 consensu
862 2483 1007 2570 plurium
1025 2498 1057 2544 et
1071 2481 1181 2545 melio-

112 2616 124 2636 «
136 2608 208 2647 rum
227 2584 420 2649 defendatur
438 2586 629 2673 respublica.

154 2686 256 2747 [ΧΠ.
274 2684 359 2747 «Sed
375 2684 444 2748 haec
468 2685 577 2747 omnia
599 2686 675 2769 quia
698 2705 767 2745 non
789 2681 860 2745 sine
881 2681 1018 2743 numine
1041 2680 1179 2745 deorum

111 2783 319 2861 «factasunt,
333 2805 514 2869 eorumque
528 2783 627 2846 tutela
640 2804 722 2870 opus
738 2781 875 2860 habent,
888 2803 1029 2867 quorum
1044 2802 1192 2863 munere,

112 2880 207 2946 «data
224 2898 300 2946 sunt
316 2898 349 2945 et
368 2883 537 2947 restituta:
557 2882 598 2946 ad
622 2882 807 2946 salutandos
831 2904 905 2962 eos,
929 2898 962 2947 et
979 2882 1176 2971 precandus,

111 3016 122 3038 «ι
133 3002 170 3047 ut
186 2985 270 3048 hanc
288 3001 431 3049 mentem
449 3000 639 3073 perpetuam
662 2984 786 3072 populo
811 3005 946 3046 romano
967 3006 1037 3047 esse
1059 2983 1178 3065 velint,

111 3118 122 3139 ιι
133 3088 178 3150 ire
196 3110 248 3150 me
266 3109 396 3173 aequum
412 3102 469 3150 est.
480 3119 493 3143 υ
511 3087 569 3151 His
584 3084 695 3160 dictis,
712 3086 745 3148 in
755 3070 958 3171 ¹Capitolium
978 3082 1178 3149 adscenden-

111 3205 193 3270 tem,
206 3205 238 3252 et
249 3188 325 3252 inde
337 3204 536 3276 repetentem
552 3187 633 3251 lares
647 3209 742 3266 suos,
758 3201 826 3250 tota
842 3182 1081 3273 propemodum
1099 3184 1178 3249 civi·

111 3307 157 3352 tas
172 3290 315 3355 deduxit.
330 3290 398 3354 Sub
410 3289 541 3353 eosdem
554 3288 623 3353 dies
640 3291 678 3353 C.
689 3289 828 3368 Marius,
842 3309 883 3350 ne
895 3286 1037 3351 reditum
1051 3286 1177 3350 inimici

110 3391 249 3473 videret,
263 3416 322 3480 per
331 3380 459 3457 causam
474 3393 558 3472 voti,
573 3390 663 3479 quod
675 3390 762 3455 bello
771 3390 929 3455 cimbrico
943 3389 1070 3479 Magne
1080 3387 1176 3454 Matri

111 3494 266 3574 vovisset,
285 3495 318 3556 in
332 3496 442 3559 Asiam
459 3493 630 3583 navigavit.
670 3572 673 3577 .

146 3683 251 3748 §Lm
264 3686 296 3733 U.
307 3688 335 3736 C.
344 3687 410 3751 6533
423 3688 493 3740 A.c.
504 3701 548 3751 99.
562 3713 597 3725 -
610 3683 690 3750 Agell.
703 3685 779 3744 ¹111,
793 3685 994 3746 ²⁷·-P¹1²²·i¹¹
1004 3686 1068 3738 Mur.
1080 3701 1102 3734 c.
1116 3685 1158 3731 52.
