2594 4980
270 702 326 772 IN
358 702 470 771 LOC.
499 703 592 771 LIB.
620 702 747 771 LXXI
776 707 991 778 LIVIANI.
1096 712 1163 797 sar
1255 742 1258 746 ·

98 823 295 913 remublicoe,
313 820 520 911 nequefidem
534 821 679 910 dcy'uusc.
694 822 829 888 Crassus
846 823 980 909 deinde,
994 848 1165 919 postquam

98 925 270 991 scribendo
292 925 454 1008 affuisset,
476 948 552 989 cum
576 925 660 988 febri
680 923 816 989 domum
840 927 950 1009 rediit,
976 929 1166 1019 dieque-30.

97 1029 201 1116 ptimo
225 1029 333 1091 lateris
354 1027 468 1091 dolore
486 1042 700 1114 consumptus
716 1042 766 1090 est
783 1050 792 1091 t
811 1028 875 1093 hoc
891 1046 1000 1094 tamen
1023 1034 1053 1097 ei
1075 1059 1166 1099 com-

98 1129 233 1193 modum
258 1129 414 1193 afferente
439 1145 567 1193 maturo
587 1127 697 1209 obitu,
721 1150 762 1191 ne
788 1126 975 1217 llagrantem
996 1132 1081 1197 bello
1099 1137 1165 1201 Ita-

98 1230 188 1311 liam,
211 1246 243 1293 et
266 1253 338 1317 quae
362 1229 481 1294 deinde
504 1230 585 1293 mala
612 1228 775 1292 cumulate
799 1229 1011 1319 ingruerunt,
1032 1234 1165 1302 videret.

96 1333 165 1394 lam
192 1332 279 1395 enim
307 1348 339 1395 et
362 1332 460 1397 Drusi
486 1346 655 1420 susceptus
680 1353 740 1418 pro
768 1348 882 1397 senatu
907 1335 1091 1401 tribunatus
1116 1339 1166 1403 in-

97 1433 210 1522 fringi,
226 1451 259 1498 et
275 1434 393 1522 ipsein
413 1433 495 1497 mala
514 1432 601 1521 apud
620 1454 696 1496 eum
713 1429 864 1497 ordinem
884 1435 985 1523 gratia
1007 1459 1076 1500 esse
1100 1462 1164 1503 coe·

97 1552 207 1621 perat;
232 1558 426 1624 causamque
449 1534 618 1598 turbarum
641 1532 790 1596 omnium
817 1535 988 1622 optimates
1014 1537 1047 1599 in
1073 1538 1163 1601 illum

95 1637 328 1702 conferebant:
346 1637 439 1702 unius
454 1635 657 1701 adolescente
672 1637 844 1699 temeritate
859 1638 1009 1702 conculsa
1027 1642 1164 1704 civitatis

84 1739 185 1826 jura,
202 1741 395 1828 nmjestatem
411 1753 538 1802 senatus
554 1738 771 1816 imminutam,
792 1732 973 1827 respublicoe
988 1741 1163 1829 vectigalia

94 1841 220 1904 sublata
232 1866 294 1905 esse
300 1867 313 1922 ;
330 1865 413 1906 nunc
426 1843 524 1906 etiam
534 1855 649 1903 erectos
663 1861 714 1927 spe
725 1840 860 1903 civitatis
874 1842 1052 1907 obtinendce
1065 1847 1164 1923 socios

94 1945 235 2007 insanire
248 1946 395 2032 coepisse:
408 1965 507 2031 neque
507 1939 614 2028 finem
627 1943 825 2004 mseriarum
827 1941 908 2030 fore
915 1992 925 2024 ,
941 1945 1039 2009 detrec
1050 1945 1164 2011 lterum

96 2050 238 2109 ontm'um
252 2046 324 2109 daz
337 2060 366 2108 et
381 2060 493 2109 auctor
507 2042 675 2108 tolleretur.

139 2146 296 2212 XXXIII.
320 2149 373 2212 Fit
389 2146 542 2212 adversus
557 2145 656 2210 vitam
673 2145 773 2209 Drusi
789 2147 1010 2237 conspiratio:
1032 2151 1073 2234 Q.
1096 2154 1165 2215 Cae-

94 2249 149 2334 pio
161 2248 437 2335 pertinacissImus
451 2247 520 2329 ejus
533 2246 686 2328 aemulus,
703 2263 735 2310 et
751 2247 1050 2336 importunissimus
1063 2252 1166 2321 homo

95 2350 136 2431 Q.
153 2350 266 2413 Varius
284 2350 437 2414 tribunus
453 2348 573 2437 plebis,
589 2349 622 2411 in
636 2348 762 2412 consilii
777 2352 1045 2419 communionem
1061 2356 1166 2421 adsci-

92 2468 238 2516 scuntur.
259 2450 385 2516 Horum
407 2475 505 2541 opera
524 2452 689 2530 consules,
707 2453 810 2516 excita
833 2454 996 2519 sociorum
1015 2460 1164 2523 multitu-

91 2553 168 2616 dine
201 2553 242 2615 ab
275 2553 420 2617 Etruscis
448 2554 586 2616 maxime
614 2567 647 2614 et
670 2552 822 2632 Umbris,
849 2557 1025 2641 perniciem
1051 2560 1164 2638 juveni

92 2656 270 2718 struebant.
291 2656 360 2718 llos
376 2654 463 2717 enim
480 2655 612 2741 Agraria
627 2653 698 2739 lege
721 2676 779 2715 sua
797 2652 995 2737 offenderat,
1013 2659 1087 2744 quia
1103 2684 1165 2724 uo·

91 2757 139 2817 vis
157 2756 292 2818 coloniis
308 2753 489 2816 destinabat
503 2752 614 2840 populi
632 2753 759 2814 romani
776 2753 944 2839 publicum
958 2779 1092 2846 agrum,
1109 2785 1166 2825 cu.

90 2856 142 2932 jus
165 2877 313 2942 magnam
336 2869 460 2942 partem
484 2851 525 2916 ad
547 2850 581 2915 id
604 2853 757 2940 temporis
780 2853 878 2936 socii,
901 2873 938 2920 ut
960 2860 1080 2947 cuique
1103 2886 1164 2951 op.

94 2973 272 3043 portunum
292 2956 410 3036 luerat,
430 2955 528 3032 clam,
549 2953 693 3042 palamve
712 2954 943 3042 possidebant:
961 2959 1057 3023 etiam
1079 2963 1164 3029 bene

92 3059 229 3121 consciis
254 3057 308 3120 hic
331 3073 438 3120 metus
461 3054 645 3135 accidebat,
668 3078 729 3137 ne,
750 3058 895 3122 confusis
915 3061 992 3124 olim
1010 3085 1163 3152 agrorum

93 3160 225 3237 statibus,
247 3158 393 3224 contenti
417 3181 477 3221 sno
498 3156 636 3219 Ilomani
659 3180 727 3221 non
750 3175 874 3239 essent,
891 3161 1060 3227 sedetiam
1084 3168 1163 3232 vici·

91 3285 210 3326 norum
225 3263 297 3342 jura
313 3260 531 3325 sollicitarent.
547 3261 692 3341 Drusus,
710 3260 891 3343 intellecto,
906 3266 1051 3328 suumin
1066 3285 1163 3358 caput

91 3363 158 3427 illas
175 3379 374 3451 comparatas
391 3359 522 3424 insidias
539 3382 626 3440 esse,
642 3358 733 3424 domi
749 3362 783 3424 in
802 3362 1004 3428 subobscura
1022 3369 1160 3454 quadarn

91 3465 219 3550 porticu
241 3486 334 3552 agere
356 3479 477 3542 emtus,
498 3461 617 3524 habere
639 3463 831 3544 conciones,
847 3488 921 3529 raro
941 3466 974 3529 in
993 3470 1160 3556 publicum

90 3586 237 3652 egressu,
255 3588 297 3626 ne
313 3587 347 3628 se
363 3563 511 3653 periculis
528 3562 672 3626 offerret.

137 3664 288 3730 XXXIV.
313 3667 362 3728 Eo
384 3664 609 3729 vehementius
626 3681 793 3729 accusatus
811 3667 844 3728 in
861 3685 993 3750 senatu,
1014 3694 1082 3758 qno
1102 3675 1160 3737 ali.

91 3767 224 3856 qnando
238 3765 426 3831 retunderet
439 3766 666 3846 criminantes,
677 3765 711 3827 in
727 3768 835 3831 sorum
850 3771 1015 3856 profectus
1029 3790 1093 3856 est,
1107 3798 1160 3838 ea·

89 3892 155 3956 que
178 3869 238 3956 ipsi
260 3883 515 3957 postremarum
535 3867 660 3954 populo
682 3867 767 3930 aetio
790 3867 860 3931 fuit.
887 3869 1033 3935 Habebat
1056 3875 1109 3937 ille
1127 3877 1159 3939 in

89 3994 196 4051 more,
213 3969 305 4058 quod
322 3986 355 4034 et
371 3970 407 4032 C.
428 3968 564 4032 Gracchi
582 3967 767 4030 institutum
786 3970 906 4051 fuerat,
924 3987 962 4033 nt
980 3992 1162 4063 segregaret

90 4074 237 4154 turbam,
250 4088 282 4134 et
296 4092 417 4158 paucos
433 4069 594 4133 interioris
608 4066 812 4132 admissionis
826 4070 977 4136 haberet:
994 4074 1050 4137 sed
1063 4098 1104 4140 ne
1116 4078 1161 4143 sic

123 4300 139 4365 s
154 4301 264 4346 XXXII.
278 4297 330 4345 Cle.
345 4295 377 4342 de
391 4296 461 4343 Orat.
475 4295 498 4351 1,
508 4308 534 4354 7,
546 4303 574 4343 et
585 4293 637 4352 111,
649 4307 672 4340 1.
685 4290 785 4339 -vet
794 4293 865 4339 Max.
875 4293 924 4349 vt,
937 4307 962 4340 a.
975 4319 1010 4328 -
1022 4294 1121 4346 Pedion.
1133 4299 1160 4347 in

88 4383 163 4429 (Ἄπη.
172 4410 208 4419 —-
217 4383 270 4428 Lis.
278 4380 344 4446 Epir.
356 4404 391 4415 -
403 4378 420 4444 3
430 4378 555 4427 xxxm.
564 4376 630 4425 tter.
643 4376 693 4433 111,
706 4376 744 4422 rt.
753 4375 849 4425 -cte
861 4375 892 4423 tle
905 4376 962 4425 Nat.
971 4377 1046 4429 Dour.
1057 4382 1159 4442 111,33.

87 4493 121 4500 —
135 4467 242 4531 Appian.
252 4466 306 4514 civ.
318 4464 362 4512 lib.
375 4465 395 4509 I.

209 4564 274 4629 IX.
916 4561 957 4643 dr
