2594 4980
60 695 62 698 ’
108 694 606 770 Jo.sns1us.surem
628 696 1143 796 1.oo.mo.uxmv.oa9
1234 701 1238 708 ·

73 819 262 899 constituit,
276 833 314 882 ut
323 816 411 882 dicto
423 832 588 903 tempore,
603 813 683 878 dum
693 814 869 903 Pompeius
880 817 1051 905 eruptione
1062 821 1145 884 l'acta

76 923 201 987 detinet
213 921 357 1000 hostem,
375 917 527 980 eumdem
542 940 561 983 a
582 932 672 1006 tergo
685 917 848 1006 Sulpicius
864 919 1077 1008 aggrediatur.

120 1027 163 1088 ll.
187 1022 264 1086 Non
285 1019 479 1110 prudentius
496 1018 653 1100 consilio,
676 1041 775 1106 quam
792 1020 916 1084 felicius
933 1040 1070 1105 eventu,
1085 1048 1147 1088 eoe-

77 1144 170 1217 ptum
184 1126 255 1189 suit.
270 1125 382 1205 Quum
397 1122 484 1185 enim
497 1122 665 1203 Picentes,
675 1144 777 1185 novos
792 1122 825 1183 in
841 1121 934 1186 hoste
945 1124 1071 1187 animos
1085 1128 1146 1188 mi·

79 1229 155 1308 rati,
168 1227 208 1291 ad
221 1224 424 1314 repellendos
438 1226 522 1288 intra
536 1224 650 1287 moenia
665 1225 828 1287 Romanos
843 1226 1056 1314 contemptim
1072 1250 1147 1316 pro·

78 1347 246 1418 perarent;
264 1329 387 1418 ingenti
406 1343 519 1390 coorto
536 1326 730 1404 certamine,
752 1340 853 1388 castra
872 1348 948 1388 cum
971 1327 1076 1409 nullo,
1093 1345 1149 1392 aut

79 1431 221 1496 invalido
235 1429 385 1519 praesidio
399 1430 506 1493 relicta
519 1429 680 1516 Sulpicius
692 1430 904 1517 expugnavit,
919 1429 1149 1518 incenditque:

80 1535 177 1597 simul
193 1534 314 1597 clamor
334 1554 427 1595 aures
445 1530 613 1609 omnium,
637 1530 945 1620 simul'conspectus
963 1533 1148 1597 ardentium

80 1653 261 1698 castrorum
285 1633 398 1696 oeulos
422 1631 627 1720 perculerat,
655 1654 843 1720 quumque,
869 1648 935 1695 tam
957 1633 1065 1697 vicino
1088 1634 1150 1696 ho·

82 1736 179 1799 stium
199 1735 261 1798 alio
282 1734 443 1814 exercitu,
463 1755 530 1796 non
554 1733 693 1798 tralatitii
715 1732 910 1798 discriminis
928 1758 979 1799 res
1002 1752 1103 1816 esset,
1119 1751 1152 1799 et

82 1838 193 1901 omnia
210 1835 317 1899 adhuc
340 1835 460 1914 majora
481 1858 559 1899 vero
580 1856 695 1923 repens
720 1852 826 1900 terror
853 1837 992 1918 faceret3
1023 1838 1151 1902 nullum

82 1940 167 2003 ultra
181 1938 343 2027 praelium,
358 1935 416 2000 sed
429 1937 506 2024 fuga
522 1953 649 2000 tautum
664 1950 696 1999 et
710 1936 812 2000 caedes
824 1937 902 2016 fuit,
914 1938 1046 2026 utique,
1061 1955 1153 2027 post·

83 2063 181 2128 quam
200 2039 369 2118 Afranius,
388 2039 500 2101 sistere
514 2060 591 2100 suos
606 2037 726 2099 frustra
739 2053 892 2117 conatus,
908 2038 1086 2127 pugnando
1101 2062 1153 2102 oc-

82 2141 250 2205 cubuerat.

129 2244 187 2307 111.
206 2244 266 2306 Cn.
285 2241 475 2328 Pompeius,
493 2242 613 2330 insigni
630 2242 763 2305 victoria
779 2243 924 2329 potitus,
944 2266 985 2306 ue
1001 2245 1151 2308 hostibus

85 2343 262 2432 respirandi
279 2343 418 2431 spatium
436 2343 651 2431 relinqueret,
666 2343 820 2408 Asculum
841 2345 1039 2434 refugientes
1054 2368 1152 2432 quam

84 2447 192 2535 potuit
216 2447 383 2510 celerrime
409 2462 644 2535 persequutus,
660 2443 831 2508 obsidione
847 2444 1006 2533 oppidum
1030 2447 1153 2511 clausit.

85 2550 161 2612 Haec
177 2549 311 2613 demum
326 2548 459 2612 victoria
471 2548 626 2611 Romanis
640 2570 679 2610 ex
695 2546 854 2610 diuturno
870 2547 987 2610 timore
1002 2546 1154 2637 fiducjiam
1197 2608 1200 2613 ,

86 2651 170 2715 bene
186 2649 320 2715 finiendi
334 2650 409 2714 belli
423 2648 565 2712 reddidit
580 2672 587 2709 :
603 2663 657 2728 ut,
673 2645 951 2735 quemadmodum
965 2647 1009 2710 ob
1023 2671 1156 2737 prospe-

87 2774 155 2814 ram
166 2752 200 2815 L.
211 2751 341 2815 Caesaris
354 2772 498 2838 pugnam
513 2765 604 2836 togas
619 2762 876 2837 resumpserant,
895 2748 938 2810 ita
952 2772 1042 2813 nuuc
1054 2751 1155 2814 latum

86 2855 230 2934 clavum,
250 2854 376 2940 aliaque
389 2853 637 2940 magistratuum
656 2868 847 2915 ornamenta
862 2868 894 2914 et
908 2853 1062 2942 insignia,
1079 2858 1158 2920 reci·

14 2943 17 2948 ²
87 2972 211 3043 petent.
235 2953 304 3018 Sub
330 2951 416 3015 idern
441 2953 542 3016 terme
571 2969 700 3042 tempus
724 2953 870 3041 praelium
899 2955 936 3017 C.
961 2955 1054 3020 Marii
1067 2981 1154 3022 cum

89 3059 203 3122 Marsis
219 3056 321 3120 dubio
336 3070 456 3119 eventu
469 3053 667 3144 diremptum
687 3070 745 3119 est.

133 3161 188 3224 lV.
212 3160 409 3246 Quanquam
433 3157 520 3219 enim
543 3156 663 3221 ducere
686 3156 810 3221 bellum
832 3158 953 3222 Marius
975 3161 1156 3242 statuisset,

88 3261 130 3325 ad
147 3278 347 3340 extremum,
367 3259 433 3322 sive
450 3258 546 3322 taedio
565 3259 684 3336 victus,
701 3260 766 3323 sive
780 3282 836 3347 spe
853 3260 995 3341 illectus,
1014 3276 1046 3325 et
1063 3285 1157 3326 occa·

90 3365 181 3428 sione
202 3363 326 3442 oblata,
346 3360 487 3425 contulit
503 3383 578 3424 cum
595 3361 688 3425 hoste
702 3360 834 3450 pedem,
852 3362 1026 3450 praelioque
1045 3362 1157 3427 decer·

90 3463 190 3527 nendi
205 3478 396 3551 potestatem
410 3462 495 3526 l'ecit.
511 3461 666 3525 Neutrum
682 3482 721 3526 eo
736 3462 788 3525 die
800 3464 902 3528 aciem
916 3464 992 3528 satis
1005 3482 1157 3530 constan·

92 3581 141 3627 ter
163 3564 353 3652 pugnavisse
374 3563 541 3652 proditum
565 3577 623 3626 est.
646 3564 729 3627 Nam
755 3580 787 3627 et
811 3566 993 3630 retulerunt
1019 3569 1157 3632 llomaui

91 3664 224 3753 pedem,
244 3681 277 3727 et
298 3665 408 3728 hostes
425 3686 653 3728 consummare
670 3666 836 3729 victoriam
855 3690 921 3729 non
938 3668 1028 3748 ausi,
1052 3692 1110 3732 sua
1127 3686 1159 3733 et

91 3767 151 3855 ipsi
166 3767 199 3829 in
216 3782 319 3830 castm
337 3781 550 3829 reverterunt.
568 3763 664 3829 Unde
685 3766 905 3853 increpantem
925 3790 1001 3831 suos
1019 3769 1158 3832 Marium

92 3869 177 3931 inter
197 3867 257 3931 alia
279 3866 396 3930 dixisse
412 3867 548 3930 ferunt:
570 3867 721 3931 {somnne
736 3884 874 3932 vostram
892 3869 1043 3959 mq'orem
1054 3869 1160 3958 subse

85 3984 211 4057 putem,
237 3991 282 4032 au
296 3992 372 4032 vero
394 3969 527 4034 bostrum
543 3971 705 4055 ignavum
715 4017 725 4048 ,
750 3970 853 4033 haereo
874 3996 885 4034 :
903 3995 1001 4061 oeque
1023 3996 1080 4036 nos
1101 3995 1159 4036 ora

91 4069 234 4147 illorum,
253 4092 352 4158 neque
367 4067 418 4131 illi
430 4088 518 4156 terga
533 4084 638 4133 vestra
653 4072 769 4134 inmari
781 4076 1001 4137 sustinuerunt.

136 4173 176 4235 V.
198 4173 273 4235 Non
297 4170 449 4263 diupost
468 4172 532 4234 hoc
552 4173 697 4258 praelium
722 4175 758 4236 C.
783 4174 905 4238 Marius
928 4175 1045 4239 famam
1070 4199 1159 4241 suam

132 4374 148 4438 S
163 4379 182 4423 1.
194 4371 227 4422 U.
237 4376 265 4423 C.
276 4376 326 4423 662
338 4391 345 4432 ς
360 4376 390 4423 Α.
403 4374 431 4423 C.
446 4391 489 4438 9⁰·
499 4402 533 4411 -
543 4376 650 4439 Appian.
661 4403 696 4412 -
706 4374 722 4440 S
734 4376 779 4423 111.
789 4377 901 4431 0ros.V‚
918 4378 956 4423 18.
967 4405 1001 4413 -
1014 4381 1119 4445 Appian.
1130 4410 1163 4418 -

95 4461 147 4507 Liv.
159 4461 223 4524 Epit.
231 4489 265 4497 ·-
276 4461 293 4526 S
305 4462 347 4508 tv.
359 4461 423 4508 Plut.
437 4460 462 4506 in
472 4461 535 4508 Mar.
547 4476 600 4525 cap.
615 4461 656 4515 54.

192 4559 253 4623 IX·
949 4558 994 4639 -l'r
