2594 4980
107 766 1083 800 „munnwnwnumnnnwswuwwumwwwmm

979 808 985 822 Ι

250 965 535 1053 JOANNIS
569 961 1058 1060 FREINSHEMII'

159 1229 1083 1372 SUPPLEMENTORUl

334 1526 952 1655 LIVIANORUM

491 1809 668 1889 LIBER
703 1810 788 1888 XV

327 2029 376 2086 nt
401 2027 557 2087 nocuas
581 2029 703 2086 mant
730 2030 755 2085 n
781 2029 965 2087 n1v1s1t1,

446 2253 836 2287 ΜΦ...-

519 2448 762 2518 ΕΡΙΤΟΜΕ

365 2601 495 2659 L1n1t1
523 2599 924 2671 QUINQthGttslntl.

109 2758 265 2823 'Phossalia,
281 2776 364 2830 quum
386 2767 412 2810 et
431 2753 502 2807 illam
524 2753 649 2808 invadere
670 2754 751 2808 armis
767 2767 846 2830 atque
862 2774 994 2830 occupate
1012 2759 1081 2814 l’sem

147 2844 233 2916 lippus
246 2841 340 2904 vellet,
355 2859 402 2911 per
417 2840 596 2891 Romanorum
612 2839 712 2910 legatos
728 2840 831 2894 auxiliis
842 2843 996 2896 thoeonam
1007 2842 1080 2899 delet

145 2927 267 2988 Prusias,
284 2942 329 2976 rex
343 2921 489 2993 Bithyniae,
504 2921 676 2992 omniumque
693 2922 903 2978 humillimorum
916 2927 1038 2980 vitiorum
1047 2946 1080 2991 ,a

147 3009 223 3062 mede
231 3009 299 3070 lilio,
311 3005 453 3078 adjuvaute
463 3003 566 3067 Attalo,
577 3021 639 3075 roge
648 3004 782 3076 Pergami,
793 3009 896 3061 occisus
906 3020 954 3062 est.
965 3009 1080 3065 Habebat

147 3093 248 3156 lilium,
261 3091 325 3163 qni,
340 3108 390 3160 pro
408 3088 542 3161 superiore
562 3085 656 3139 ordine
674 3086 811 3153 dentium,
831 3103 937 3144 enatum
955 3091 1077 3147 habuisse

149 3198 178 3229 os
193 3177 331 3230 continens
343 3171 451 3225 dicitur.
461 3169 551 3235 Quum
563 3170 664 3241 legatos
675 3170 709 3224 ad
721 3191 813 3244 pacem
822 3173 892 3227 inter
899 3176 1080 3231 Nicomedemt

150 3262 214 3313 siam
231 3255 380 3311 faciendam
397 3254 508 3307 Romani
525 3255 671 3318 misissent,
688 3267 713 3308 et
729 3275 797 3309 unus
815 3277 847 3311 ex
866 3259 898 3312 iis
911 3274 991 3333 capnt
1006 3262 1080 3324 multi

147 3343 254 3395 uicibus
271 3357 392 3411 sparsum
412 3337 539 3399 haberet,
558 3337 624 3391 alter
643 3337 755 3409 pedibus
774 3358 843 3413 aeger
863 3354 944 3406 esset,
958 3345 1050 3397 tertius
1070 3345 1080 3399 i

149 3444 237 3477 socors
249 3422 409 3484 habetatum
425 3419 490 3472 dixit
504 3420 584 3484 Cato,
604 3439 660 3474 eam
673 3421 832 3494 legationem
844 3445 894 3478 neo
905 3440 1003 3500 caput,
1017 3447 1080 3482 neo·

149 3527 197 3562 neo
210 3527 256 3560 oor
269 3505 377 3558 habere.
396 3504 428 3555 In
445 3503 536 3576 Syria,
546 3522 604 3575 quta
622 3524 653 3557 eo
672 3517 790 3578 tempore
805 3526 836 3562 ex
854 3509 934 3581 stirpe
951 3512 1055 3581 generis
1070 3511 1080 3564 l

147 3592 216 3663 regis
234 3586 431 3650 Macedonum,
449 3585 542 3640 inertia
555 3586 728 3661 socordiaque
742 3591 853 3645 similem
873 3593 972 3646 Prusias
992 3614 1080 3668 regem

147 3677 320 3748 bat,jacente
339 3691 371 3725 eo
385 3672 413 3724 in
428 3689 511 3743 ganea
525 3682 551 3722 et
563 3671 667 3736 lusuis,
679 3675 836 3727 Ammonius
845 3677 988 3746 regnabam
1001 3695 1079 3750 perq

148 3757 226 3809 amici
237 3776 329 3810 omnes
338 3755 422 3826 regis,
438 3766 464 3807 et
478 3753 594 3807 Laodice
610 3755 715 3828 regina,
735 3769 760 3810 et
773 3757 939 3830 Antigonus,
953 3761 1079 3814 Demetrii

147 3841 236 3895 occisi.
252 3841 407 3902 Masinissa,
424 3837 556 3891 Numidia
568 3857 629 3903 rex,
642 3844 726 3913 major
740 3842 884 3912 nonaginta
900 3842 977 3894 annis
994 3841 1079 3899 decan

150 3925 266 3997 insignis.
284 3926 357 3976 Inter
373 3933 467 3974 caetera
480 3940 561 3992 opera
571 3923 714 3995 juvenilia,
726 3941 784 3995 qun
795 3924 829 3977 ad
843 3925 966 3977 ultimum
981 3924 1079 3991 edidit,

148 4013 228 4063 etiam
249 4026 338 4061 versus
358 4008 386 4059 in
407 4017 555 4070 senectam,
573 4006 672 4077 viguit,
692 4018 722 4060 ut
742 4018 802 4078 post
821 4020 923 4060 sextum
944 4019 969 4060 et
988 4021 1079 4082 octoge

148 4112 247 4147 annum
265 4093 350 4144 filiurn
368 4089 497 4161 genuerit.
517 4091 590 4143 Inter
611 4102 664 4144 tres
684 4090 778 4143 liberos
798 4093 870 4164 ejus,
885 4091 1031 4145 maximnm
1047 4112 1079 4147 ιιι

149 4178 264 4248 cipsam,
278 4175 438 4238 Gulussam,
455 4174 682 4237 Manastabalem,
702 4173 748 4246 qui
764 4173 842 4227 etiam
858 4174 948 4247 gmois
964 4175 1047 4230 literis
1060 4196 1079 4231 et

150 4270 223 4319 erat,
237 4257 267 4308 P.
276 4256 363 4328 Scipio
371 4256 527 4309 AEmilianns
537 4259 636 4328 (quum
648 4273 789 4310 commune
802 4259 838 4309 eis
852 4270 926 4328 pater
936 4277 1050 4330 regnum
1063 4280 1079 4314 n

149 4353 206 4404 set,
223 4353 249 4394 et
264 4341 381 4396 dividere
401 4361 446 4395 eos
461 4342 560 4394 arbitro
575 4339 698 4412 Scipione
714 4340 849 4413 jussisset)
868 4353 955 4412 partes
975 4341 1077 4398 admini

151 4426 224 4494 regni
235 4425 329 4479 divisit.
342 4428 409 4480 Item
417 4425 544 4479 Phameae
554 4423 708 4483 Himilconi.
717 4425 839 4495 pulecto
848 4426 968 4496 equitnm
984 4427 1078 4495 cartha
