2594 4980
283 723 335 791 m
366 723 477 790 noc.
504 724 597 790 mn
624 725 713 792 cxl
742 680 957 790 Liviam.
1083 710 1153 815 389

86 866 185 931 quam
205 843 291 905 enim
315 842 355 906 de
379 843 502 906 civibus
527 843 705 907 interfectis
723 859 881 931 tropaeum
903 844 1078 905 frementes
1101 842 1153 905 in·

88 945 285 1026 tuebantur,
314 961 479 1030 noctuque
511 945 610 1008 titulis
640 943 791 1008 dedicata
822 943 897 1007 aedis
927 944 1153 1031 interpositum

87 1069 216 1110 carmen
236 1062 305 1125 est,
323 1069 389 1133 quo
408 1046 557 1135 templum
577 1049 662 1112 istud
678 1047 861 1113 Concordiae
877 1069 953 1134 opus
967 1069 1030 1110 esse
1044 1069 1154 1111 vecor-

87 1149 150 1210 dioe
167 1147 408 1236 significaretur.
425 1150 521 1212 Hunc
535 1172 666 1213 cursum
684 1150 872 1236 exitumque
885 1149 957 1211 vitae
974 1147 1084 1211 nobile
1098 1170 1155 1234 par

87 1251 223 1312 fratrum
238 1249 371 1312 babuit:
386 1251 476 1337 quasi
487 1298 496 1330 ‚
509 1251 628 1336 quibus
644 1267 758 1314 natura
772 1266 804 1313 et
817 1250 968 1314 educatio
984 1249 1153 1337 ingenium

88 1367 120 1413 ct
135 1351 194 1413 alia
210 1351 359 1439 praeclara
378 1351 524 1414 similiter
540 1352 763 1433 contulerant,
781 1373 838 1414 eos
855 1350 951 1413 etiam
975 1348 1153 1438 germanis,

88 1468 125 1514 ut
141 1453 183 1514 ita
199 1451 323 1532 dicam,
342 1453 468 1516 casibus
486 1452 627 1516 fatorum
644 1450 804 1516 industria
817 1449 1041 1514 damnavisset.

132 1554 284 1617 XXXVI.
301 1554 446 1642 Uterque
465 1554 599 1643 insignis
614 1555 740 1634 animo,
759 1569 792 1616 et
807 1575 866 1641 par
882 1552 1016 1616 cuilibet
1031 1549 1154 1614 dueum

87 1656 236 1735 futurus,
251 1672 321 1719 tum
337 1655 531 1719 abstinentia
550 1671 582 1719 et
600 1655 751 1720 facundia
771 1655 859 1717 inter
874 1652 1054 1741 praecipuos
1071 1650 1153 1714 fuit:

88 1773 225 1843 uterque
240 1780 350 1821 amore
366 1757 566 1844 reipublicae,
586 1779 683 1844 quam
693 1805 702 1836 ,
714 1777 866 1843 oppressa
883 1754 976 1842 plebe
994 1753 1154 1840 ingenua,

88 1858 206 1920 sensim
223 1858 341 1921 robore
356 1858 502 1921 virorum
521 1857 700 1937 subducto,
716 1855 900 1920 labefactari
919 1877 977 1942 per
992 1853 1156 1917 avaritiam

88 1960 272 2047 principum
295 1960 533 2048 intelligebant,
557 1958 696 2022 arduum
721 1979 827 2045 opus,
851 1971 884 2020 et
909 1954 951 2019 ad
975 1970 1155 2018 extremum

90 2062 198 2124 infelix
226 2061 349 2141 moliti,
375 2084 515 2149 quorum
542 2061 712 2125 consulere
737 2057 919 2124 commodis
945 2055 1159 2130 studuerant,
1214 2078 1216 2083 ’

89 2184 204 2225 corum
218 2178 307 2224 metu
316 2160 453 2250 proditi,
465 2161 718 2249 haudquaquam
731 2159 862 2249 dignam
876 2157 1067 2223 sanctissimi
1079 2178 1157 2244 pro·

91 2262 188 2347 positi
208 2262 390 2328 mercedem
414 2265 604 2328 retulerunt.
628 2264 743 2327 Postea
759 2277 885 2340 tamen,
907 2275 945 2323 ut
960 2282 1034 2323 vera
1048 2277 1158 2321 rerum

90 2363 191 2449 pretia
206 2364 356 2427 mortales
369 2387 440 2430 sero
449 2365 651 2453 intelligunt,
663 2365 777 2428 revisit
789 2364 935 2452 ipsorum
947 2361 981 2424 in
992 2358 1157 2423 mentibus

90 2465 208 2527 civium
223 2488 329 2541 amor,
343 2481 425 2529 utet
439 2465 562 2555 effigies
578 2466 736 2530 haberent
750 2465 939 2553 propatulo,
952 2477 985 2525 et
999 2460 1157 2548 primitias

90 2568 256 2629 fructuum
273 2567 369 2647 locis,
381 2567 438 2630 ubi
452 2566 612 2629 interfecti
624 2566 670 2629 illi
687 2565 833 2643 fuerant,
850 2564 1006 2642 libarent;
1020 2560 1157 2647 quibus·

90 2666 164 2729 (lam
179 2667 273 2729 etiam
290 2665 477 2753 quotidiana
490 2666 536 2729 ibi
552 2689 640 2729 sacra
654 2665 865 2745 facientibus,
879 2661 1157 2746 adorantibusque

91 2784 245 2853 tanquam
264 2767 304 2829 ad
321 2767 499 2853 pulvinaria
515 2765 662 2830 deorum.

135 2869 303 2932 XXXVII.
327 2868 485 2930 Paulatim
500 2866 605 2946 enim,
621 2864 782 2954 quidquid
794 2862 978 2928 actionibus
992 2860 1157 2926 Graccho·

90 2993 163 3032 rum
178 2986 308 3058 partum
324 2972 445 3049 fuerat,
460 2991 563 3055 quum
578 2968 664 3055 plebi
679 2967 918 3044 detraheretur,
936 2979 1007 3027 tum
1024 2961 1156 3025 demum

91 3071 187 3151 vidit,
203 3094 278 3135 cunt
299 3071 349 3133 his
370 3070 523 3134 fratribus
542 3070 722 3133 libertatern
744 3090 835 3132 suam
855 3065 1025 3129 interiisse.
1042 3060 1157 3150 Neq'ue

92 3175 194 3237 multo
210 3189 284 3262 post
297 3173 366 3260 Iege
381 3173 443 3235 lata
456 3172 669 3261 permissum,
683 3170 840 3258 litigiosos
855 3154 949 3257 agros
963 3163 1156 3254 possessori·

91 3277 152 3337 bus
169 3291 298 3362 accepta
315 3274 451 3361 pecunia
471 3273 630 3359 relinqui,
647 3270 738 3358 quod
755 3269 902 3358 superior
923 3264 1089 3330 Gracchus
1101 3284 1157 3326 ve·

92 3392 212 3457 tuerat;
233 3377 453 3463 patefactaque
472 3373 627 3437 divitibus
648 3373 698 3436 via
718 3387 785 3451 est,
803 3369 921 3458 partim
940 3366 1064 3456 pretio,
1083 3387 1158 3452 par·

93 3475 151 3536 tim
169 3477 356 3558 calumniis,
368 3494 424 3541 aut
439 3477 471 3539 vi
490 3476 628 3540 extrusis
650 3473 866 3563 pauperibus,
886 3469 1007 3534 fundos
1027 3477 1104 3532 suos
1123 3467 1158 3529 in

92 3574 287 3640 immensum
305 3575 532 3664 amphficandi.
550 3576 650 3658 Quod
666 3577 724 3640 ubi
741 3574 906 3639 continuis
925 3571 1065 3659 querelis
1087 3590 1159 3632 mo·

92 3677 210 3739 lestum
225 3694 257 3740 et
269 3679 388 3742 infame
401 3678 477 3760 fuit,
494 3678 548 3765 sp.
563 3678 705 3741 Thorius
718 3677 751 3738 in
768 3691 875 3738 totum
886 3671 1054 3760 abrogavit
1069 3691 1160 3758 agra·

93 3778 153 3840 rias
184 3779 285 3866 leges,
311 3779 478 3854 instituto,
502 3794 555 3858 ue,
581 3781 668 3865 agris
687 3799 783 3864 penes
806 3776 954 3863 pristinos
973 3792 1159 3861 possessores

95 3879 307 3957 rrtaaentt'bus,
325 3880 465 3965 vectigal
477 3879 665 3945 dotaretur
671 3877 769 3964 plebi.

137 3983 322 4045 XXXVIII.
345 3981 397 4043 Sic
412 3981 545 4070 egestati
565 3981 684 4044 civium
702 3975 854 4041 nonnihil
869 3976 1075 4052 consultum,
1095 3971 1161 4035 fre·

94 4085 233 4172 quentiae
241 4082 422 4147 detractum
432 4096 494 4161 est3
509 4098 541 4145 et
552 4078 802 4167 circumscriptis
811 4077 911 4141 semel
919 4076 980 4140 hac
988 4071 1104 4137 astutia
1113 4072 1160 4135 le·

93 4186 198 4273 gibus,
212 4201 250 4248 ut
262 4183 342 4246 nihil
351 4181 506 4270 improbae
517 4179 686 4277 cupiditati
694 4180 769 4244 satis
779 4197 844 4256 est,
859 4177 972 4242 ditites
981 4173 1070 4238 haud
1078 4195 1161 4264 aegre

37 4372 40 4376 ⁴
129 4376 144 4440 S
157 4379 267 4424 XXXV.
279 4375 388 4441 Appitrn.
401 4400 437 4410 —
448 4372 582 4439 Augustis.
592 4371 623 4420 de
632 4371 687 4420 civ.
698 4371 757 4430 uei,
766 4373 813 4430 111,
825 4369 867 4418 25.
876 4394 911 4404 -
921 4365 1042 4416 Plutarch.
1053 4367 1163 4421 -Vslls

94 4487 128 4495 ·-
140 4459 156 4522 S
168 4461 292 4511 xxm.
305 4457 428 4510 Plutarch.
439 4455 494 4523 -S
508 4457 644 4507 xxxvn.
655 4455 708 4507 cto.
718 4455 744 4504 iu
756 4456 848 4511 Bruto,
859 4467 912 4523 esp.
925 4452 968 4503 36.
976 4453 1128 4522 -Appitnt
