2594 4980
319 686 370 754 IN
400 684 514 755 LOC.
541 684 636 751 LIB.
663 684 767 753 LVII
797 684 1032 757 LIVIANI..
1133 682 1208 757 285

136 807 290 871 mantiam
302 805 485 894 permunita
495 804 603 884 fuere;
615 825 722 891 neque
737 804 869 892 sequior
880 820 1014 875 eventus
1025 805 1090 871 tuit
1101 830 1110 871 ι
1123 806 1209 873 nihib

136 908 224 970 enim
242 904 396 1005 adpersus
414 904 484 969 haee
500 904 732 969 acerrimorum
755 906 902 971 bostium
924 906 1067 997 impetus
1082 909 1205 991 valuit3

136 1009 215 1097 qui,
235 1007 352 1095 saepius
373 1006 546 1096 eruptione
561 1021 704 1087 tentata,
721 1029 825 1093 quum
841 1028 949 1094 neque
968 1006 1076 1073 ballere
1095 1010 1206 1077 intesta

138 1128 208 1190 tos,
235 1131 343 1197 neque
366 1128 575 1197 perrumpere
594 1107 759 1171 confertos
783 1123 932 1195 possent,
958 1109 1075 1174 frustra
1096 1110 1207 1179 omnia

136 1211 260 1292 conati,
279 1210 359 1274 nihil
382 1210 445 1273 nisi
461 1208 596 1272 vulnera
611 1223 644 1271 et
659 1206 919 1297 desperationem
938 1209 973 1273 in
993 1208 1110 1275 urbem
1123 1224 1209 1277 retu·

138 1314 256 1377 lerunt.
272 1312 347 1394 Qua
364 1310 452 1374 enim
468 1330 598 1396 cunque
611 1324 702 1398 parte
721 1308 879 1399 impetum
896 1309 1068 1393 fecissent,
1084 1312 1211 1379 evesti-

137 1413 190 1501 gio
208 1427 467 1500 propugnatores
480 1407 675 1474 formidabili
691 1410 799 1497 specie
819 1411 1083 1479 concurrebant:
1103 1436 1209 1503 quum

138 1512 291 1577 omnibus
302 1536 320 1575 e
331 1511 477 1576 turribus
486 1510 576 1600 signa
585 1526 756 1575 momento
767 1512 974 1593 efferrentur,
986 1513 1094 1578 nuntii
1105 1512 1214 1603 parati

138 1613 372 1693 discurrerent,
389 1627 423 1675 et
441 1610 529 1675 tubis
550 1610 763 1700 undiquaque
780 1612 1049 1698 concinentibus,
1067 1630 1236 1681 armato-⁴.

138 1714 310 1804 rumglobi
319 1714 392 1777 loco
404 1712 461 1777 diu
470 1728 546 1777 ante
555 1711 733 1799 unicuique
744 1714 932 1804 prescripto
942 1710 1013 1780 sine
1024 1738 1117 1781 mora
1127 1738 1212 1783 oon-
1258 1796 1264 1805 ¹

139 1815 350 1902 spicerentur.
379 1814 494 1901 Neque
519 1813 584 1877 ulla
613 1836 687 1901 pars
713 1814 895 1879 castrorum
923 1816 1038 1905 impeti
1065 1832 1210 1907 poterat,
1281 1822 1286 1831 '

140 1917 219 2006 quin
233 1917 340 1980 statim
352 1916 522 1990 rrnirersus
535 1914 693 1998 ambitus,
708 1938 764 1983 sex
774 1916 913 2004 amplius
927 1917 1028 1983 millia
1038 1940 1214 2007 pannum,

141 2019 285 2081 certatim
302 2016 343 2080 ad
363 2038 420 2080 sua
437 2015 548 2080 munia
562 2038 597 2080 se
617 2016 802 2135 parantium
818 2016 936 2084 studiis
951 2034 985 2085 et
1004 2019 1215 2087 festinatione

140 2120 287 2183 ferveret.

184 2220 307 2284 XXXI.
327 2219 457 2285 Nemo
449 2235 570 2285 rnterea
579 2222 653 2311 plus
667 2236 724 2285 aut
733 2220 869 2304 laboris,
880 2239 937 2287 aut
946 2244 1116 2304 curarum,
1127 2221 1217 2289 duee

141 2323 211 2411 ipso
234 2323 435 2410 capessebat,
460 2322 519 2409 qni
544 2344 652 2410 neque
672 2320 780 2405 diem,
802 2345 912 2412 neque
934 2339 1064 2389 noctem
1087 2322 1214 2393 sinebat

141 2423 246 2504 abire,
262 2424 342 2511 quin
361 2438 446 2489 totas
461 2422 529 2489 illas
545 2439 611 2488 tam
628 2423 692 2488 late
709 2438 857 2513 patentes
877 2424 1076 2489 munitiones
1098 2438 1221 2489 enemo·

140 2548 215 2588 rum
231 2547 289 2613 per
306 2546 341 2588 se
355 2523 477 2606 obiret,
492 2547 534 2589 ne
550 2525 630 2612 quid
641 2548 780 2613 usquam
797 2526 970 2592 remissurn
987 2526 1219 2616 neglectnmve.

141 2642 314 2714 pateretur.
337 2624 433 2691 Unde
455 2627 553 2692 simul
571 2627 632 2715 ipsi
655 2648 743 2715 spes,
767 2627 864 2691 simul
885 2626 973 2716 apud
992 2626 1218 2693 Numantinos

142 2727 325 2792 sollicitudo
353 2727 518 2792 crescebat
537 2750 545 2791 :
567 2748 674 2814 neque
698 2726 757 2791 diu
778 2727 988 2817 repugnaturi
1007 2724 1215 2809 videbantur,

142 2851 245 2915 quum
263 2829 399 2892 arctiora
415 2828 450 2890 in
465 2826 533 2891 dies
556 2826 670 2892 fierent
689 2828 819 2909 omnia,
835 2843 868 2892 et
885 2827 1109 2891 minuentibus
1128 2848 1215 2915 pre·

143 2929 249 3008 sidiis;
278 2950 385 3016 neque
412 2942 611 2992 commeatus
635 2927 820 3017 importari,
846 2949 954 3015 neque
975 2948 1083 3008 arma,
1107 2948 1220 3039 neque

143 3030 248 3094 ullum
264 3030 430 3094 introduci
447 3029 556 3094 auxilii
572 3051 676 3119 genus
690 3045 826 3118 poterat.

187 3133 327 3197 XXXII
341 3131 445 3220 Igitur
458 3130 556 3195 rebus
567 3129 607 3194 ad
624 3128 882 3220 desperationem
891 3127 1116 3218 vergentibus,
1130 3126 1216 3193 ltne-

145 3249 277 3322 togenes
286 3281 295 3314 ,
305 3255 433 3296 summa
448 3232 534 3296 inter
550 3254 628 3296 suos
643 3232 780 3314 virtute,
793 3254 829 3296 re
838 3254 919 3296 cum
932 3229 1117 3295 senioribus
1128 3250 1218 3313 oom-

145 3334 330 3414 municata,
348 3355 386 3396 ex
403 3333 553 3397 omnium
569 3333 776 3397 familiarium
785 3354 926 3398 numero
938 3332 1086 3421 quinque
1096 3330 1214 3399 fidissi·

147 3457 234 3515 mos,
250 3435 371 3523 quibus
386 3434 428 3499 ad
441 3434 555 3499 eadem
573 3434 728 3500 tentanda
744 3435 889 3500 animum
906 3434 1012 3499 verbis
1031 3432 1218 3513 addiderat,

147 3558 223 3599 cum
248 3536 357 3624 pueris
382 3536 541 3625 equisque
566 3535 702 3601 totidem
725 3535 885 3618 assumit;
907 3551 941 3599 et
963 3549 1059 3599 nocte
1077 3533 1215 3623 quadam

147 3636 284 3702 obscura
304 3637 443 3720 deiecta,
462 3660 539 3703 cum
557 3636 677 3703 tabulis
692 3637 737 3703 ita
754 3636 892 3726 paratis,
913 3635 1003 3699 utin
1022 3656 1120 3699 usum
1135 3656 1220 3725 pon·

147 3738 187 3801 tis
204 3737 313 3801 subito
329 3739 495 3829 compingi
511 3755 662 3826 possent,
682 3739 723 3804 ad
740 3758 873 3802 murum
889 3734 1034 3800 bostium
1050 3737 1218 3826 ignorm

147 3838 271 3904 accedit
288 3862 296 3904 ι
300 3863 414 3927 quem
431 3840 490 3905 ubi
505 3838 673 3929 vigilibus,
690 3841 748 3929 qui
763 3862 800 3903 ea
820 3852 911 3928 parte
927 3836 1148 3917 excubabant,
1163 3858 1235 3925 op·.

147 3940 280 4027 pressis,
301 3939 583 4022 conscendissent,
596 3940 716 4005 eodem
726 3939 856 4005 silentio
871 3955 905 4003 et
917 3938 1124 4013 festinatione
1138 3936 1218 4007 alios

148 4063 280 4129 quoque
296 4041 424 4129 vigiles,
438 4041 537 4105 altera
557 4062 597 4103 ex
613 4056 705 4129 parte
721 4040 831 4121 muri,
844 4060 909 4127 qua
928 4060 1079 4128 campum
1092 4052 1219 4124 specta

147 4141 221 4216 bat,
233 4143 356 4207 locatos
370 4142 616 4207 obtruncarunt

192 4244 351 4309 XXXIII.
373 4244 459 4307 Tum
475 4243 618 4308 attractis
633 4264 692 4333 per
706 4258 840 4334 pontem
864 4243 974 4331 equis,
992 4262 1116 4329 φιιιιιι,
1133 4262 1219 4329 qnos
1285 4312 1290 4321 ,

181 4440 297 4506 sxxrc
313 4442 345 4491 n.
359 4442 388 4491 c.
403 4442 558 4505 s19;s.o.
573 4442 630 4492 ιιι.
643 4469 679 4481 -
690 4442 746 4492 ur.
756 4406 825 4509 spec
837 4470 873 4481 -
884 4439 993 4506 sppan.
