2640 5046
274 697 328 767 IN
358 695 471 763 LOC.
499 694 592 762 LIB.
621 692 790 760 XLVIII
819 691 1037 763 LIVIANI.
1140 694 1183 765 61

124 822 308 908 dabantque
318 830 512 906 operam,ut
526 813 767 901 quamprimum
780 834 945 876 successor
955 814 983 876 ei
994 813 1185 880 mitteretur.

124 924 187 990 Sed
208 921 353 987 studium
375 934 521 996 senatus,
538 913 790 1001 haudquaquam
814 914 883 1002 pari
905 913 1019 978 ardore
1032 914 1186 993 juventu·

122 1026 182 1105 tis,
196 1020 383 1110 aliquandiu
395 1041 514 1081 vanum
533 1005 565 1080 et
580 1015 727 1079 inefficax
743 1015 813 1078 fuit.
831 1015 943 1096 Quum
958 1016 1044 1079 enim
1057 1018 1097 1099 Q.
1112 1019 1187 1108 Ful·

123 1127 207 1205 vius,
219 1125 340 1212 quique
349 1143 422 1184 cum
434 1142 472 1183 eo
484 1142 523 1182 ex
534 1117 687 1205 Hispania
697 1115 916 1197 decesserant,
927 1116 1098 1184 celtiberici
1111 1121 1188 1186 belli

124 1223 346 1288 difficultatem
357 1269 366 1301 ,
378 1221 533 1284 continua
544 1241 619 1282 curn
630 1217 725 1281 hoste
738 1218 929 1299 certamina,
942 1241 1116 1284 numerum
1129 1247 1185 1288 oc-

126 1327 285 1404 cisorum,
305 1324 456 1386 virtutem
476 1321 639 1400 hostium,
660 1316 794 1382 assiduis
818 1320 1021 1384 sermonibus
1046 1322 1186 1406 ferrent5

123 1428 254 1513 jamque
268 1426 361 1488 etiarn
375 1423 561 1487 Marcellum
575 1421 751 1485 detrectare
763 1421 796 1484 id
809 1420 931 1484 bellum
946 1423 1119 1488 formidine
1133 1449 1189 1514 ap·

125 1542 268 1616 pareret:
279 1527 304 1590 is
320 1548 419 1614 paror
429 1525 544 1588 invasit
555 1524 730 1603 civitatem,
742 1537 778 1586 ut
796 1546 901 1610 neque
913 1524 1036 1588 tribuni
1050 1527 1189 1593 militum

126 1630 167 1694 ad
178 1651 355 1693 numerum
372 1626 601 1714 reperirentur,
615 1647 721 1712 neque
738 1625 860 1714 legatus
876 1625 923 1688 ire
939 1627 1111 1714 quisquam
1125 1631 1190 1694 rel-

125 1733 185 1812 let,
199 1746 248 1811 et,
269 1729 358 1818 quod
377 1727 692 1817 importunissimum
710 1743 792 1808 crat,
810 1727 896 1790 citati
916 1728 1062 1806 juniores
1081 1732 1131 1794 vel
1148 1730 1189 1795 ad

126 1833 258 1896 nomina
267 1855 333 1895 non
347 1828 599 1918 responderent,
610 1828 661 1891 vel
671 1850 722 1890 eas
732 1850 842 1891 causas
854 1829 1194 1914 comminiscerentur,

125 1956 321 2022 quasneque
330 1931 482 2021 cognosci
493 1929 601 2018 pudor
612 1929 754 2010 sinebat,
764 1951 871 2017 neque
882 1931 991 2018 puniri
1002 1931 1189 2021 delinquen·

125 2036 208 2099 tium
219 2035 405 2098 multitudo.
412 2037 504 2114 Rem,
512 2056 570 2120 per
579 2056 613 2096 se
621 2031 706 2095 taedii
713 2031 952 2096 acdifficultatis
960 2035 1187 2122 plenissimam,

125 2137 339 2203 difficiliorem
361 2136 515 2200 reddebat
536 2135 744 2198 tribunorum
768 2135 871 2223 plebis
889 2137 1114 2225 intemperies,
1134 2141 1191 2226 qui

126 2238 287 2303 delectum
298 2238 520 2302 recusantibus
532 2237 651 2300 auxilio
663 2252 771 2316 erant,
784 2237 1021 2324 consulumque
1037 2256 1189 2304 conatum

127 2359 160 2407 et
180 2342 369 2406 industriam
386 2339 608 2427 intempestiva
625 2338 834 2402 contentione
848 2338 1068 2404 morabantur.
1086 2342 1189 2429 Ergo,

126 2443 167 2510 ad
178 2443 412 2532 praecidendam
424 2465 555 2506 omnem
568 2463 634 2504 non
648 2441 767 2528 iniquae
781 2441 917 2527 querelae
931 2442 1085 2528 speciem,
1098 2443 1190 2506 insti·

126 2559 276 2626 tuerunt,
292 2544 402 2607 munia
412 2543 576 2623 militaria,
591 2565 657 2605 non
668 2589 676 2622 ,
689 2557 727 2604 ut
743 2564 869 2629 semper
884 2543 983 2607 moris
999 2544 1121 2624 fuerat,
1138 2547 1189 2608 sui

126 2644 273 2711 beneficii
298 2645 460 2710 arbitriive
481 2645 603 2724 facere,
624 2642 681 2706 sed
702 2642 787 2706 inter
807 2643 945 2729 aequales
968 2660 1053 2707 sorte
1071 2643 1189 2708 distin-

125 2769 225 2838 guere
240 2748 502 2836 praefecturarum
515 2767 552 2807 ac
569 2742 721 2807 ordinum
734 2741 861 2831 gradus.
872 2743 1067 2830 Quanquam
1087 2768 1129 2808 ne
1145 2747 1191 2810 sic

126 2846 259 2934 quidem
276 2846 452 2933 petulantia
470 2843 676 2906 tribunorum
695 2843 874 2928 composita
890 2865 993 2929 usque
1011 2866 1051 2907 eo
1073 2868 1190 2931 proru-

127 2945 192 3034 pit,
207 2961 244 3007 ut
259 2946 408 3008 consules
432 2943 559 3023 ambos,
582 2942 736 3030 quoniam
755 2943 863 3030 gratiae
881 2943 963 3005 nibil
979 2942 1115 3026 dabant,
1133 2969 1192 3010 nec

126 3067 187 3134 pro
198 3045 307 3108 amicis
319 3046 385 3108 suis
394 3043 640 3131 deprecantibus
654 3042 800 3106 militiam
815 3042 951 3106 tribunis
966 3044 1190 3132 obsequeban-

116 3162 198 3225 tur,
217 3146 249 3208 in
267 3168 426 3209 carcerem
445 3146 651 3224 conjicerent.
668 3146 707 3207 In
725 3144 785 3207 hac
803 3166 912 3206 rerum
931 3146 1191 3233 perturbatione,

127 3269 231 3335 quum
245 3269 351 3332 neque
366 3246 507 3326 senatui,
524 3267 630 3332 neque
647 3245 899 3333 magistratibus,
915 3246 1093 3334 quidquam
1111 3272 1190 3313 con·

127 3349 188 3412 silii
210 3349 415 3434 potestatisve
434 3347 596 3434 reliquum
616 3361 716 3425 esset,
736 3345 875 3430 scirique
898 3347 1067 3433 nequiret,
1093 3372 1191 3435 quern

127 3449 168 3513 ad
184 3448 280 3512 finem
300 3449 468 3529 juniorum
484 3447 610 3511 abitura
630 3462 713 3509 esset
729 3446 923 3533 impudentia
941 3447 1114 3533 (namhoc
1130 3474 1190 3514 no·

115 3572 202 3613 men
219 3551 371 3614 inauditas
384 3566 477 3614 antea
492 3549 749 3613 consternationi.
759 3564 889 3612 senatus
904 3549 1048 3636 fecerat),
1062 3552 1096 3615 P.
1110 3552 1191 3639 Cor·

128 3650 231 3713 nelius
243 3651 349 3736 Scipio
360 3649 553 3714 AEmilianus
572 3666 849 3738 peropportunam
862 3652 1042 3715 orationem
1061 3653 1191 3736 habuit,

126 3750 253 3830 juvenis
269 3750 391 3832 adhuc,
409 3774 468 3815 nec
487 3751 548 3817 nisi
565 3752 680 3843 togatis
696 3751 871 3813 virtutibus
886 3767 993 3816 notus.

145 3843 148 3846 ¹
173 3853 244 3914 XV.
273 3852 324 3932 ls,
349 3853 486 3941 graviter
512 3853 669 3941 increpita
696 3853 815 3915 civium
844 3852 1036 3933 formidine,
1054 3884 1066 3908 α
1084 3856 1189 3943 Saepe,

128 3984 142 4011 s
152 3953 274 4040 inquit,
285 3951 349 4015 hoc
359 3953 431 4016 loco
442 3954 591 4033 interfui,
601 3954 711 4017 Patres
722 3952 913 4040 conscripti,
923 3975 1026 4040 quum
1041 3953 1081 4017 de
1095 3978 1191 4043 repu·
1278 3961 1286 3984 '

128 4053 233 4118 «blica
247 4045 413 4117 sdntentiae
428 4054 630 4118 dicerentur:
646 4077 753 4141 neque
765 4054 862 4118 verba
880 4078 955 4118 sum
975 4057 1078 4119 facere
1094 4079 1191 4120 cona·

128 4184 141 4210 ι
151 4171 219 4236 tus,
232 4155 321 4242 quod
334 4155 490 4219 malebam
502 4178 615 4218 eorum
627 4156 805 4219 auscultare
817 4155 925 4237 dictis,
935 4157 1054 4243 quibus
1065 4179 1193 4222 venera-

128 4257 273 4320 «tionem
286 4273 376 4337 aetas,
386 4271 419 4319 et
427 4256 544 4345 longus
553 4278 662 4320 rerum
672 4279 750 4322 usus
763 4257 969 4345 prudentiam
982 4258 1191 4326 conciliasset.

165 4451 181 4515 §
194 4453 263 4499 XIV.
275 4451 361 4501 Suidas
372 4451 399 4500 itt
412 4449 507 4519 πύρινος
517 4450 631 4519 πολεμος.
642 4477 676 4488 -
688 4450 776 4516 Polyb.
787 4477 822 4488 -
833 4450 886 4498 mv.
897 4450 963 4514 Epit.
976 4475 1011 4488 -·
1020 4452 1126 4518 Appiae.
