2640 5046
281 721 333 790 IN
365 721 478 789 LOC.
500 721 596 787 LIB.
618 720 787 788 XLVIII
817 720 1030 788 LIVIANI.
1139 715 1186 789 63

122 877 137 902 ι
146 843 394 923 multuantibus,
405 865 507 930 quum
518 865 625 929 neque
634 842 827 906 diuturnum
839 863 929 927 aeque
937 841 1056 904 bellum
1065 887 1073 921 ,
1082 862 1189 929 neque

124 947 237 1012 «clade
260 946 364 1032 aliqua
389 967 506 1033 magna
531 944 658 1032 insigne
681 965 850 1032 geramus,
871 943 1048 1022 juventutis
1072 958 1190 1005 nostrae

124 1047 247 1113 «animi
265 1045 471 1125 ceciderunt,
491 1061 524 1109 et
541 1046 696 1133 pristinus
713 1044 766 1108 ille
785 1043 945 1107 bellatoris
961 1043 1074 1130 populi
1093 1042 1192 1107 ardor

122 1180 137 1206 «
146 1151 193 1213 sic
203 1147 374 1228 emarcuit,
387 1163 423 1210 ut
432 1147 484 1210 rix
495 1147 645 1234 mihiipsi
656 1145 785 1209 credam
796 1139 1016 1225 ,aut'eosdem
1030 1166 1090 1208 nos
1104 1167 1189 1224 esse,

124 1282 137 1306 ι
146 1251 204 1338 qui
219 1272 287 1313 esse
300 1248 499 1328 solebamus,
511 1264 568 1311 aut
578 1249 617 1311 iis
632 1263 826 1336 prognatos,
836 1268 977 1333 quorum
991 1246 1144 1309 virtutem
1159 1263 1191 1311 et

124 1349 360 1414 «constantiam
371 1349 459 1412 nulla
468 1348 515 1412 vis
526 1349 641 1433 lassare
650 1349 774 1437 potuit,
785 1347 912 1410 nullum
923 1347 1095 1411 discrimen
1109 1350 1191 1411 fran-

125 1474 233 1542 «gere.
251 1451 373 1514 Verum
394 1450 558 1514 enimvero
582 1471 642 1538 pro
665 1473 699 1514 se
721 1451 860 1538 quisque
880 1449 1016 1530 viderit,
1041 1450 1121 1537 quid
1140 1452 1190 1515 vel

126 1585 139 1610 α
149 1554 226 1635 sibi,
242 1553 292 1618 vel
308 1553 482 1633 majoribus
498 1552 702 1640 posterisque
719 1553 805 1633 suis,
821 1551 997 1640 approbet:
1010 1574 1086 1640 ego,
1102 1551 1191 1639 quod

126 1679 251 1720 «unum
268 1677 420 1744 possum,
437 1676 544 1741 neque
561 1655 713 1742 cuiquam
730 1654 914 1742 exemplum
930 1653 1052 1716 inertiae
1068 1676 1141 1735 ero,
1161 1669 1193 1716 et
1255 1679 1259 1686 ·

126 1759 254 1846 «primo
271 1780 403 1845 quoque
420 1771 565 1843 tempore
582 1754 623 1818 ad
638 1755 815 1818 exercitum
833 1751 1027 1843 proficiscar.
1041 1785 1054 1810 ι

171 1859 275 1922 XVII.
290 1857 513 1922 Adolescentia
527 1857 708 1921 orationem
718 1855 865 1919 admirati
880 1858 1006 1936 Patres,
1023 1855 1143 1943 quibus
1159 1857 1194 1919 in

127 1975 217 2023 tanto
237 1959 386 2023 omnium
404 1958 521 2022 timore
543 1958 622 2021 nihil
638 1958 678 2020 ab
695 1958 745 2021 his
762 1957 855 2020 annis
874 1974 1036 2045 speratum
1054 1957 1192 2044 presidii

127 2060 252 2141 fuerat,
273 2059 419 2124 certatim
439 2058 472 2121 in
491 2058 781 2146 complexumxejus
804 2059 963 2122 ruebant:
984 2059 1115 2147 dignum
1127 2058 1193 2146 fa·

127 2161 236 2240 milio,
252 2173 283 2224 et
300 2163 335 2223 in
352 2183 416 2248 qua
427 2160 568 2246 genitias,
584 2175 615 2223 et
629 2162 661 2222 in
674 2183 770 2248 quom
784 2159 954 2247 adoptatus
967 2176 1061 2241 esset,
1076 2160 1194 2247 praedi-

129 2278 238 2326 cantes
250 2285 257 2326 ι
268 2274 416 2351 pergeret
433 2264 520 2325 bonis
535 2262 641 2326 aribus
660 2262 787 2351 implere
801 2262 913 2326 datam
923 2261 1006 2350 fato
1021 2279 1150 2342 sortem,
1164 2275 1195 2326 et

128 2365 335 2427 clarissimam
354 2364 509 2452 mersorum
523 2363 677 2451 faniam,
703 2367 765 2428 suis
780 2366 959 2443 ‚virtutibus
976 2364 1144 2453 gloriaque
1165 2377 1195 2429 et

117 2461 279 2552 felicitate
301 2479 472 2529 moveret.
491 2464 630 2544 Maiores
651 2481 731 2530 natu
747 2466 894 2530 ferebant
912 2465 1046 2553 fuctum
1069 2470 1195 2530 seniora

129 2565 294 2652 Africani,
306 2569 372 2655 qui,
383 2590 478 2655 quum
490 2568 631 2630 eamdem
643 2571 677 2630 in
691 2569 876 2656 Hispaniam
891 2571 934 2631 ire
948 2569 1193 2648 auderetuemo,

122 2671 243 2757 patrue
262 2692 353 2733 suam
376 2693 501 2757 operam
518 2669 600 2733 ultro
616 2670 799 2734 obtulisset:
815 2691 897 2734 nunc
914 2671 956 2732 ab
978 2669 1043 2732 alio
1067 2671 1106 2733 P.
1125 2670 1194 2733 Sci-

123 2773 220 2858 pione
236 2769 318 2848 rilem
331 2793 460 2857 prorsus
477 2769 656 2858 exemplum
676 2771 828 2850 relatum,
845 2774 878 2833 in
893 2794 1065 2860 quoquam
1082 2786 1196 2835 cetera

130 2885 229 2933 esseut
239 2876 363 2949 omm'a,
378 2870 490 2957 qualia
500 2885 531 2933 et
539 2893 615 2934 arus
628 2872 798 2951 habuisset,
807 2874 883 2959 jam
895 2895 925 2934 se
940 2873 1081 2934 eamdem
1094 2875 1127 2934 iu
1139 2871 1179 2934 ill

120 2971 289 3060 factorum
314 2977 505 3060 nominisque
527 2973 765 3060 anplt'tuda'nem
785 2973 913 3035 aiebant
937 2976 1098 3060 augurari.
1116 2974 1196 3036 Pro-

132 3071 251 3136 ductus
267 3071 385 3135 deinde
398 3073 430 3134 in
444 3073 635 3135 concionem
647 3073 774 3160 populi,
785 3095 888 3158 quum
903 3072 1015 3136 eadem
1026 3072 1196 3137 disseruis-

131 3190 197 3252 set,
212 3171 337 3260 pudore
356 3189 388 3235 et
404 3173 609 3236 aemulatione
625 3173 672 3236 sic
687 3173 847 3261 permovit
863 3196 929 3237 non
947 3175 1062 3264 vulgus
1081 3179 1196 3258 modo,

132 3274 189 3339 aed
208 3275 304 3337 etiam
327 3275 496 3362 primarios
516 3275 616 3356 cives,
631 3291 669 3337 ut
685 3291 717 3338 et
731 3275 909 3363 legatorum
923 3275 1196 3367 tribunorumque

133 3399 306 3456 numerus,
331 3393 447 3462 sponte
469 3398 504 3439 se
519 3376 629 3440 multis
645 3376 875 3453 offerentibus,
892 3378 1093 3464 expleretur,
1107 3396 1140 3444 et
1151 3381 1198 3444 le·

132 3479 262 3567 giones,
281 3479 468 3567 agminatim
486 3478 550 3557 jam
570 3478 704 3541 nomina
722 3477 891 3558 dantibus,
911 3480 967 3565 qui
990 3496 1082 3556 antea
1101 3483 1197 3572 tergi—

133 3581 249 3642 versati
271 3581 417 3661 fuerant,
441 3579 520 3642 citra
536 3579 715 3668 longiorem
735 3602 859 3644 moram
878 3582 1038 3644 conscribi
1055 3601 1197 3669 possent.

178 3681 298 3743 XVIII.
318 3682 403 3743 Dum
424 3680 474 3743 his
495 3680 736 3767 impedimentis
752 3680 895 3744 delectus
915 3684 1025 3746 Romae
1049 3685 1197 3766 trahitur,

134 3781 180 3845 Μ.
195 3781 364 3845 Marcellus
377 3783 571 3869 proconsul,
589 3781 727 3868 cupidus
743 3781 819 3845 belli
835 3798 909 3845 ante
927 3787 1121 3850 successoris
1143 3786 1200 3849 ad-

134 3898 268 3946 ventum
281 3905 415 3969 quoquo
431 3883 529 3947 modo
541 3882 693 3962 liniendi,
710 3899 748 3945 ut
762 3899 879 3970 pacatis
894 3885 1055 3973 Hispaniae
1067 3887 1200 3950 titulum

134 3999 365 4071 aucuparetur,
383 4001 541 4071 quantum
561 3985 637 4072 ipsis
656 3985 841 4050 immineret
856 3988 1006 4073 periculi,
1024 3989 1201 4052 admonere

134 4086 312 4149 Celtiberos
329 4107 395 4147 non
412 4084 551 4167 destitit3
570 4102 621 4166 et,
639 4103 676 4150 ut
693 4087 894 4150 humanitate
911 4111 1043 4175 quoque
1059 4089 1100 4152 ad
1114 4091 1199 4176 pacis

135 4208 278 4251 amorem
289 4209 345 4250 eos
359 4186 507 4266 illiceret,
519 4185 648 4250 obsides
658 4186 799 4252 reddidit
808 4189 1001 4276 petentibus.
1015 4191 1098 4252 Cum
1112 4192 1201 4278 prin·

169 4395 185 4460 S
204 4397 273 4443 XVI.
298 4397 349 4443 Liv.
371 4395 475 4450 XXVI,
497 4395 536 4441 18.
560 4421 595 4430 -
613 4395 630 4459 5
650 4397 733 4444 xvn.
751 4397 805 4443 Liv,
825 4396 890 4456 “pit
916 4422 950 4433 -
976 4395 1064 4461 Polyb.
1092 4425 1126 4433 ·—
1146 4398 1197 4445 Lir.

135 4479 241 4536 XXVI,
257 4481 295 4526 18.
858 4476 866 4486 ’
