2594 4980
116 673 164 760 aa
288 676 355 742 to.
383 670 723 741 ruerusaauu
753 671 997 741 sueretu.

115 801 185 888 cipe
195 813 302 861 autem
313 793 499 884 legationis,
512 815 583 880 quat
595 792 691 856 missa
701 792 837 854 Romam
851 792 969 874 fuerat,
981 792 1040 858 diu
1055 798 1179 862 secreto

115 901 334 988 colloquutus,
344 895 561 984 suspicionem
571 892 729 983 propositi
740 893 808 973 ejus
818 895 921 977 auxit,
931 896 1052 961 ceteris
1064 897 1180 982 etiam,

116 1025 188 1092 quae
206 1024 281 1065 mox
297 1021 448 1078 evenere,
462 1019 529 1060 non
547 996 686 1060 obscura
701 996 749 1059 rei
766 996 909 1075 ejusdem
928 998 1050 1065 iudicia
1064 1000 1180 1091 praefe-

115 1103 281 1169 rentibus:
298 1101 405 1164 statim
422 1098 508 1162 enim
522 1114 554 1160 et
568 1097 784 1188 Nergobrigas
799 1098 944 1187 quinque
960 1102 1180 1167 Arvaccorum

116 1205 214 1270 millia
238 1216 455 1290 occuparunt;
477 1215 508 1263 et
525 1201 719 1288 proconsul,
741 1199 784 1263 ad
804 1200 1014 1266 Numantiam
1036 1205 1181 1270 exerunt

115 1305 231 1388 ducto,
250 1320 324 1367 ante
350 1302 465 1365 urbem
487 1302 597 1389 posuit
615 1318 733 1382 castra,
747 1324 956 1392 egressosque
971 1305 1102 1371 obviam
1117 1306 1181 1372 levi
1213 1294 1219 1301 ¹

114 1408 287 1474 certamine
304 1406 389 1467 intra
406 1425 518 1466 muros
531 1404 697 1491 compulit.
715 1404 764 1468 lbi
781 1405 936 1486 Litenno,
952 1406 1099 1471 hostium
1117 1407 1180 1474 du-

116 1525 197 1589 ctor,
215 1506 298 1595 pede
320 1503 448 1568 firmato
462 1504 666 1585 exclamavit,
681 1528 715 1569 se
736 1506 876 1594 colloqui
893 1530 967 1570 cum
984 1499 1182 1595 proconsule

116 1632 244 1700 cupere.
261 1610 397 1694 Accepta
415 1604 502 1669 haud
520 1623 646 1695 gravate
664 1608 777 1696 petitio
791 1624 855 1690 est,
875 1610 1112 1698 convenitque,
1126 1627 1180 1692 ut,

118 1712 272 1777 obsidibus
287 1723 319 1772 et
331 1711 470 1796 pecunia
488 1710 585 1786 data,
601 1707 742 1773 Celtiberi
752 1712 814 1773 suis
830 1709 947 1796 legibus
963 1713 1120 1791 viverent,
1137 1735 1184 1776 so·

116 1817 217 1902 alique
230 1824 260 1875 et
275 1812 372 1874 amici
378 1808 493 1898 populi
504 1813 630 1873 romani
643 1811 839 1875 haberentur.
853 1812 1020 1875 Summam
1034 1813 1184 1900 pecunias

116 1919 236 1981 talenta
252 1928 401 1977 sexcenta
420 1913 518 1975 fuisse
534 1911 745 1995 Posidonius,
766 1913 983 2000 hispaniarum
997 1936 1110 1977 rerum
1125 1936 1184 2004 pe-

119 2018 200 2082 ritus
220 2031 344 2094 auctor,
364 2010 506 2077 tradidit.

161 2115 252 2183 xlx.
273 2117 386 2208 Quum
404 2116 468 2179 hoc
493 2114 593 2179 modo
615 2115 718 2203 pacati
735 2138 848 2179 omnes
866 2114 1044 2179 Celtiberiae
1067 2117 1185 2205 populi

117 2221 314 2298 viderentur,
330 2240 453 2282 novum
462 2215 601 2280 subinde
611 2217 731 2280 bellum
745 2219 780 2281 L.
793 2217 918 2281 Luculli
930 2217 1073 2280 consulis
1089 2220 1185 2306 cupi·

118 2323 218 2388 ditate
233 2322 406 2385 excitatum
423 2335 480 2384 est.
500 2321 547 2399 ls,
562 2341 664 2406 quum
686 2317 870 2405 Hispaniam
888 2334 974 2381 sorte
991 2319 1184 2407 accepisset,

116 2423 216 2511 idque
233 2421 293 2486 sibi
310 2437 436 2510 putaret
457 2418 639 2508 agendum,
654 2434 691 2481 ut
705 2418 874 2506 locupletis
887 2420 1061 2507 provinciae
1080 2421 1184 2509 copiis

116 2527 162 2589 rei
179 2524 342 2589 familiaris
364 2522 567 2585 anhelantem
588 2521 730 2607 inopiam
754 2521 959 2603 refocillaret,
978 2523 1185 2610 occasionem

119 2626 345 2692 manubiarum
362 2625 456 2711 coepit
476 2643 628 2709 quaerere.
643 2622 768 2686 Novam
791 2646 920 2710 pacem,
936 2646 1039 2711 quum
1059 2648 1093 2688 re
1113 2642 1186 2689 acta

117 2726 373 2814 supervenisset,
391 2722 521 2786 turbare
538 2723 756 2811 periculosum
772 2723 902 2788 rebatur
920 2748 928 2788 ε
952 2726 986 2788 in
1000 2724 1185 2808 Turdulos,

118 2828 314 2907 Cantabros,
337 2824 476 2911 aliasque
500 2825 663 2905 nationes,
678 2825 821 2889 romanis
842 2824 949 2888 adbuc
967 2825 1064 2888 armis
1089 2826 1185 2891 inco·

119 2930 222 3020 gnitas
231 2978 240 3008 ,
250 2926 494 3016 impressionem
509 2927 612 2989 facere
621 2926 743 2991 statuit.
757 2926 808 2990 Ad
819 2926 880 2989 bos
892 2927 953 2990 iter
963 2949 1021 3014 per
1032 2927 1186 2992 Vaccaeos

120 3047 188 3096 erat
201 3054 208 3093 :
222 3029 288 3091 huc
305 3028 403 3115 igitur
414 3028 504 3114 signa
518 3027 666 3112 protinus
680 3027 794 3108 infert,
808 3050 910 3114 quum
925 3038 1035 3114 neque
1049 3028 1187 3093 manda·

119 3150 189 3197 tum
198 3131 274 3195 belli
285 3151 360 3193 cum
378 3128 428 3190 his
438 3126 575 3214 gerundi
589 3126 630 3188 ab
646 3143 777 3207 senatu,
793 3150 899 3214 neque
910 3150 1039 3191 causam
1050 3129 1092 3192 ab
1106 3130 1186 3218 ipsis

118 3235 216 3296 ullam
235 3230 416 3317 accepisset.
439 3229 545 3291 Cauca
568 3242 654 3291 trans
670 3228 796 3316 Tagum
813 3229 891 3292 urbs
905 3246 989 3312 erat3
1005 3229 1047 3293 ad
1066 3254 1186 3318 quam,

118 3332 306 3396 transmisso
320 3350 434 3406 amne,
452 3350 555 3414 quum
574 3343 675 3392 castra
691 3329 865 3416 posuisset,
881 3332 1074 3394 mirantibus
1090 3333 1188 3421 oppi-

119 3432 228 3512 danis,
241 3452 305 3518 qua
316 3429 349 3491 in
359 3431 522 3490 Romanos
537 3428 661 3492 offensa
672 3429 876 3494 obsidionem
889 3433 1099 3515 meruissent,
1109 3436 1189 3498 Cara

119 3550 314 3622 petanorum
330 3528 462 3606 injurias
476 3529 582 3592 ultum
596 3552 631 3594 se
645 3532 773 3613 venire,
786 3533 949 3619 professus
963 3550 1021 3598 est.
1038 3536 1187 3617 Caucaei,

115 3634 161 3721 ad
176 3657 234 3697 sua
242 3630 364 3697 tuenda
377 3631 523 3694 conversi
534 3679 542 3711 ,
553 3649 724 3719 postquam
734 3634 861 3696 hostem
872 3634 1061 3698 frumentari
1080 3637 1189 3725 ligna·

119 3739 213 3823 rique
229 3734 380 3798 audacius
401 3732 677 3811 animadvertunt,
692 3735 862 3823 eruptione
875 3735 909 3796 in
925 3737 1068 3823 palantes
1085 3738 1189 3820 facta,

119 3839 240 3903 multos
255 3835 470 3917 interficiunt,
481 3836 622 3924 reliquos
634 3836 675 3899 ad
692 3837 759 3924 ipsa
776 3859 880 3923 usque
895 3853 997 3900 castra
1010 3840 1189 3924 repellunt.

119 3941 235 4006 Primis
254 3939 422 4002 conatibus
438 3961 541 4025 quum
558 3940 602 4001 ita
619 3938 838 4018 successisset,
858 3938 934 4003 lacti
954 3940 1189 4025 animosiores,

94 4087 95 4091 =
119 4043 217 4131 signis
234 4040 355 4104 collatis
373 4040 525 4104 dimicare
540 4055 618 4104 suut
633 4040 720 4120 ausi,
741 4055 788 4120 et,
805 4037 911 4105 donec
931 4041 1059 4104 eminus
1084 4059 1191 4106 certa·

119 4146 233 4224 batur,
252 4143 375 4206 levibus
398 4159 526 4207 assueto
547 4142 681 4230 praeliis,
698 4159 731 4205 et
751 4140 792 4205 ad
810 4144 1029 4207 velitationem
1052 4146 1192 4209 meliore

120 4244 280 4331 Hispano,
297 4245 438 4308 consulis
461 4243 618 4307 exercitus
637 4242 803 4309 laborabat
822 4267 830 4309 :
845 4244 921 4325 ubi,
940 4246 1116 4311 missilibus
1131 4271 1192 4312 ea·

73 4404 77 4411 .
154 4403 276 4487 saint.
288 4426 395 4490 Appiam
408 4423 512 4488 Hispan.
