2594 4980
138 658 196 727 IN
222 658 795 729 LOC.LlB.LllLlVlllNI.
931 656 1018 731 183·
1120 700 1128 715 κ

94 777 310 867 petientisque
334 776 375 841 ad
397 800 511 842 omnes
538 776 613 841 belli
640 776 767 842 labores
792 776 941 862 duratus,
967 796 1001 845 et

94 879 272 943 uratissima
293 879 406 943 notitia
424 880 589 959 locorum,
611 877 831 966 pernicitatem
851 881 1000 969 viresqtae

101 980 235 1044 eximias
242 996 461 1067 consequutus
472 996 571 1060 esset,
582 996 657 1069 post
667 978 775 1047 Galba
785 979 819 1043 in
830 981 1000 1047 Lusitanos

94 1079 185 1169 quod
200 1080 268 1168 ipse
283 1080 464 1168 periculum
479 1097 556 1146 astu·
567 1097 599 1145 et
610 1067 733 1145 ‘robore
749 1081 923 1172 effugeret,
938 1083 1000 1149 hc-

102 1180 223 1268 quibus
239 1203 344 1268 neque
362 1204 428 1264 res,
448 1205 554 1270 neque
571 1204 642 1271 spes
658 1198 744 1246 certa
760 1204 899 1270 usquam
916 1199 1001 1265 erat,

94 1283 204 1363 llecta,
222 1283 322 1346 multa
345 1284 478 1348 feliciter
494 1283 647 1350 audendo
661 1282 758 1372 coepit
772 1283 979 1351 inclarescere
994 1306 1003 1348 t

94 1380 325 1447 confluentibus
345 1383 385 1448 ad
407 1407 482 1448 eum
504 1383 652 1473 quotidie
666 1383 832 1472 plurimis,
844 1384 922 1465 justi
936 1385 1004 1465 jam

93 1507 98 1546 t
118 1483 247 1566 ductor,
269 1501 369 1550 castra
389 1487 422 1551 in
444 1503 556 1575 aperto
576 1508 717 1574 ponere,
735 1501 769 1552 et
790 1508 867 1551 cum
889 1485 1004 1575 populi

93 1585 273 1651 tractoribus
287 1588 355 1651 acie
372 1586 527 1677 congredi
540 1608 638 1652 ausus
650 1602 709 1651 est.

100 1685 229 1751 Primus
242 1710 356 1752 eorum
370 1688 406 1752 C.
423 1688 560 1753 Vetilius
572 1687 695 1752 collatis
709 1686 809 1776 signis
820 1687 942 1768 victus,
952 1702 1004 1768 et,

118 1803 310 1875 potestatem
335 1789 481 1855 hostium
503 1789 716 1878 pervenisset,
733 1788 923 1853 interfectus
943 1803 1004 1852 est.

93 1908 166 1951 tune
187 1889 323 1953 modum
346 1905 433 1978 gesta
450 1889 596 1955 traditur.
615 1888 851 1955 Turdetaniam
863 1888 1006 1954 restabat

94 2011 169 2053 rum
185 1991 358 2073 exereitus,
377 1981 420 2055 >ad
436 1991 609 2055 hominum
632 1991 730 2055 millia
745 1988 869 2056 decem.
885 1990 926 2053 In
942 1988 1004 2053 hos

93 2096 176 2154 loma
196 2112 342 2179 egressus
367 2112 442 2155 cum
469 2092 696 2181 supplemento
718 2092 753 2156 C.
773 2090 928 2171 vetilius,
952 2111 1005 2155 as-

93 2190 255 2254 reteribus
269 2192 386 2280 copiis,
404 2209 535 2260 strenue
546 2193 669 2259 morit:
686 2192 887 2282 adeptusque
902 2191 1007 2280 pabu·

93 2314 194 2383 nagno
218 2292 389 2359 interfecto
412 2317 568 2376 numero,
584 2310 717 2360 caeteros
739 2295 772 2357 in
792 2295 903 2357 locum
922 2290 1005 2357 eden

104 2393 280 2481 compulit,
303 2411 340 2459 ut
359 2395 564 2461 manentibus
586 2419 606 2459 a
623 2395 725 2476 farne,
744 2393 940 2460 abeuntibus
962 2391 1004 2457 ab

93 2492 224 2558 rtissima
240 2496 397 2583 pernicies
411 2497 580 2562 imminere
595 2496 771 2579 videretur.
785 2496 873 2585 Ergo
882 2495 1004 2583 legatos

93 2594 218 2657 {mentis
233 2597 415 2684 supplicum
430 2598 580 2679 mittunt3
590 2597 709 2662 horum
727 2596 797 2661 talis
813 2595 918 2660 oratio
932 2594 1006 2659 tuit.

96 2742 105 2759 .
123 2724 137 2751 ι
148 2695 224 2760 Non
241 2696 392 2783 equidem
413 2721 453 2763 eo
470 2699 659 2787 proposito,
675 2698 832 2778 Romani,
844 2694 927 2761 bella
943 2717 1006 2759 no·

103 2796 232 2885 geritis,
243 2813 296 2879 ut,
307 2798 438 2863 innoxia
452 2814 548 2886 gente
564 2796 684 2878 deleta,
696 2794 904 2863 sclimdincm
916 2794 1009 2860 facia·

93 2911 141 2959 ter
159 2919 265 2983 neque
283 2899 499 2985 supplicatum
509 2896 728 2976 venissemus,
748 2910 797 2977 et,
810 2894 838 2957 si
855 2893 936 2958 nihil
947 2914 1009 2980 po-

92 2995 221 3077 melius,
231 2996 294 3060 hoc
304 3013 392 3060 certe
403 2997 595 3085 egissemus,
608 3018 650 3059 nc
659 2994 758 3069 inulti
766 2993 1013 3074 occideremur,

92 3118 162 3163 ecus
181 3113 279 3185 atque
298 3098 473 3163 certamine
488 3119 565 3161 curn
580 3097 658 3163 feris
675 3096 775 3177 inito,
791 3093 881 3183 quod
896 3117 1010 3184 pacem

92 3221 136 3263 tra
154 3199 272 3282 nescit,
290 3221 351 3265 nec
370 3199 432 3263 nisi
451 3198 584 3263 victoria
601 3212 659 3261 aut
677 3211 782 3261 morte
804 3194 1011 3263 terminatur.

91 3316 160 3365 tem
181 3299 244 3363 late
261 3321 321 3387 per
338 3322 453 3363 omnes
473 3316 573 3364 terras
589 3320 657 3362 non
678 3295 780 3365 modo
799 3296 933 3363 rebelles
947 3317 1008 3385 po·

92 3400 152 3464 iet
168 3399 273 3464 Marte
292 3399 482 3482 domuistis,
502 3398 561 3464 sed
582 3400 679 3465 etiam
697 3397 887 3487 plerosque,
908 3397 1013 3485 aequis

92 3499 208 3565 onibus
226 3500 379 3589 illigatos,
397 3498 437 3564 de
450 3499 599 3565 hostibus
615 3499 720 3564 socios
732 3499 919 3586 amicosque
933 3499 1011 3563 leci·

92 3600 97 3663 l
119 3599 181 3688 ipsi
198 3600 326 3687 populi,
351 3622 412 3687 pro
429 3622 570 3688 quorum
590 3599 729 3667 tuitione
751 3615 854 3669 castra
870 3599 931 3663 ista
945 3599 1014 3663 hoc

92 3701 223 3782 scistis,
232 3699 407 3789 aliquando
418 3701 528 3766 hostes
540 3701 656 3783 vestri,
668 3722 775 3787 neque
787 3698 906 3764 minori
916 3698 1010 3764 vobis

92 3824 174 3890 ,taam
191 3801 290 3866 hodie
306 3803 467 3883 Lusitani,
484 3803 630 3869 fuerunt.

92 3904 125 3969 1.
143 3904 270 3992 «Igitur
285 3904 318 3966 in
335 3925 429 3968 causa
448 3901 537 3968 haud
556 3901 697 3975 multum
717 3899 837 3989 dispari
854 3897 935 3986 quid
951 3919 1010 3986 pa·

92 4002 174 4068 robis
186 4018 368 4093 exspectare
379 4004 616 4069 humanitatem
630 3999 737 4066 vetat?
749 3996 1015 4089 praesertimque
1050 4047 1055 4054 -

92 4105 281 4175 notissimum
300 4120 369 4186 est,
386 4127 453 4169 non
475 4103 596 4196 ingenii
618 4101 756 4182 ferocia,
778 4113 835 4163 eut
855 4094 932 4161 odio
947 4096 1010 4162 im·

92 4311 108 4359 l.
120 4308 165 4358 stt
174 4310 227 4368 111,
239 4308 298 4365 tsi.
315 4335 350 4348 -
367 4309 425 4363 Liri
435 4308 503 4375 Epit-
518 4334 554 4346 -
565 4305 672 4357 Diodes.
685 4302 804 4383 Hm.
818 4300 844 4348 5.
855 4324 892 4337 -
901 4300 1013 4371 Appias,

108 4390 614 4458 flor.11,17.-§xXV.Dlodor.-
626 4383 905 4457 Appia-Orod,
918 4391 942 4443 4·
