2594 4980
285 763 340 829 iu
369 760 483 830 soc.
510 762 608 829 uis.
634 762 743 829 Lxx
771 762 997 832 Liviani.
1097 763 1169 860 609

120 903 183 969 que
200 884 314 945 consul
327 882 467 945 Licinius
488 880 673 968 prefuerat,
689 897 727 944 ut
741 902 846 966 neque
863 880 1070 972 inimicorum
1081 883 1169 962 judi·

118 984 165 1047 cia
182 984 475 1069 conscientiamque
490 981 749 1045 exhorresceret:
765 1003 903 1067 namque
920 983 957 1045 C.
971 983 1168 1068 Carbonem,

119 1086 210 1163 cujus
231 1101 355 1171 patrem
377 1085 598 1163 damnaverat,
621 1083 729 1146 studio
751 1082 898 1147 vindicte
918 1083 959 1147 ad
978 1086 1170 1171 speculanda

119 1201 187 1247 acta
207 1208 262 1248 sua
284 1186 483 1262 venientem,
506 1183 586 1246 adeo
609 1206 676 1246 non
703 1183 881 1263 submovit,
906 1200 944 1247 ut
966 1185 1099 1274 insuper
1119 1168 1169 1250 lo·¹

121 1308 194 1348 cum
211 1287 240 1348 ei
257 1285 347 1348 daret
366 1287 398 1347 in
420 1285 589 1364 tribunali,
608 1306 666 1347 nec
686 1284 746 1346 nisi
766 1306 805 1347 eo
825 1306 933 1347 coram
950 1303 1169 1374 cognosceret.

121 1386 245 1448 Dixisse
264 1401 369 1448 tamen
385 1388 536 1448 Crassum
551 1385 676 1463 lerunt,
690 1406 791 1470 quum
812 1406 845 1446 se
862 1385 905 1448 ita
919 1386 1043 1451 rideret
1061 1387 1172 1452 obser-

121 1488 207 1564 vari,
230 1510 265 1550 se
281 1486 400 1550 nullius
417 1488 462 1548 rei
483 1474 740 1571 tam'poenitere,
759 1507 856 1571 quam
877 1485 966 1571 quod
982 1508 1125 1574 unquam
1139 1488 1175 1551 in

100 1578 106 1583 ⁴
118 1588 277 1667 judicium
291 1588 476 1651 vocavisset.
1156 1662 1161 1671 1

167 1688 268 1752 XXV.
286 1688 420 1751 lnterim
437 1688 471 1748 in
490 1687 571 1749 urbe
591 1686 705 1749 Siculis
726 1686 899 1767 Halesinis‚
916 1688 1005 1774 quod
1016 1689 1178 1753 habebant

124 1792 207 1853 inter
220 1812 255 1852 se
269 1788 309 1852 de
323 1804 437 1852 senatu
449 1786 633 1874 cooptando
644 1787 894 1867 controversias,
908 1788 1009 1850 lloma
1024 1790 1108 1877 leges
1122 1784 1179 1877 pe'·

124 1890 283 1970 tentibus,
296 1904 493 1952 censuerunt
504 1888 631 1966 Patres,
643 1888 693 1949 uti
705 1886 740 1950 C.
750 1884 900 1950 Claudius
911 1888 971 1975 Ap.
980 1888 1018 1950 F.
1026 1887 1176 1969 Pulcher,

119 2007 255 2079 praetor,
269 1990 309 2052 de
322 2004 433 2052 senatu
444 1987 620 2076 cooptando
636 1987 719 2073 leges
730 1987 941 2050 comeriberet.
959 1988 994 2050 C.
1006 1987 1178 2070 Claudius,

124 2093 180 2178 qui
194 2091 336 2178 antiquis
348 2091 506 2176 novisque
520 2087 561 2151 de
574 2089 677 2151 causis
688 2088 771 2151 bene
784 2087 897 2152 Siculis
910 2088 1077 2175 cupiebat,
1093 2089 1184 2153 adbi-

125 2192 199 2255 bitis
215 2191 367 2257 omnibus
382 2190 556 2271 Marcellis,
574 2190 630 2276 qui
645 2205 714 2252 tum
727 2206 834 2268 erant,
845 2190 956 2252 insulae
968 2191 1126 2277 patronis,
1141 2188 1181 2254 de

127 2316 239 2356 corum
258 2292 415 2356 sententia
429 2293 514 2380 leges
531 2290 687 2354 Halesinis
703 2288 808 2369 dedit,
826 2312 865 2352 nc
881 2291 953 2376 quis
973 2292 1078 2354 oriuor
1088 2293 1182 2354 annu

127 2395 272 2479 triginta,
290 2395 381 2482 quive
395 2395 622 2480 quoestuariam
635 2407 734 2455 anem
749 2393 954 2469 exercuisset,
970 2395 1056 2456 cuive
1073 2415 1181 2457 census

115 2494 224 2581 justus
245 2517 308 2558 non
329 2505 419 2573 esset,
440 2493 601 2579 legeretur.
623 2491 740 2556 lisdem
757 2492 944 2555 consulibus
962 2492 1182 2580 gravissimam

126 2595 316 2659 seditionem
329 2594 591 2681 tribunusplebis
603 2594 639 2655 C.
650 2592 822 2655 Norbanus
836 2590 983 2654 excitarit
996 2590 1047 2653 die
1060 2594 1101 2673 Q.
1113 2593 1182 2655 Ser·

126 2695 201 2758 vilio
212 2695 354 2781 Caepioni
369 2692 514 2756 dicenda.
527 2695 631 2755 Reum
644 2693 677 2754 L.
684 2692 825 2754 Licinius
842 2688 955 2752 consul
970 2688 1182 2775 defendebat3

129 2792 451 2875 intercedebaturque
468 2791 626 2877 rogationi
637 2812 657 2852 a
667 2789 797 2852 duobus
811 2788 851 2851 de
863 2788 1011 2877 collegio,
1028 2791 1063 2855 L.
1073 2794 1182 2874 Cotta,

129 2894 165 2956 T.
180 2891 301 2955 Didio:
325 2890 382 2954 sed
399 2890 592 2969 Norbanus,
610 2890 765 2952 concitata
786 2888 895 2975 plebe,
920 2903 952 2951 et
969 2888 1001 2951 ri
1021 2890 1121 2976 pulsis
1143 2913 1184 2955 ct

130 2991 249 3077 templo
266 2990 547 3068 intercessoribus,
562 2989 694 3076 pertulit
707 2990 820 3077 legem.

172 3089 292 3155 xxvi.
310 3092 346 3154 In
366 3090 420 3154 illo
436 3089 626 3154 tumultuet
645 3088 721 3177 luga
738 3112 841 3177 quum
861 3090 920 3153 alia
934 3090 1066 3179 indigna
1085 3093 1183 3174 facta,

132 3208 200 3255 tum
215 3193 259 3257 Μ.
270 3192 455 3274 AEmilium‚
475 3191 652 3279 principem
666 3208 699 3254 et
716 3206 847 3255 senatus
863 3207 894 3254 et
909 3192 1063 3273 civitatis,
1080 3192 1184 3281 lapide

130 3314 317 3378 percussum
346 3316 414 3359 esse
441 3293 617 3357 constabat.
641 3294 836 3356 Damnatum
861 3292 960 3356 fuisse
984 3292 1185 3379 Caepionem,

131 3409 228 3479 atque
238 3397 271 3458 in
281 3417 439 3459 carcerem
451 3394 604 3474 ductum,
615 3395 826 3458 consentitur.
835 3392 959 3457 Exinde
972 3392 1092 3480 duplex
1102 3392 1187 3457 lama

133 3509 198 3556 est:
213 3495 263 3557 alii
279 3514 446 3577 necatum,
460 3512 492 3559 et
504 3519 522 3558 a
534 3493 682 3558 carnifice
695 3495 729 3557 in
740 3495 912 3559 Gemonias
929 3517 1015 3558 unco
1029 3510 1186 3577 tractum5

133 3592 183 3653 alii
194 3611 379 3680 exemptum
393 3597 544 3677 vinculis,
560 3598 593 3659 in
605 3596 752 3675 exsilium
764 3595 874 3675 ivisse,
886 3594 1087 3660 tradiderunt
1097 3620 1105 3659 ε
1115 3618 1187 3684 quo

135 3707 167 3753 et
190 3713 207 3753 a
231 3692 379 3779 pluribus
396 3694 567 3775 affirmata,
590 3711 622 3758 et
646 3696 789 3782 alioquin
813 3695 1010 3783 probabilior
1031 3699 1189 3761 sententis

136 3804 200 3868 est,
218 3809 360 3857 exstante
376 3817 507 3883 quoque
525 3796 702 3860 liberatoris
727 3795 867 3859 nomine.
885 3796 1113 3886 L.·Rheginum
1132 3799 1189 3861 tri·

136 3889 260 3954 bunum
280 3895 381 3980 plebis
398 3896 500 3958 edunt
517 3920 525 3960 :
545 3919 616 3959 eum
634 3898 746 3960 veteris
768 3897 917 3958 aeacum
938 3901 1102 3974 mensorio,
1124 3918 1188 3959 uon

136 4005 296 4054 auctorem
314 3995 407 4057 niodo
428 3996 596 4074 libanotis,
616 3998 672 4060 sed
684 3999 778 4059 etrum
797 3998 938 4059 comitem
945 3995 1063 4083 ficgoe,
1072 3994 1188 4082 fia'tsc

139 4093 232 4157 Certe
248 4092 293 4156 M.
306 4095 419 4159 Cicero
436 4096 520 4159 inter
531 4097 675 4184 exempla
685 4098 844 4160 clarorum
855 4096 1014 4174 virorum,
1027 4118 1110 4181 quos
1123 4097 1192 4184 ipse

137 4193 250 4257 viderit
267 4193 427 4259 civitatem
449 4219 614 4260 romanam
638 4199 801 4278 amittere,
822 4200 863 4279 Q.
877 4197 1061 4284 Caepionem
1086 4199 1192 4263 nomi·

172 4408 363 4472 smum.
376 4414 443 4462 Max.
461 4413 1194 4480 111‚1.-§xxucieinvereuuu11,co;u

139 4491 347 4558 Buuto,eap.4o‚
362 4496 620 4556 etdeOnt.11,t7.

260 4592 323 4661 [Χ.
775 4532 786 4552 ⁰
987 4588 1031 4681 39
