2594 4980
117 735 189 808 166
292 741 361 807 Jo.
389 739 728 808 rnamsaaun
760 710 1005 807 supatru.

113 882 148 923 se
165 882 254 941 esse,
274 859 412 924 dimissis
437 858 573 925 domum
596 859 860 943 Lacedaemoniis,
876 859 912 923 in
933 858 1050 923 urbem
1068 858 1153 925 redis·

114 976 201 1025 runt.

155 1044 239 1126 ΠΧ.
251 1063 309 1127 His
319 1062 487 1153 digressis,
501 1063 659 1127 Critolaus
670 1079 736 1133 tota
745 1062 868 1129 deinde
875 1062 984 1129 biems
995 1062 1038 1129 ad
1047 1062 1153 1129 obcun-

113 1162 169 1226 das
186 1164 328 1230 civitates
345 1189 439 1246 usus,
457 1166 563 1254 specis
578 1164 745 1246 narrandi,
758 1186 830 1252 quas
841 1164 954 1253 Tegee
966 1163 1075 1228 forent
1085 1179 1154 1244 atta,

113 1265 276 1330 Romanos
296 1266 540 1348 calumniando,
560 1267 628 1330 lere
644 1267 761 1355 vulgus
776 1262 870 1339 odio,
885 1279 919 1328 et
935 1263 1107 1353 cupiditate
1117 1286 1154 1327 ra·

114 1388 187 1430 rum
205 1391 362 1433 novarum
378 1367 608 1433 inflammabat.
625 1367 716 1433 Idem
732 1366 907 1432 mandabat
920 1366 1153 1457 magistratibus,

113 1491 153 1531 ne
168 1473 342 1557 qwmoens
355 1470 565 1535 clenicam
577 1473 705 1553 acuti,
722 1472 828 1535 aretin
841 1469 978 1535 amula
991 1469 1154 1559 ἀνίμω-

114 1585 224 1635 natur
243 1596 256 1634 .·
268 1587 363 1660 utque
371 1573 544 1637 debetorum
553 1572 666 1638 solanti>
680 1570 872 1661 dtsfemeutr,
884 1572 985 1636 donae
999 1582 1153 1661 appatere,

114 1677 185 1760 quis
205 1688 327 1737 mutus
350 1674 425 1737 belli
448 1674 666 1739 hcedaemonil
674 1672 814 1764 fiscum
834 1689 919 1739 asset.
940 1672 1000 1739 llis
1018 1670 1154 1738 burdii·

115 1773 247 1838 delinita
260 1775 370 1862 plebs,
385 1792 418 1841 et
429 1777 531 1841 futuri
544 1775 743 1865 improvida,
759 1774 920 1865 quidquid
931 1775 978 1839 illi
992 1774 1153 1864 placuisset,

114 1874 206 1938 facile
220 1891 255 1938 et
266 1877 417 1942 credebat
434 1878 572 1955 dicenti,
585 1894 619 1942 et
633 1878 805 1966 imperanti
820 1876 1070 1965 obsequebatur.
1195 1860 1199 1947 l

156 1975 224 2041 LX.
241 1975 341 2059 Quod
357 1980 415 2043 ubi
432 1981 474 2062 Q.
491 1980 623 2045 Metello
637 1978 862 2044 Macedoniam
875 1976 1107 2049 administmutl
1118 1994 1154 2039 ot·
1196 1986 1199 2061 l

116 2075 260 2164 gnitum,
288 2080 408 2169 legatos
433 2080 474 2144 ud
494 2096 624 2170 gentem
645 2081 839 2146 Achaeorum
858 2081 919 2146 Gn.
939 2079 1114 2173 Papirium,
1132 2088 1154 2141 tl
1197 2076 1199 2083 ’

115 2174 239 2239 AElium
249 2178 391 2243 Lamiam
401 2180 582 2262 juniorem,
592 2202 734 2268 cumque
747 2180 798 2245 his
809 2184 847 2245 Α.
860 2180 1041 2246 Gabinium
1053 2180 1154 2245 etllttt·

116 2275 208 2341 nium
221 2278 317 2345 misit.
335 2282 403 2362 Qui
419 2282 477 2345 ubi
492 2280 533 2346 ad
545 2279 693 2346 eamdem
708 2284 809 2345 ferme
822 2282 978 2362 formam,
992 2297 1032 2346 ut
1042 2282 1107 2346 ser
1117 2280 1155 2343 la·

115 2377 178 2440 lius
194 2400 309 2467 nuper,
321 2384 555 2446 humanissime
569 2381 848 2471 placidissimoque
862 2382 1155 2464 monuissemus

114 2494 184 2544 nat
201 2483 317 2547 Acltoei
333 2483 399 2549 ullo
416 2484 509 2548 modo
527 2498 592 2548 tam
614 2486 819 2548 neccssan'am
834 2487 924 2573 genti
941 2506 1015 2548 eum
1033 2483 1157 2548 soant

115 2584 287 2646 amt'ct‘tt'cm
307 2586 511 2674 abrwnperc5
534 2606 603 2649 non
627 2585 739 2649 lenivit
754 2585 844 2674 vulgi
868 2584 1098 2665 temeritatem,
1116 2577 1157 2648 acl

116 2683 262 2749 accendit
284 2687 463 2775 legatorum
485 2686 642 2751 modestia
667 2709 675 2751 ε
700 2687 811 2776 paucis
829 2686 990 2776 exeeptis,
1006 2686 1083 2775 qui,
1098 2678 1157 2773 quil

114 2800 273 2870 ageretur,
283 2787 518 2876 intelligebant,
531 2804 644 2852 caetera
655 2785 849 2869 multitudo,
863 2804 895 2852 et
909 2803 985 2852 ante
994 2808 1104 2853 omnes
1113 2786 1158 2849 (lo

115 2885 227 2949 riothii
245 2888 472 2975 (concurrerat
487 2904 595 2954 autem
615 2890 751 2954 forensis
772 2890 875 2955 turbat
890 2912 1065 2971 numerus,
1079 2907 1158 2978 quat·

117 3002 169 3053 tus
180 2989 255 3052 alias
267 2990 458 3078 nunquam)
470 3006 561 3057 tanto
570 2990 682 3061 furore
696 2993 837 3082 correpti
848 3009 940 3073 sunt,
951 3007 991 3056 ut
1003 3014 1073 3059 non
1081 2985 1160 3055 aab

114 3087 289 3154 irriderent
302 3093 482 3172 Romanos,
499 3091 557 3155 sed
576 3091 671 3156 etiam
687 3115 763 3157 cum
779 3095 925 3158 tumultu
939 3108 974 3156 et
988 3088 1161 3158 clamotibtt

118 3190 264 3253 maximis
281 3193 439 3255 concione
458 3190 631 3271 ejicerent:
652 3194 796 3282 pulsatos
814 3193 930 3276 fuisse,
951 3212 1010 3259 aut
1029 3194 1106 3275 bos,
1121 3198 1164 3256 att

117 3292 175 3378 qui
191 3314 266 3354 cunt
283 3294 397 3356 Oreste
415 3296 557 3375 fuerant,
573 3317 680 3383 neque
701 3295 859 3359 affirmare
875 3295 993 3383 possis,
1007 3316 1115 3385 neque
1124 3308 1167 3383 μ’

118 3391 245 3472 fellere,
260 3392 515 3477 aliisauetorum
528 3396 620 3460 aliter
631 3396 777 3461 eamdem
795 3420 865 3462 rem
878 3398 1113 3464 referentibus:
1127 3414 1174 3461 tt·

116 3492 248 3580 perbius
261 3494 449 3582 appellatos,
465 3510 563 3584 atque
578 3496 660 3567 adeo
673 3520 691 3562 a
707 3497 921 3585 quibusdam,
941 3520 1087 3587 quorum
1099 3494 1179 3563 cdd

118 3594 340 3681 preteribant,
357 3594 508 3661 sordibus
528 3620 739 3687 conspersos,
754 3599 874 3663 certior
890 3600 974 3667 hana
990 3615 1052 3664 cst.

160 3694 245 3760 LXI.
264 3696 434 3785 Quidquid
443 3720 557 3763 eorum
574 3701 687 3781 fixerit,
701 3700 881 3784 Critolaus,
898 3722 1001 3789 quum
1012 3700 1075 3765 sibi
1085 3688 1195 3765 aas&

118 3814 192 3863 nata
209 3820 306 3886 supra
327 3815 440 3864 votum
458 3800 582 3865 rideret
596 3800 788 3888 procedere,
805 3802 1028 3892 magistratus,
1045 3798 1199 3865 madm‘

117 3923 200 3988 quos
210 3899 407 3965 adversarios
422 3902 456 3966 in
471 3901 636 3991 republica
649 3902 821 3984 habuerat,
836 3902 1053 3992 perstringere
1063 3900 1170 3989 coeplt
1194 3902 1199 3939 ²

116 4024 184 4066 non
193 4002 258 4082 jam
273 4003 436 4067 abstinens
452 4003 652 4093 gravioribus
666 4018 698 4066 et
714 4003 882 4090 apertioris
895 4002 1022 4066 consilii
1037 4002 1134 4066 θείω
1145 3996 1199 4061 i!

117 4107 280 4169 Romanos
293 4105 398 4169 verbis
415 4128 423 4169 :
440 4105 661 4193 «Quousque,
675 4104 802 4191 inquit,
817 4103 915 4168 verba
928 4101 1024 4166 nobla
1037 4100 1109 4167 dari
1123 4112 1199 4188 pt·

117 4236 130 4261 ι
141 4205 269 4287 tiemur,
285 4205 414 4270 Acbaeii’
428 4219 486 4269 aut
505 4228 603 4293 quem
627 4205 763 4271 modum
780 4204 944 4293 finemque
964 4200 1199 4292 impudenti!

148 4414 165 4480 S
176 4417 230 4466 LX.
245 4416 298 4464 Liv.
310 4416 376 4480 Epit.
390 4443 425 4452 -
436 4415 501 4464 blot.
514 4418 550 4479 11,
563 4419 602 4467 16.
621 4445 656 4455 -
669 4416 722 4468 Cic.
734 4434 781 4484 pro
796 4419 849 4483 lega
859 4418 946 4471 Mauil.
958 4434 1012 4484 cap.
1022 4416 1047 4465 5.
1055 4442 1092 4455 —
1100 4400 1195 4465 snb

120 4499 163 4548 lib.
173 4501 247 4560 Vnt,
259 4517 284 4564 p.
297 4500 357 4548 381.
369 4526 405 4537 -
417 4499 504 4564 llolyb.
