2594 4980
138 674 212 763 416
314 676 383 742 Jo.
409 654 747 747 snstnsnsntt
775 656 1022 735 snrrtett.

135 798 242 877 cium,
252 791 342 882 quod
356 815 389 855 se
404 804 591 854 transeunte
604 784 748 868 sederet,
758 806 925 876 assurgere
935 787 1049 851 consul
1064 786 1209 853 Senum

132 896 348 982 jussit,eique
363 909 486 955 vestem
501 889 614 971 scidit,
629 888 740 953 sellam
756 887 916 971 concidit,
930 910 973 953 ne
984 888 1056 976 quis
1071 887 1114 955 ad
1125 912 1207 955 cunt

134 1001 170 1063 in
184 1000 236 1080 jus
250 998 326 1077 iret,
341 993 449 1058 edixit.

179 1098 315 1162 XXVII.
343 1094 460 1158 Eadem
471 1091 624 1182 gravitate
635 1090 868 1179 sumptuariam
877 1090 980 1180 legem
989 1090 1205 1176 tulit'3eadem

133 1200 226 1264 aliam
248 1198 289 1262 de
310 1195 538 1259 libertinorum
563 1190 734 1280 suffragiis.
758 1190 872 1279 Neque
894 1192 1012 1257 minori
1036 1195 1206 1259 severitate

132 1320 304 1366 censuram
325 1298 359 1360 L.
384 1294 529 1358 Caecilius
552 1293 703 1356 Metellus
724 1293 937 1376 Dalmaticae,
959 1296 1019 1359 Cn.
1037 1294 1204 1361 Domitius

130 1396 368 1465 Ahenobarbus
391 1408 623 1475 exercuerunt,
639 1392 769 1458 duobus
793 1410 825 1457 et
848 1395 976 1484 triginta
995 1412 1109 1460 senatu
1127 1420 1203 1462 nto⁴

131 1503 191 1567 tis:
215 1500 335 1589 quoin
360 1519 498 1560 numero
524 1512 556 1558 et
578 1494 720 1559 Licinius
747 1494 828 1559 Geta
850 1489 965 1583 prioris
988 1497 1065 1561 anni
1085 1500 1205 1563 consul

130 1605 209 1686 fuit,
232 1605 301 1691 ipse
324 1616 398 1689 post
420 1600 544 1685 aliquot
573 1619 676 1661 annos
702 1596 882 1661 censoriam
903 1603 1092 1685 potestatem
1121 1598 1202 1664 ade·

129 1721 216 1796 ptus.
233 1703 320 1767 Nota
343 1701 443 1764 Cassii
460 1698 633 1763 Sabaconis
648 1698 689 1764 ad
706 1701 742 1764 C.
757 1699 849 1764 Marii
869 1699 1014 1789 praetoris
1032 1699 1200 1766 infamiam

128 1806 305 1896 pertinuit:
319 1803 443 1884 judicio
459 1803 603 1865 mariano
619 1802 836 1889 interrogatus
854 1799 1066 1882 ajudicibus,
1085 1805 1205 1893 ecquid

127 1930 230 1973 tereus
252 1905 316 1995 ejm
339 1905 372 1967 in
394 1905 485 1991 septis
506 1904 638 1989 egisset?
655 1903 770 1966 st'tr'emt'
787 1900 1018 1990 sibifitgrt'dem
1038 1904 1198 1985 effudisse,

127 2009 254 2088 deinde,
259 2005 377 2096 poculo
389 2018 519 2093 recepto,
533 2005 638 2068 stetim
648 2003 823 2090 digressum
831 2001 1008 2092 respondit.
1022 2006 1200 2088 Censores,

127 2111 194 2174 sive
217 2109 293 2173 falsa
316 2105 548 2193 respondisset,
572 2105 617 2168 ob
638 2101 863 2187 mendacium3
879 2105 945 2168 sire
963 2127 1054 2189 vera,
1077 2106 1121 2170 ob
1144 2106 1200 2170 in·

127 2209 392 2300 temperantiam,
409 2207 544 2295 dignum
562 2205 840 2271 animadversione
857 2229 914 2271 sua
932 2206 1054 2272 factum
1070 2208 1199 2273 habuc*

127 2329 216 2377 runt.

169 2411 323 2475 XXVIII.
348 2410 469 2473 Senatu
492 2408 611 2473 deinde
635 2410 817 2486 recensito,
839 2412 1021 2500 principem
1047 2412 1198 2502 legerunt

125 2516 171 2579 M.
188 2513 358 2578 AEmilium
373 2512 529 2575 Scaurum
544 2511 729 2592 consulem3
742 2512 819 2599 quia
832 2512 974 2585 consulis
993 2512 1124 2576 alterius
1139 2536 1198 2601 pa-

124 2632 173 2679 ter
192 2616 232 2696 Q.
257 2613 405 2677 Metellus
423 2611 669 2696 Macedonicus,
685 2613 742 2701 qui
758 2614 980 2701 superioribus
1000 2612 1110 2678 lustris
1131 2615 1198 2705 legi

124 2731 353 2793 consueverat,
369 2715 434 2777 fato
453 2729 520 2777 erat
538 2715 681 2778 functus.
701 2715 817 2778 Raram
841 2715 938 2794 hujus
955 2716 1076 2780 Metelli
1091 2716 1195 2780 felici·

17 2900 19 2905 ,
123 2835 222 2882 tatem
240 2817 333 2879 multi
350 2818 522 2904 scriptores
537 2816 784 2897 concelebrant,
800 2817 892 2897 cujus
908 2834 982 2906 post
1001 2818 1130 2908 longam
1145 2819 1196 2883 vi-

123 2937 189 2984 tam
216 2918 383 3007 splendide
405 2934 589 3006 peractam,
607 2919 728 2983 lectum
751 2941 811 3006 pro
836 2916 948 2983 rostris
973 2935 1115 3006 quatuor
1136 2919 1196 2984 filii

123 3022 334 3095 sustulerint,
359 3044 444 3083 unus
466 3019 644 3083 consularis
671 3037 704 3084 et
724 3019 928 3107 triumphalis
950 3036 982 3084 ct
1005 3021 1191 3106 censorius,

122 3125 203 3188 alter
221 3123 414 3198 consularis,
434 3124 549 3185 tertius
572 3120 704 3203 consul,
722 3138 857 3208 quartus
875 3122 1062 3210 pretorius,
1079 3123 1192 3188 candi-

121 3224 215 3288 datus
230 3224 433 3302 consulatus,
452 3244 549 3309 quem
567 3244 644 3285 mox
652 3238 846 3310 assequutus
863 3239 921 3287 est.
933 3222 1075 3288 Aderant
1091 3241 1124 3290 et
1137 3250 1193 3315 ge·

121 3324 190 3387 neri
208 3322 292 3410 (tres
315 3323 401 3386 enim
424 3322 519 3403 lilius,
537 3337 569 3384 et
592 3343 632 3385 ex
648 3324 801 3388 omnibus
826 3342 960 3412 nepotes
981 3326 1191 3416 reliquerat),

121 3447 263 3512 quornm
283 3422 349 3485 duo
361 3423 458 3509 paulo
475 3439 549 3511 post
564 3423 714 3487 consules
731 3439 764 3488 et
776 3425 836 3514 ipsi
854 3426 940 3490 facti.
956 3426 1058 3490 Iidem
1073 3450 1190 3493 censo·

121 3548 171 3589 res
188 3542 289 3587 artem
307 3524 463 3587 ludicram
485 3548 523 3587 ex
538 3524 626 3588 Urbe
643 3543 872 3609 removerunt,
892 3545 1008 3616 praeter
1022 3528 1189 3595 tibicinem

120 3649 197 3691 curn
216 3642 368 3707 cantore,
383 3644 415 3690 et
430 3627 544 3690 ludum
566 3626 716 3692 talorum.
737 3629 815 3717 Agri
835 3651 967 3717 quoque
986 3629 1127 3717 publici,
1148 3630 1189 3695 de

121 3753 188 3818 quo
208 3746 272 3793 tam
290 3728 405 3792 acriter
418 3747 575 3794 certatum
593 3731 715 3813 iuerat,
728 3730 893 3821 vectigalia
910 3730 1048 3794 fruenda
1063 3732 1188 3797 locave-

118 3850 207 3897 runt.

165 3934 291 3999 XXIX.
308 3934 376 3995 Iam
397 3935 429 3995 in
441 3935 530 3997 Urbe
548 3935 623 3998 satis
637 3935 748 3999 omnia
763 3950 874 4022 pacata
890 3951 1001 4015 erant;
1014 3956 1113 4023 regna
1131 3958 1187 4000 so·

151 4112 273 4177 §XXVI
284 4112 316 4158 U.
326 4112 353 4158 C.
365 4113 469 4171 637;A.
485 4113 512 4162 C.
526 4114 583 4160 115.
596 4140 630 4151 -
644 4110 1010 4179 §xxvt1.val.Mu.11‚9.
1025 4140 1059 4151 -
1077 4116 1187 4180 Cieprn

117 4194 246 4251 Cluentio,
257 4208 310 4256 cap.
323 4199 364 4246 Ia.
378 4221 410 4228 -
427 4195 548 4242 Plutarch.
560 4224 593 4232 -
604 4197 701 4245 Sallust.
717 4198 775 4260 Jug.
788 4213 842 4261 cap.
857 4197 898 4245 25.
913 4196 975 4261 -S
987 4199 1110 4246 xxvm.
1120 4200 1185 4249 Vell.

117 4278 165 4334 ΙΙΙ,
177 4290 216 4336 ¹9·
227 4302 260 4311 -·
270 4275 393 4323 Plutarch.
409 4277 440 4323 de
450 4281 515 4325 Fort-
529 4282 600 4327 Rom.
612 4295 666 4344 erp.
678 4280 703 4327 6.
716 4306 752 4317 --
765 4281 950 4336 Ptin.v11‚4t.
966 4307 1002 4318 -
1016 4282 1068 4332 Cic.
1085 4282 1116 4330 de
1132 4284 1185 4335 Fin.

116 4361 149 4417 V,
159 4375 201 4418 ²7·
216 4387 251 4395 —-
267 4361 340 4406 Auct.
355 4361 385 4406 de
399 4362 450 4408 Vir.
464 4362 552 4410 illustr.
564 4379 619 4427 cap.
630 4378 671 4427 ⁹¹·
685 4364 783 4413 -Val
800 4365 868 4413 Μαι,
876 4363 943 4424 VII,
960 4379 983 4411 1.
998 4389 1035 4401 -
1044 4364 1184 4417 Cassiodor.

117 4442 210 4494 Chion.
221 4470 256 4480 -
266 4444 371 4494 Marisa.
382 4447 448 4493 Scor.
