2594 4980
122 729 166 776 to
284 703 722 776 Jo.FRE1NanM11
753 706 1002 776 SUPPLEM.

117 829 153 892 L.
165 827 314 910 AEmilio,
325 843 522 914 senatusque
532 827 677 915 principe
692 826 739 891 Μ.
747 825 870 915 lepido
883 825 1052 906 adjuvante
1066 850 1179 892 exem-

116 945 208 1017 ptus,
218 930 253 992 in
266 927 366 992 libera
381 926 528 992 custodia
543 927 712 992 biennium
730 928 887 992 extraxit:
901 944 973 991 tum
989 951 1065 991 vero
1082 931 1178 993 mise·

116 1030 179 1093 rias
198 1046 319 1110 certas,
334 1049 424 1117 spem
443 1027 599 1093 incertam
620 1043 790 1117 reputans,
810 1029 918 1093 inedia
940 1030 1001 1094 sibi
1023 1032 1178 1094 conscivit

117 1152 250 1194 necem:
262 1129 393 1217 quidam
409 1154 428 1194 a
441 1129 650 1211 custodibus,
661 1153 743 1217 quos
754 1130 839 1195 forte
851 1130 1049 1212 offenderat,
1060 1154 1180 1195 somno

114 1230 316 1319 prohibitum
336 1232 512 1319 exspirasse
528 1230 740 1296 tradiderunt.
761 1231 960 1297 Defunctum
976 1232 1108 1320 publico
1127 1235 1179 1297 su·

116 1354 193 1397 nere
214 1334 249 1396 in
270 1333 430 1398 honorem
455 1335 597 1422 pristinae
618 1333 759 1398 fortune
785 1349 916 1398 senatus
939 1334 1047 1398 efferri
1063 1335 1178 1414 jussit,

116 1435 216 1499 misso
233 1435 275 1499 ad
297 1436 361 1500 hoc
381 1453 541 1523 questore
556 1436 692 1516 Mbam,
708 1435 767 1499 ubi
784 1435 973 1500 decesserat.
993 1436 1062 1499 Nec
1079 1437 1178 1499 omit·

115 1534 252 1600 tendum
263 1537 354 1600 estin
365 1558 441 1601 casu
448 1537 530 1601 tanti
539 1536 730 1626 modoregis
737 1535 826 1601 aliud
835 1536 975 1601 fortune
982 1536 1178 1618 ludibrium,

114 1636 211 1701 etiam
223 1637 307 1726 ipsa,
325 1655 364 1703 ut
381 1639 461 1704 mihi
477 1638 622 1719 videtur,
642 1638 824 1726 captivitate
839 1660 875 1702 ac
892 1654 996 1701 morte
1013 1639 1178 1701 miserabi-

114 1736 188 1802 lius.
197 1738 380 1803 Alexander
391 1739 479 1804 solus
490 1740 667 1804 liberorum
681 1738 765 1828 patri
776 1755 937 1827 superstes
951 1739 1079 1803 fabriles
1095 1756 1179 1804 artes

114 1836 246 1920 didicit,
256 1840 375 1927 quibus
390 1864 424 1905 se
438 1841 589 1906 toleraret
601 1865 608 1906 :
620 1839 739 1905 deinde
755 1841 912 1929 scriptum
925 1839 1015 1920 fecit,
1030 1863 1178 1929 operam-

116 1960 181 2025 que
191 1961 261 2002 eam
271 1942 508 2028 magistratibus
519 1942 640 2006 albanis
654 1942 779 2006 locavit.
795 1943 866 2006 Hoc
879 1963 966 2005 anno
982 1944 1093 2005 Romae
1104 1967 1181 2006 cen-

115 2060 170 2102 sus
192 2056 283 2105 actus
302 2057 367 2125 est,
386 2043 592 2131 lustrumque
616 2041 797 2107 conditum.
812 2044 848 2108 L.
868 2043 1021 2108 AEmilius
1045 2044 1180 2126 Paulus,

118 2140 159 2221 Q.
184 2141 323 2207 Marcius
339 2144 507 2234 Philippus
522 2143 698 2210 condidere
713 2167 721 2209 :
736 2165 830 2208 censa
845 2159 923 2206 sunt
940 2145 1057 2208 civium
1077 2145 1180 2233 capita

116 2257 258 2308 trecenta
274 2245 402 2335 triginta
422 2262 546 2335 septem
566 2246 681 2324 millia,
694 2245 929 2334 quadringenta
945 2247 1180 2336 quinquaginta

116 2342 196 2409 duo.

159 2445 264 2512 XVII.
281 2448 370 2512 Mitis
389 2472 427 2512 ea
438 2471 574 2514 censura
582 2447 884 2534 fuit,moribusque
894 2463 926 2511 et
937 2445 1181 2511 mansuetudini

115 2547 205 2611 Pauli
220 2550 429 2615 conveniens.
437 2549 517 2614 Tres
531 2563 659 2613 tantum
674 2565 789 2613 senatu
808 2549 904 2630 moti3
929 2571 1027 2611 nemo
1045 2571 1085 2610 ex
1106 2547 1184 2609 insi·

115 2648 254 2735 gnibus:
268 2649 381 2714 eadem
395 2650 429 2712 iu
443 2649 608 2737 equitibus
620 2649 763 2714 romanis
778 2649 984 2712 recensendis
1002 2647 1182 2711 moderatio

114 2748 187 2815 fuit.
200 2751 384 2839 Principem
396 2766 544 2831 senatus,
558 2773 658 2838 quern
671 2767 704 2816 et
717 2751 943 2815 antecedentes
957 2750 1090 2838 quidam
1104 2773 1182 2813 cen-

115 2874 220 2934 sores,
229 2852 335 2941 legere
347 2851 393 2916 M.
401 2852 571 2916 AEmilium
581 2852 750 2940 Lepidum.
761 2853 927 2938 Operum,
938 2873 1010 2937 quae
1021 2851 1184 2931 locavere,

116 2953 208 3041 quod
223 2953 369 3032 mireris,
391 2950 610 3039 splendidiora
628 2953 842 3015 nesciuntur:
862 2965 1062 3014 memoratur
1081 2951 1181 3014 horo-

115 3054 258 3143 logium,
274 3052 365 3141 quod
377 3052 566 3141 diligentius
580 3051 767 3115 ordinatum
783 3052 824 3133 Q
841 3050 983 3114 Marcius
999 3050 1032 3113 in
1049 3050 1183 3137 publico

116 3156 246 3242 posuit,
265 3171 356 3242 grato
374 3155 408 3217 in
433 3154 592 3241 populum
615 3175 787 3216 romanum
809 3173 961 3231 munere,
979 3150 1056 3236 quia
1073 3165 1182 3229 vetus,

116 3254 207 3342 quod
228 3255 350 3319 ibidem
371 3255 584 3319 centesimum
606 3254 708 3319 ferme
728 3270 804 3318 ante
825 3276 949 3317 annum
971 3252 1016 3316 M.
1037 3251 1182 3314 Valerius

116 3356 265 3420 Messalla
283 3372 459 3438 statuerat,
473 3355 515 3421 ad
538 3357 635 3420 horas
651 3379 800 3421 romanas
823 3376 939 3443 parum
958 3353 1182 3418 conveniebat.

116 3457 295 3522 Publicarit
314 3457 401 3522 idem
419 3474 451 3522 et
471 3457 662 3523 Concordia
686 3459 836 3547 signum,
864 3454 954 3543 quod
978 3453 1129 3539 deinceps
1149 3452 1181 3514 in

116 3561 205 3625 curia
221 3560 389 3624 collocavit
405 3562 440 3625 C.
459 3561 596 3625 Cassius.
612 3562 653 3624 At
669 3562 703 3624 L.
717 3559 867 3624 AEmilius
884 3557 1085 3636 Minervam,
1105 3554 1182 3617 Plri-

118 3659 178 3725 diae
194 3662 383 3749 praeclarum
401 3683 502 3750 opus,
514 3661 549 3724 in
566 3661 633 3726 oede
646 3663 798 3725 Fortunae
815 3657 935 3745 posuit.
952 3658 1024 3719 Hoc
1039 3655 1182 3742 primum

116 3784 204 3825 anno
219 3762 252 3824 in
268 3762 391 3826 Italiam
403 3762 528 3826 venisse
543 3763 719 3842 morbum,
734 3760 792 3847 qui
808 3758 1025 3822 carbunculus
1042 3756 1183 3843 appella·

118 3879 181 3944 tur,
197 3864 232 3926 in
250 3864 419 3928 annalibus
434 3879 627 3927 annotatum
644 3878 704 3926 est.

151 4040 169 4106 S
182 4045 252 4091 XVI.
271 4042 346 4091 Diod.
360 4044 445 4108 Eclog.
458 4043 502 4092 lib.
517 4045 616 4092 XXXI.
634 4069 669 4079 -
681 4041 745 4091 Plut.
755 4041 835 4090 IEmil.
848 4058 902 4106 cap.
917 4042 959 4090 63.
976 4067 1012 4078 -
1030 4038 1105 4088 Diod.
1118 4038 1184 4103 apud

117 4124 198 4175 Valet.
213 4153 248 4164 —
261 4126 318 4175 Sall.
327 4127 391 4174 llist.
402 4127 447 4187 IV,
460 4125 485 4174 in
495 4126 561 4190 Epir.
570 4123 684 4174 Mithrid.
698 4125 820 4173 -Valen
831 4124 933 4174 Maxim.
946 4127 978 4182 V,
992 4140 1019 4183 r,
1031 4139 1054 4169 1.
1073 4150 1106 4159 -
1121 4125 1183 4170 Zon.

117 4235 152 4245 —-
162 4209 299 4259 Marcellin.
308 4211 380 4268 XIV,
392 4216 434 4264 lo.
450 4236 485 4246 -
498 4210 625 4270 0ros.1V‚
639 4225 681 4258 ao.
694 4236 729 4247 -
741 4208 794 4256 niv.
804 4198 970 4273 tipicnvt.
980 4206 1088 4254 -Fasti
1099 4206 1181 4269 Capit.

118 4321 153 4331 -
164 4294 285 4344 Plutarch.
297 4294 356 4360 -s
370 4296 453 4342 XVII.
470 4294 523 4341 Liv.
537 4295 636 4354 XLIII,
648 4294 688 4343 15.
703 4321 738 4330 —
751 4293 858 4342 Diodor.
871 4294 978 4350 XXXI,
989 4309 1015 4339 a.
1031 4317 1065 4327 —
1079 4291 1183 4338 Censor.

111 4394 271 4444 ·oap.19.-
280 4378 507 4436 etin.v11‚oo‚et
519 4379 620 4438 XXVI,
633 4395 656 4427 1.
670 4405 705 4416 ν-
714 4377 829 4441 Scaliger.
840 4376 938 4426 -cts
947 4391 995 4440 pro
1007 4376 1131 4430 Domo,c.
1141 4371 1183 4420 50.

119 4489 152 4502 -
165 4463 227 4512 Plin.
237 4464 360 4523 XXXIV,
372 4464 401 4522 8,
414 4473 438 4511 et
448 4463 547 4520 XXVI,
564 4478 585 4509 r.
