2594 4980
121 734 188 805 232
293 736 361 804 JO.
390 734 724 803 FREINSIIEMII
755 731 1005 802 SUPPLEM.

118 880 191 924 mos
204 857 361 937 militum,
376 874 408 920 et
422 856 580 944 quosdam
592 856 737 945 egregios
749 856 918 943 clarosque
929 854 1019 919 viros
1033 854 1163 922 emim:

119 982 226 1045 neque
243 960 296 1022 hie
312 959 399 1023 stetit
416 957 591 1039 damnum3
605 956 662 1022 sed
678 957 1013 1021 etiamcommettum
1029 954 1155 1020 advehet

116 1061 204 1124 tibus
221 1061 349 1124 obviam
367 1060 504 1147 profecti
520 1061 648 1140 hostes,
662 1080 811 1149 magnam
824 1078 939 1122 eorum
956 1072 1083 1146 partem
1098 1056 1163 1123 otti·

116 1161 245 1226 derunt.
267 1162 322 1224 llis
337 1160 553 1225 incommodis
569 1160 723 1250 depulsus
739 1159 891 1223 instituto
907 1158 1162 1248 Pompeius,reli·

116 1286 214 1351 quam
242 1263 381 1325 hiemem
409 1260 471 1324 sub
496 1263 587 1327 tectis
614 1284 709 1352 agere
735 1259 895 1340 decrevit,
921 1258 1104 1325 distributis
1122 1282 1162 1349 ptr

115 1364 234 1451 oppida
254 1364 463 1443 cohortibus,
480 1386 623 1452 curaque
643 1362 842 1452 prediorum
865 1362 954 1427 inter
973 1362 1160 1453 legatos,qui

115 1467 219 1528 Roma
234 1480 411 1545 venerunt,
429 1463 540 1529 divisa.
566 1464 664 1548 Quod
681 1482 789 1529 autem
808 1464 940 1528 obrem
961 1466 1048 1529 male
1066 1476 1170 1555 gestau¹

116 1588 335 1630 successorem
351 1582 526 1629 venturum
542 1567 690 1647 rebatur,
708 1586 839 1654 unaque
855 1564 1020 1645 judicium
1042 1582 1076 1631 et
1090 1586 1159 1631 sau·

116 1684 237 1731 satores
251 1667 433 1747 metuebat,
448 1669 529 1732 clam
544 1666 587 1732 ad
601 1669 818 1734 Numantinos
833 1667 936 1749 misit,
949 1668 1009 1756 qui
1022 1666 1064 1733 ad
1075 1686 1158 1757 pm

115 1768 289 1857 petendam
304 1792 359 1832 eos
374 1770 602 1851 hortarentur,
619 1770 875 1857 equissimarum
887 1768 1111 1834 conditionum
1120 1786 1159 1855 ψ

116 1886 263 1932 ostensa:
283 1871 339 1957 qui
357 1886 389 1933 et
405 1870 483 1958 ipsi,
500 1892 687 1958 quanquam
705 1870 865 1936 debellare
884 1870 1079 1960 Pompeium
1093 1866 1159 1933 itu'l

114 1969 294 2051 videretur,
309 1988 417 2035 tanren
437 1972 555 2036 multos
575 1973 654 2036 alios
672 1970 770 2035 duces
787 1973 1019 2062 exercitusque
1034 1968 1158 2037 liotutttit

115 2094 283 2159 superesse
299 2089 504 2160 reputantes,
522 2073 647 2138 adhaec
662 2074 748 2138 bello
764 2074 855 2153 fessi,
871 2074 985 2139 multis
1004 2070 1158 2139 fortissiuil

115 2173 240 2238 civibus
252 2176 393 2257 amissis,
407 2192 440 2238 et
453 2174 493 2239 ad
507 2197 655 2265 magnam
668 2197 805 2239 annonae
816 2172 1040 2239 difficultatem
1051 2170 1157 2251 rediet,
1200 2204 1209 2245 ,ι

116 2275 206 2362 quod
222 2299 297 2365 ager
311 2291 376 2339 tam
394 2276 451 2339 diu
465 2274 527 2339 coli
542 2300 610 2340 non
624 2293 794 2364 potuerat,
811 2276 947 2364 cupide,
961 2274 1054 2365 quod
1068 2274 1159 2340 offere·

115 2375 228 2458 batur,
247 2399 407 2464 accepere.
432 2378 540 2441 Missis
558 2376 675 2441 deinde
693 2378 804 2466 legatis
823 2400 927 2465 quum
948 2400 1010 2466 pro
1029 2374 1159 2443 concute

116 2479 229 2541 consul
248 2477 482 2566 respondisset,
497 2502 561 2542 non
577 2478 645 2542 alsit
664 2501 695 2541 se
715 2479 813 2567 digna
831 2479 997 2566 majestate
1006 2474 1160 2568 populiu-

116 2603 204 2642 mom
201 2578 349 2669 s'oedera
369 2604 475 2660 nosse,
499 2603 594 2669 quam
620 2594 657 2644 ut
678 2582 711 2643 in
723 2581 782 2669 jus
798 2594 1046 2670 potestatemque
1067 2578 1122 2669 q‘tt
1135 2594 1161 2637 B

116 2704 236 2769 suaque
260 2686 368 2746 omm‘a
388 2685 583 2747 Numantini
602 2682 751 2746 dedant.-
774 2695 899 2745 secreto
923 2704 1000 2747 cum
1027 2682 1082 2762 iis,
1100 2672 1162 2767 quid

116 2798 200 2846 esset
213 2800 345 2848 acturus
354 2784 572 2872 ,composuit
590 2784 725 2848 Summa
741 2782 895 2871 colloquii
912 2782 1162 2871 quassentur

116 2885 192 2972 ipsae
212 2886 370 2949 docuere:
391 2887 534 2974 captivos
549 2884 767 2975 perfugasque
783 2882 956 2949 reddidere
972 2877 1162 2956 Numantini,

116 2987 341 3074 miseruntque
359 2987 497 3052 obsides.

159 3088 282 3150 XXIX.
307 3088 401 3150 Pacta
429 3101 522 3150 erant
543 3101 576 3148 et
597 3086 717 3149 talenta
741 3085 872 3174 triginta
895 3084 1047 3173 urgenti:
1069 3098 1163 3149 tom!

114 3202 338 3273 repraesentem
356 3209 429 3272 pars
443 3201 511 3265 est;
528 3185 626 3272 partis
643 3187 677 3249 in
694 3184 781 3249 diem
797 3184 893 3250 dilata
911 3185 1044 3249 solutio.
1059 3186 1165 3249 luten

115 3309 281 3350 successor
307 3288 463 3373 Pompeio
490 3287 535 3350 M.
564 3286 720 3374 Popillius
749 3288 860 3351 Laenas
888 3284 997 3368 venit,
1027 3284 1082 3375 qui
1104 3300 1165 3347 tun

114 3386 173 3449 Cn.
186 3385 362 3473 Calpurnio
377 3387 493 3449 Pisone
509 3388 713 3451 consulatum
728 3403 903 3476 acceperat.
921 3387 974 3452 lbi
991 3384 1167 3476 Pompeius,

113 3501 204 3547 metu
219 3485 293 3548 belli
307 3487 372 3565 jam
387 3488 567 3569 exsolutus,
585 3510 688 3575 quum
703 3490 859 3577 reliquam
871 3488 1066 3553 Numantini
1081 3506 1167 3577 petu-

115 3585 203 3648 niam
220 3586 394 3669 offerrent,
413 3604 522 3677 negat,
537 3589 597 3652 sihi
614 3590 792 3678 quidquam
811 3589 853 3653 dc
869 3612 947 3679 pace
963 3602 1167 3656 conventum:

115 3689 193 3776 ipsis
205 3706 316 3754 contra
331 3691 410 3756 deos
423 3692 654 3780 hominesque,
667 3715 742 3756 nam
754 3709 919 3757 senatores
928 3691 1078 3780 quidam,
1089 3687 1168 3779 equi·

116 3805 255 3880 tumque
271 3795 427 3880 praefecti,
444 3818 482 3858 ac
498 3794 621 3858 tribuni
639 3795 778 3858 militum
800 3795 932 3882 negotio
951 3780 1169 3865 interfuerant,

118 3906 215 3956 testes
237 3894 482 3977 invocantibus,
505 3894 620 3959 consul
640 3896 776 3959 Romam
798 3916 853 3958 eos
876 3895 924 3959 ire
941 3894 1057 3975 jussit,
1073 3906 1168 3957 eorm

117 4010 231 4057 senatu
246 4018 319 4058 cum
336 3996 492 4083 Pompeio
506 3996 739 4085 disceptaturos
749 4020 756 4061 :
766 3997 851 4084 ipse,
866 3996 942 4083 quia
954 3995 1093 4061 inducit·
1103 4008 1168 4056 utu

116 4094 325 4159 Numantinis
344 4096 534 4178 manebant,
553 4097 657 4162 donec
680 4114 809 4161 senatus
828 4095 869 4160 de
888 4095 1084 4185 Pompeiana
1100 4104 1172 4181 pt&

117 4199 296 4278 statuisset,
310 4222 368 4286 per
384 4199 540 4286 quietem,
556 4216 613 4263 aut
627 4200 711 4264 leves
727 4198 949 4289 expeditiones
967 4201 1022 4289 (in
1036 4200 1173 4265 Lusum

153 4396 169 4461 s
182 4399 302 4447 xxvrsr.
316 4403 419 4464 sutrop.
432 4427 467 4438 -
479 4400 544 4450 rlor.
558 4400 598 4462 11,
611 4403 651 4451 xs.
664 4429 699 4441 -
712 4400 819 4469 spptsn.
835 4429 870 4441 -
883 4400 900 4470 s
914 4402 1017 4453 xxix.
1030 4394 1131 4455 otuu,
1141 4384 1181 4433 ⁵·

120 4505 154 4515 —
164 4483 270 4545 Appiau.
283 4512 318 4520 -
329 4485 407 4532 Streh.
420 4484 462 4531 lib.
477 4486 523 4533 111.
