2594 4980
122 740 186 814 16⁸
290 729 721 812 Jo.r1ta1nsnan11
750 708 1001 812 suranna.

116 866 193 928 «riti
208 865 353 928 serantur
368 885 387 927 a
401 862 517 927 vobis?
529 863 659 927 Etenim
669 862 849 950 potentiam
864 878 1080 951 utrorumque
1090 862 1105 944 j·

116 997 129 1021 a
139 966 349 1030 aestimatione
361 965 479 1028 metior
492 986 501 1028 τ
512 963 571 1028 sed
579 964 639 1053 ipsi
650 985 782 1052 quoque
799 962 957 1044 vidimus,
968 986 1037 1028 uon
1052 982 1105 1028 sen

116 1089 198 1155 «pro
213 1065 312 1130 modo
327 1066 445 1129 virium
461 1064 537 1129 belli
549 1065 612 1129 fata
627 1063 820 1152 dispensari,
833 1079 867 1128 ct
878 1063 1046 1129 interdum

117 1168 345 1257 «apparatibus
362 1167 436 1255 plus
451 1167 555 1231 valere
572 1166 737 1246 modicos,
757 1166 813 1229 ubi
837 1165 1012 1230 concordia
1034 1165 1105 1231 adsit

117 1271 236 1333 «morti
261 1292 359 1357 quam
379 1268 527 1333 servituti
545 1268 727 1357 promptior
742 1267 880 1330 animus.
903 1265 969 1331 sed
990 1265 1033 1330 de
1062 1267 1105 1331 fut

117 1401 130 1426 ι
140 1368 279 1433 viderint
294 1370 356 1434 dii!
370 1392 430 1460 ego
448 1367 727 1457 quemadmodum
739 1369 875 1432 minime
888 1367 1092 1433 lacessendos

116 1472 304 1534 «Romanos
322 1470 472 1551 arbitror,
487 1473 532 1535 ita
546 1468 745 1558 (dicendum
762 1469 850 1533 enim
867 1469 968 1533 semel
979 1469 1048 1557 cst)
1061 1492 1105 1534 am

115 1571 205 1658 «pati
222 1592 372 1689 possum,
388 1570 540 1636 dominos
558 1593 627 1634 non
647 1590 802 1659 possum:
819 1568 912 1635 tobis
928 1587 1060 1652 autem,
1079 1571 1105 1636 si

114 1703 128 1728 ι
138 1672 260 1737 dem
230 1697 291 1737 van
282 1674 406 1738 futuri
421 1674 518 1756 estis,
538 1673 644 1738 socios
662 1695 730 1737 non
744 1672 855 1737 defore
869 1672 1005 1756 scitot03
1022 1673 1074 1737 sin
1089 1695 1105 1736 s

115 1803 129 1830 ι
139 1774 215 1856 viri,
232 1772 419 1839 dominos.

159 1822 273 1940 LXIV.
291 1877 348 1940 His
363 1892 461 1994 atque
475 1875 635 1941 similibus
651 1875 761 1940 multis
777 1804 943 1939 stimulare
958 1874 1105 1940 Critolan

115 1977 283 2042 rocitatem
297 1979 433 2042 amentis
445 1979 620 2066 plebeculae
634 2000 702 2041 non
716 1976 893 2041 desinebat.
907 1977 1051 2064 Quoque
1065 1976 1105 2040 for

116 2104 230 2147 omnes
249 2098 467 2172 permoveret,
486 2081 699 2164 interjiciebant
713 2104 825 2162 voces,
849 2080 970 2168 quibus
989 2104 1054 2144 non
1073 2095 1105 2145 ta

115 2184 163 2247 ud
175 2184 244 2248 ltaec
254 2182 494 2272 consiliuserrt',
507 2184 563 2248 sed
575 2185 708 2248 asscribi
719 2203 841 2272 regum,
856 2203 917 2244 esse
927 2182 1105 2244 civituuamt

115 2308 187 2350 rum
205 2289 441 2367 conscientium,
467 2282 584 2373 etsore
601 2284 748 2365 armilla,
771 2282 979 2372 significabat.
1005 2283 1105 2364 Quun

116 2386 186 2451 boec
205 2388 348 2452 seniores
367 2406 517 2451 coercere
535 2387 677 2451 hominis
695 2384 975 2473 intemperantiam
993 2384 1105 2448 vellent

116 2486 157 2550 ab
178 2486 366 2567 hujusmodi
389 2485 551 2552 deterrere
570 2487 790 2569 sermonibus,
806 2486 859 2550 ifle
874 2486 1005 2549 armatis
1022 2483 1105 2548 advo

115 2587 203 2650 ultro
216 2587 407 2651 minabatur
420 2584 567 2668 aalma,
585 2590 614 2651 si
632 2590 700 2677 quis
718 2587 863 2651 accedere
886 2585 933 2648 ad
953 2608 1017 2649 sese
1022 2634 1033 2666 ,
1048 2608 1105 2674 pre

116 2685 203 2767 dere,
227 2699 287 2750 aut
305 2687 651 2773 ominaectlmydm
675 2690 832 2775 atttirgere
853 2687 993 2751 auderet.
1019 2686 1105 2752 Tanti

117 2810 220 2875 quum
230 2788 347 2852 furiata
362 2804 471 2853 tuente
481 2810 594 2876 regare
604 2810 640 2852 se
652 2789 747 2876 plane
758 2811 827 2852 non
838 2806 949 2876 posset
963 2812 972 2853 ε
988 2790 1105 2877 «Atqui

118 2888 230 2975 «quit,
247 2889 343 2952 nimis
364 2889 430 2969 jam
450 2888 509 2953 diu
529 2889 624 2971 sileo,
641 2911 698 2970 ne,
720 2888 811 2977 quod
832 2889 954 2955 iurem
974 2912 1105 2955 commu

116 3005 204 3071 «est,
222 2989 343 3054 edam:
367 3012 475 3078 neque
495 2991 584 3054 enim
604 2991 656 3055 vel
670 2990 904 3055 lacedaemonii
922 2992 1035 3070 nobis,
1051 2993 1103 3057 vel

117 3120 130 3144 σι
140 3092 241 3174 mani,
253 3113 345 3179 uque
354 3088 488 3156 cavendi
501 3106 595 3174 sunt,
609 3113 707 3179 quam
720 3114 759 3156 ex
768 3093 887 3156 nostris
903 3092 1028 3156 civibus
1039 3139 1048 3173 ,
1059 3114 1105 3181 qu

117 3193 204 3256 «tius
219 3193 350 3256 illorum
364 3191 539 3272 volantati,
560 3213 657 3279 quam
673 3192 782 3281 patrita
795 3192 988 3257 utilitatibus
1004 3192 1105 3256 servin

120 3292 262 3379 Quoque
279 3292 378 3357 fidem
398 3291 492 3357 dicus
511 3287 649 3375 liaberet,
671 3295 851 3383 Evagoram
871 3293 1105 3382 AEgiensem,‹

118 3391 249 3456 Trittaea
262 3393 476 3480 Strategium,
489 3392 650 3482 quidquid
665 3395 700 3459 in
715 3396 852 3460 consilio
867 3396 1105 3485 magistratuun

118 3509 207 3557 creto
224 3509 424 3574 tractaretur,
439 3493 476 3558 id
488 3516 543 3559 ecs
559 3496 724 3561 insimulat
737 3498 797 3560 Cn.
813 3497 941 3585 Papirio
960 3496 1105 3584 prodere.

164 3596 262 3660 LXV.
274 3597 388 3678 Quum
400 3594 442 3658 ad
454 3595 522 3660 base
536 3596 728 3686 strategius,
745 3597 807 3660 sibi
819 3595 952 3685 quidem
966 3620 1043 3661 cum
1056 3598 1105 3685 Pa]

120 3695 253 3783 aliisque
274 3697 497 3760 Romanorum
522 3698 684 3786 colloquia
706 3697 822 3772 fuisse,
849 3714 882 3760 et
899 3697 1010 3761 futura
1031 3713 1105 3785 tanq

120 3797 312 3861 Achaeorum
328 3799 423 3862 sociis
438 3801 634 3887 amicisque,
650 3797 787 3878 diceret,
806 3796 986 3885 quidquam
1002 3814 1105 3862 auten

121 3898 192 3961 cani
215 3899 388 3986 protulisse
409 3923 484 3964 curn
505 3898 716 3982 jurejurando
740 3898 946 3980 infitiaretur,
968 3900 1105 3986 potiora

121 4014 307 4085 corruptam
330 4000 571 4065 multitudinem
589 3999 788 4064 criminantis
805 4001 994 4081 auctoritas,
1013 4022 1105 4088 qnam

122 4097 282 4161 lendcntis
293 4099 495 4182 innocentia,
509 4101 582 4165 fuit.
600 4101 674 4182 Qua
686 4101 894 4166 inclinatione
906 4103 1093 4166 animorum

121 4219 176 4260 sus
202 4198 532 4288 Critolausperfecit,
560 4216 598 4264 nt
621 4200 787 4267 decretum
814 4199 906 4267 fieret
931 4202 973 4267 de
999 4203 1085 4268 bello

123 4297 369 4364 lacedemoniis
385 4300 612 4388 prosequendo
629 4326 637 4365 ι
655 4325 722 4390 quo
739 4304 809 4390 ipso
825 4326 913 4367 arma
929 4302 1099 4368 adversum

123 4421 235 4465 nsanos
255 4402 356 4483 sumi,
373 4424 557 4491 quanquam
573 4401 771 4469 dissimulata
780 4427 895 4470 eorum
910 4406 1105 4486 mentione,
