2594 4980
225 708 278 777 m
310 706 420 777 noc.
448 696 542 774 nm.
569 668 740 776 Lxxm'
770 704 983 774 mvrtm.
1068 702 1144 801 679

118 828 254 892 XXXV.
283 828 366 891 Nam
390 827 559 915 plumbeas
585 828 637 891 ille
664 849 783 890 massas
806 825 977 890 bracteolis
1000 827 1141 890 melioris

74 931 194 994 metalli
218 930 399 994 obduxerat
423 952 430 992 :
455 929 548 1017 pueri
572 952 705 1016 quoque
732 928 853 991 servilis
878 929 1004 1017 generis
1033 944 1142 1010 eraut,

75 1033 144 1120 ipse
163 1033 244 1096 filios
268 1055 345 1095 suos
370 1030 502 1094 ferebat.
528 1061 540 1085 ι
552 1031 644 1112 IIaec,
662 1029 786 1116 inquit,
802 1027 937 1112 adduxi,
959 1031 1000 1111 Q.
1017 1029 1142 1118 Caepio,

75 1133 172 1197 «fidei
192 1130 269 1197 mete'
285 1134 438 1222 pignora3
464 1131 580 1212 simul,
598 1146 635 1216 ut
650 1130 803 1194 adversus
822 1130 901 1194 iram
918 1129 1145 1218 popularium,

75 1258 187 1324 «spem
214 1235 364 1324 generis,
388 1248 421 1296 et
444 1249 568 1321 partem
591 1233 798 1296 fortunarum
820 1231 853 1293 in
887 1247 959 1295 tuto
979 1230 1144 1298 haberem.

75 1337 202 1401 «Simul
223 1338 309 1400 enim
331 1336 434 1424 palam
453 1333 526 1415 fiet,
550 1357 602 1397 me
619 1335 757 1424 fugisse,
775 1334 850 1398 satis
869 1333 953 1416 scio,
976 1357 1041 1397 non
1063 1350 1146 1398 tem·

77 1453 266 1526 «peraturos
280 1454 403 1501 veteres
418 1437 541 1516 socios,
558 1437 656 1523 quin,
670 1435 696 1499 si
710 1435 855 1523 possint,
869 1435 904 1498 in
917 1458 969 1498 me
982 1458 1148 1501 meorum-

76 1562 163 1626 ·‹que
178 1561 315 1626 corpora
328 1536 580 1625 exquisitissimo
597 1537 742 1600 cruciatu
759 1535 942 1601 desaeviant.

120 1641 272 1703 XXXVI.
287 1671 300 1696 ι
312 1641 446 1722 Quanto
463 1638 551 1703 enim
569 1639 641 1728 plus
659 1638 694 1701 in
715 1661 790 1701 meo
811 1637 914 1702 ductu
934 1639 1003 1726 spei
1022 1638 1147 1702 habue-

78 1759 197 1823 «runt,
212 1758 303 1805 tanto
325 1741 440 1804 acriori
458 1739 572 1805 dolore
591 1739 815 1821 exardescent3
831 1755 1045 1828 ereptumque
1059 1764 1078 1803 a
1096 1764 1148 1804 me

78 1844 423 1933 uinterpretabuntur,
446 1840 608 1929 quidquid
632 1865 691 1931 per
714 1864 767 1905 me
787 1857 993 1930 speraverant
1015 1841 1147 1930 adipisci

77 1977 89 1998 ιι
100 1969 205 2033 posse.
227 1944 290 2009 Sed
312 1945 467 2008 nimirum
490 1943 676 2032 decepimus
699 1943 858 2023 invicem,
878 1942 1072 2030 deceptique
1093 1966 1149 2006 su·

78 2071 195 2111 «must
212 2048 272 2128 iIIi,
292 2070 359 2134 quo
373 2045 495 2109 bellum
509 2045 602 2108 vobis
619 2036 774 2119 facerem,
794 2043 968 2131 imperium
988 2040 1150 2132 accepisse

78 2182 90 2202 ιι
103 2165 275 2235 putarunt,
290 2170 371 2237 ego,
391 2170 431 2210 ne
454 2147 494 2210 ab
517 2146 627 2233 aliquo
649 2145 840 2208 violentiore
864 2144 996 2234 ingenio
1018 2143 1149 2208 invade·
1179 2171 1181 2180 ·

79 2265 206 2331 «retur,
224 2249 451 2337 occupandum
468 2249 597 2329 censui,
611 2247 739 2336 gravior
753 2246 798 2310 sic
816 2247 947 2311 futurus
963 2263 1078 2313 auctor
1093 2271 1150 2336 pa·

79 2351 162 2431 «ris,
183 2374 280 2437 quam
301 2351 326 2414 si
353 2349 394 2413 de
418 2349 570 2413 inferiore
593 2349 666 2412 loco
688 2370 834 2412 conarer.
859 2350 1021 2413 Caeterum
1045 2371 1151 2437 neque

79 2452 233 2515 «illorum
248 2452 345 2516 ardor
362 2451 524 2517 adducere
540 2473 593 2515 mc
607 2451 731 2541 potuit,
743 2467 782 2514 ut
795 2451 964 2514 vobiscum
981 2451 1150 2515 decertan-

80 2585 92 2607 ι
105 2551 182 2617 duni
198 2555 385 2634 arbitrarer,
403 2576 509 2640 neque
525 2552 585 2615 illis
600 2550 641 2614 ad
660 2551 777 2637 quietis
794 2548 939 2614 studium
957 2549 1151 2613 inclinandis

79 2685 92 2707 ι
106 2678 176 2717 mea
190 2656 313 2717 monita
327 2656 538 2717 suffecerunt.
1074 2658 1077 2663 ⁴

124 2756 293 2817 XXXVII.
309 2752 475 2833 «Idcirco,
490 2753 567 2840 quia
582 2752 646 2830 jam
664 2752 752 2815 ultro
768 2752 855 2840 pacis
873 2752 1074 2816 laudatorem
1094 2753 1153 2816 ho·

82 2856 210 2917 «mines
224 2854 349 2919 efferati
364 2854 610 2941 suspectabant,
635 2869 668 2916 et
681 2852 832 2935 oderant,
849 2855 973 2935 abjecta
989 2877 1045 2942 spc
1059 2857 1153 2943 plura

82 2989 93 3010 ι
106 2954 309 3044 perficiendi,
328 2971 367 3018 ut
382 2978 434 3018 me
452 2955 565 3018 saltem
583 2976 739 3041 meosque
760 2977 938 3035 servarem,
963 2978 1038 3019 cum
1062 2972 1152 3044 parte

82 3058 270 3121 “clientium
285 3074 318 3121 ct
336 3057 515 3121 amicorum
534 3057 600 3120 huc
616 3056 711 3135 veni,
729 3055 808 3120 alios
829 3056 944 3144 reliqui
967 3058 1001 3119 in
1020 3059 1152 3137 castris,

84 3161 180 3247 aquia
198 3159 397 3248 nequedum
415 3158 475 3221 illis
492 3157 647 3222 excedere
665 3175 828 3222 maturum
845 3176 931 3240 erat,
951 3176 984 3222 et
998 3161 1078 3223 mihi
1092 3185 1152 3250 op·
1224 3147 1226 3150 ‚

83 3295 94 3314 ιι
105 3279 301 3349 Portunum,
317 3261 455 3340 habere,
469 3261 543 3347 qui,
558 3259 638 3348 quid
651 3259 698 3323 ibi
712 3283 821 3329 remur
835 3277 963 3349 agatur,
981 3262 1150 3343 nuntient,

83 3381 158 3444 «et,
177 3365 233 3427 ubi
263 3381 391 3451 tempus
414 3361 534 3441 aderit,
555 3361 745 3443 consilium,
764 3361 853 3450 quod
877 3363 910 3425 in
937 3361 1151 3452 redintegrata

84 3466 244 3528 «anticitia
259 3489 319 3553 pro
334 3487 469 3528 munere
483 3464 575 3527 vobis
591 3462 712 3543 offero,
726 3463 852 3543 juvent.

128 3566 314 3629 XXXVIII.
330 3565 487 3629 «Maximi
503 3564 710 3653 opprimendi
728 3566 887 3629 exercitus
903 3566 1030 3630 occasio
1043 3566 1150 3647 adest,

85 3669 150 3747 «Q.
173 3666 300 3753 Caepio,
323 3667 381 3730 sed
403 3668 468 3731 cito
491 3665 703 3754 disparitura,
727 3667 789 3729 nisi
812 3668 983 3731 confestim
1005 3668 1152 3746 injeceris

86 3791 242 3830 «manum
259 3791 266 3830 :
285 3767 311 3830 si
333 3790 386 3830 me
406 3769 550 3856 sequeris
572 3768 694 3831 itineris
713 3767 875 3854 optimum
898 3767 1152 3849 ducem,Vesti·

86 3901 97 3923 ιι
109 3892 227 3932 uorum
240 3869 488 3957 Marsorumque
499 3869 533 3931 in
545 3869 732 3957 propinquo
746 3869 862 3957 copiae,
877 3867 957 3931 dum
969 3869 1039 3931 sine
1051 3869 1154 3956 impe·

86 3989 231 4052 aratore,
253 3970 323 4033 sine
338 3986 427 4033 certo
441 3971 578 4058 imperio
594 3969 772 4058 trepidant,
789 3969 889 4033 deleri
909 3970 999 4034 nullo
1021 3971 1156 4059 negotio

85 4088 253 4162 «possunt.
278 4071 393 4158 Neque
411 4070 524 4135 dolum
552 4071 713 4144 timueris,
740 4093 838 4133 nemo
860 4093 959 4159 seque
982 4085 1015 4134 et
1034 4071 1155 4135 liberos

87 4173 207 4237 «tradit
223 4174 257 4235 in
276 4195 408 4254 corum,
424 4197 507 4259 quos
521 4172 655 4236 lusurus
670 4173 811 4252 venerit,
826 4196 953 4236 manus.
967 4172 1005 4236 Id
1019 4172 1154 4241 minime
1257 4242 1270 4247 ,,

87 4275 312 4364 «negaverim,
334 4273 433 4338 fuisse
452 4289 595 4361 tempus,
615 4298 682 4362 quo
702 4275 820 4339 fuerim
839 4276 933 4339 vobis
953 4275 1078 4357 iratior3
1097 4277 1154 4342 sed

122 4467 137 4533 ᾗ
157 4469 304 4516 XXXVIII.
316 4469 388 4516 Oros.
397 4469 429 4525 V,
445 4471 484 4514 18.
496 4494 529 4504 -
541 4466 652 4533 Appiau.
