2594 4980
335 700 387 769 m
416 696 530 769 noc.
558 699 652 768 Lm.
680 700 787 768 mur
816 657 1033 770 mutant.
1147 695 1220 785 413

198 823 289 887 XIX.
313 852 327 876 ι
342 822 424 904 Quae
441 817 558 883 deinde
574 819 698 907 piacula
715 820 812 901 hujus
829 821 956 908 imperii
970 819 1129 885 dedecora
1144 823 1220 887 satis

152 957 164 979 ι
183 924 318 989 cluent?
334 939 389 986 aut
405 922 478 1009 quis
494 919 575 984 adeo
594 921 691 1009 paulo
710 920 886 985 humanior
905 937 1048 985 nostram
1065 923 1150 986 ultra
1162 944 1222 1012 ap·

154 1059 166 1082 ιι
185 1026 357 1115 petendam
376 1023 547 1087 amicitiam
566 1021 710 1110 putabit,
725 1022 770 1104 si,
786 1022 950 1086 conversis
974 1045 1063 1087 nunc
1078 1023 1221 1102 vicibus,

153 1160 167 1184 a
184 1151 244 1216 pro
267 1127 401 1215 pristina
425 1140 535 1188 nostra
555 1124 678 1204 justitia
699 1139 732 1187 et
751 1124 918 1212 aequitate,
939 1124 1029 1189 hunc
1049 1125 1223 1191 invaluisse

154 1263 167 1286 a
183 1252 308 1292 morem
339 1224 555 1304 crediderint,
581 1241 619 1287 ut
648 1222 781 1303 injurias
801 1223 964 1287 sociorum
989 1247 1055 1287 non
1076 1225 1141 1304 jam
1164 1248 1223 1315 per

153 1365 165 1388 «
185 1330 402 1408 oblivionem,
418 1343 475 1390 aut
492 1326 551 1389 alia
571 1323 717 1413 negotia,
734 1323 808 1400 sed,
824 1323 914 1412 quod
932 1324 1081 1387 omnium
1099 1341 1147 1389 est
1163 1325 1222 1391 soe·

154 1466 167 1488 ι
186 1431 375 1510 dissimum,
391 1427 568 1515 prudentes
589 1426 793 1513 scientesque
810 1425 854 1488 ob
874 1425 1055 1491 mercedem
1079 1427 1222 1517 negliga-

153 1530 276 1597 smus?
293 1533 346 1595 An
365 1552 431 1592 non
450 1528 539 1591 venit
559 1527 592 1590 in
616 1541 759 1590 mentem
781 1525 955 1614 aliquando
974 1527 1132 1616 cogitare,
1149 1527 1222 1616 qui·

154 1667 167 1691 ι
184 1635 246 1699 bus
262 1632 385 1697 artibus
402 1629 442 1694 ad
466 1630 551 1693 hanc
566 1629 744 1716 potentiam
763 1642 796 1691 et
814 1627 948 1717 gloriam
965 1649 1016 1691 res
1030 1651 1164 1693 romana
1184 1651 1224 1694 ex

153 1769 165 1792 ι
181 1759 277 1826 parua
289 1750 321 1799 et
335 1733 426 1797 tenui
445 1728 644 1795 adoleverit?
655 1727 786 1793 aliudne
800 1752 817 1792 a
833 1728 1009 1808 majoribus
1023 1729 1222 1817 accepimus,

154 1872 166 1894 a
185 1862 301 1926 quam,
317 1858 419 1923 quum
438 1849 572 1922 propter
588 1833 743 1896 virtutem
762 1831 891 1894 illorum
915 1831 1009 1895 multi
1026 1829 1066 1894 ad
1087 1831 1221 1896 societa-

153 1973 165 1996 ι
185 1959 249 2006 tem
276 1955 421 2003 nostram
439 1935 648 2017 accesserint,
666 1949 799 2022 propter
819 1931 915 1997 fidem
938 1948 971 1997 et
988 1932 1049 1996 hos
1066 1934 1224 1998 mansisse

155 2077 166 2099 «
184 2045 217 2107 in
234 2040 371 2121 loedere,
388 2055 420 2103 et
436 2038 533 2114 alios,
549 2038 637 2101 ultro
655 2052 692 2099 ut
706 2034 945 2123 reciperentur,
960 2034 1121 2099 ambisse?

199 2147 272 2208 XX.
296 2175 309 2198 ι
324 2143 417 2224 Quos
436 2141 535 2228 igitur
547 2161 585 2202 ea
598 2136 679 2201 ratio
697 2136 791 2201 nobis
813 2136 976 2217 adjunxit,
991 2136 1081 2224 quod
1104 2137 1137 2202 in
1160 2135 1224 2201 lide

155 2278 167 2301 ι
187 2262 297 2308 nostra
313 2244 421 2308 dubiae
434 2264 500 2305 suoe
516 2241 656 2304 fortunae
668 2238 799 2303 firmum
815 2239 1019 2305 crediderant
1037 2240 1222 2329 praesidium

155 2379 167 2403 ι
185 2349 271 2428 fore,
287 2369 397 2410 annon
412 2368 468 2408 eos
485 2342 561 2407 inde
578 2342 718 2407 deducet
738 2343 889 2433 cognitus
905 2366 1011 2424 error,
1029 2343 1054 2406 si
1069 2343 1170 2408 semel
1187 2343 1223 2407 in

154 2481 166 2504 ιι
185 2451 269 2513 hanc
294 2449 482 2537 opinionem
507 2446 676 2521 venerint,
700 2445 799 2508 alium
821 2469 911 2509 nunc
932 2461 1101 2527 senatum,
1122 2446 1222 2510 alium

154 2551 343 2639 «populum
365 2570 537 2613 romanum
556 2568 644 2628 esse,
665 2569 763 2633 quam
785 2568 926 2633 quorum
951 2546 995 2608 illi
1015 2569 1122 2610 mores
1141 2548 1223 2611 tanti

156 2684 168 2706 ι
186 2652 253 2715 lieri
275 2667 426 2739 oportere
446 2646 664 2727 judicassent?
683 2647 800 2709 Dicant
823 2669 928 2737 nunc,
953 2645 1010 2732 qui
1032 2646 1222 2731 muneribus

156 2785 168 2807 ι
185 2770 240 2815 aut
259 2752 358 2840 gratia
374 2748 566 2838 expugnati,
583 2762 697 2810 contra
717 2749 763 2809 fas
781 2761 814 2808 et
832 2744 947 2826 fidem,
971 2762 1151 2834 contraque
1171 2746 1222 2811 di-

152 2885 167 2907 ιι
185 2853 340 2941 gnitatem
365 2849 478 2939 populi
502 2847 646 2926 romani,
671 2845 871 2935 parricidiale
895 2847 1021 2911 facinus
1042 2847 1223 2936 importuni

156 2986 168 3008 ι
185 2951 336 3015 mortales
352 2948 552 3029 defendunt,
568 2947 648 3034 quid
662 2948 849 3035 responsuri
863 2948 928 3011 sint
944 2949 1121 3029 majoribus
1138 2951 1223 3032 suis,

155 3086 167 3109 ι
187 3055 293 3142 siqua
311 3052 438 3140 possint
454 3049 495 3113 ab
511 3049 549 3112 iis
566 3049 726 3112 rationem
741 3051 817 3114 nori
834 3050 1043 3139 corruptique
1060 3051 1160 3116 moris
1176 3077 1228 3118 re-

155 3188 167 3212 ι
185 3156 317 3245 potere?
333 3153 413 3241 quid
436 3151 594 3242 posteris?
611 3151 732 3239 quibus
751 3149 861 3215 nescio
878 3175 918 3215 an
937 3152 1115 3239 potentiam
1135 3176 1223 3218 eam·

155 3290 168 3314 ι
184 3260 277 3339 dem,
297 3259 415 3320 lamam
438 3270 524 3319 certe
547 3253 681 3317 minime
705 3253 848 3317 relicturi
867 3269 961 3335 sunt,
977 3253 1106 3341 qualem
1128 3253 1224 3350 ipsis

156 3392 167 3413 ι
186 3360 374 3448 parentibus
387 3372 593 3444 acceperunt.
608 3387 621 3412 ιι

201 3461 291 3523 ΧΧΙ.
315 3458 418 3523 Multa
441 3456 559 3521 deinde
577 3457 618 3520 de
636 3457 821 3538 Masinissa,
836 3459 939 3522 multa
961 3455 1002 3520 de
1019 3457 1151 3546 Micipsa
1172 3458 1223 3525 lo·

156 3576 298 3646 quotus,
317 3559 471 3622 acerrime
493 3559 686 3649 Iugurtham
702 3559 912 3648 oppugnavit.
933 3559 1048 3647 Neque
1065 3559 1121 3639 iis,
1140 3582 1224 3649 quos

155 3659 339 3739 accusabat,
355 3659 470 3723 melior
491 3659 560 3735 ille,
579 3659 635 3723 sed
659 3660 817 3724 occultior
839 3676 927 3723 erat:
942 3660 1084 3748 alioquin
1109 3684 1149 3725 ex
1167 3686 1224 3751 pa·

156 3777 245 3824 terna
262 3762 371 3849 inopia
387 3762 533 3848 pecuniae
549 3761 680 3836 aridus,
695 3762 771 3849 quia
788 3760 872 3848 regis
889 3759 1092 3847 largitionem
1112 3776 1224 3826 notam

155 3864 253 3952 vulgo
277 3862 497 3949 infamemque
519 3885 587 3925 esse
607 3878 767 3942 senserat,
783 3884 849 3924 non
875 3883 986 3924 amore
1002 3861 1149 3943 virtutis,
1167 3879 1224 3927 aut

155 3966 322 4030 sanctitate
342 3986 490 4043 morum,
508 3985 706 4050 quamquam
724 3962 871 4053 egregius
893 3961 1065 4025 simulandi
1085 3983 1155 4025 earu
1172 3985 1226 4027 ar·

155 4069 251 4147 tifex,
267 4064 323 4129 sed
337 4063 465 4128 invidiae
480 4082 570 4128 metu
584 4088 619 4127 se
633 4062 816 4127 cohibebat.
833 4063 891 4126 llis
905 4061 1127 4148 nequidquam
1144 4064 1224 4127 resi·

155 4167 332 4250 stentibus,
355 4188 459 4253 quum
481 4187 620 4228 numero
642 4165 809 4229 vincerent
826 4165 883 4251 qui
900 4184 978 4227 vero
994 4162 1224 4247 vincebantur,

190 4371 205 4435 §
224 4372 293 4418 xxt.
311 4369 407 4417 Sallust.
422 4367 537 4432 sugunt.
548 4379 602 4432 cap.
617 4368 656 4415 15.
667 4369 784 4416 —Auct
795 4365 825 4416 de
834 4368 888 4414 Vir.
900 4366 936 4413 ill.
949 4381 1003 4430 cap.
1016 4366 1057 4428 76.
1070 4394 1105 4403 -
1116 4367 1168 4417 cte.
1180 4384 1227 4433 pro

155 4453 278 4511 Murena,
290 4469 344 4516 cap.
357 4467 396 4512 ¹7·
