2594 4980
161 690 231 763 260
333 694 401 760 lO.
428 688 768 763 FREINSHEMII
796 690 1039 763 SUPPLEM.

153 815 285 903 ‘piarum
302 829 412 901 parte,
438 835 510 901 pars
534 813 598 877 illic
619 811 838 878 misericordia
858 812 1019 894 hostium,
1037 814 1090 877 hic
1114 816 1217 903 negli-

158 916 265 1004 gentia
284 915 442 979 evasisset.
464 914 579 1001 Neque
608 912 768 978 dissimilis
794 914 1025 1000 imperatorum
1045 935 1115 977 sors
1136 913 1216 996 fuit3

157 1039 298 1105 natoque
313 1032 346 1079 et
359 1015 526 1089 AEmilius,
545 1015 699 1103 abrogato
717 1011 872 1102 imperio,
886 1013 1028 1100 privatus
1041 1012 1080 1079 ¹iu
1094 1013 1217 1077 Urbem

157 1117 262 1182 rediit.
283 1116 451 1183 Accusatio
468 1115 634 1202 deinceps,
651 1130 684 1179 et
697 1113 857 1194 judicium
876 1128 1051 1201 sequutum
1071 1136 1079 1178 :
1100 1112 1158 1178 sed
1175 1113 1217 1178 ad

101 1248 105 1261 ¹
157 1232 337 1283 extremum
354 1217 490 1304 pecunia
511 1215 548 1278 lis
565 1215 718 1279 aestimata
734 1229 793 1279 est.
808 1214 848 1277 I‘u
864 1213 968 1278 Sicilia
987 1237 1119 1302 quoque
1135 1216 1217 1279 male

157 1342 233 1384 cum
250 1319 391 1409 fugitivis
410 1319 474 1382 hoc
488 1340 575 1379 anno
591 1332 772 1406 pugnatum
787 1337 806 1379 a
823 1315 974 1379 Cornelio
988 1316 1126 1380 Lentulo
1137 1339 1217 1404 pm·

157 1436 245 1499 tore;
264 1441 443 1508 magnaque
460 1440 533 1504 pars
550 1418 709 1481 exercitus
721 1428 797 1480 curu
812 1415 890 1504 ipsis
906 1415 1017 1481 castris
1028 1417 1143 1481 auiism
1156 1433 1213 1482 est.

200 1522 292 1585 XIII.
311 1522 400 1583 Inter
422 1517 490 1581 haec
513 1520 546 1581 in
569 1518 756 1606 Hispaniam
780 1517 815 1583 P.
842 1518 959 1582 Furius
976 1518 1218 1601 consuluerit,

157 1621 214 1709 qui
230 1619 414 1685 dedendum
432 1619 642 1683 Numantinis
665 1620 702 1683 C.
720 1617 895 1682 Hostilium
911 1616 1102 1684 deducebat.
1117 1619 1216 1684 Mira·

155 1721 220 1786 bile
239 1719 475 1809 spectaculum,
494 1736 526 1783 et
541 1717 582 1782 ad
598 1718 796 1809 arguendam
814 1719 936 1807 ingenii
951 1719 1087 1784 humani
1104 1721 1218 1786 securi·

156 1838 256 1887 tatem
271 1819 397 1902 efficax,
415 1821 467 1884 ille
481 1819 580 1885 modo
596 1821 726 1903 consul,
741 1843 917 1885 numeroso
929 1822 1089 1901 exercitu,
1101 1838 1134 1887 et
1149 1836 1217 1889 tota

156 1923 283 2012 imperii
306 1923 470 2001 majestate
488 1922 641 2009 stipatus,
660 1943 749 1985 nunc
770 1920 970 1987 solemnibus
987 1921 1177 1986 cerimoniis
1198 1944 1217 1986 a

155 2038 246 2111 patre
262 2038 387 2110 patrato
403 2021 548 2086 hostium
565 2021 597 2084 iu
615 2036 807 2110 potestatem
824 2021 934 2086 nudus
945 2023 1138 2112 vincutsque
1151 2039 1215 2087 tra·

157 2122 303 2188 debatur.

198 2223 284 2287 XIV.
308 2223 422 2310 Neque
443 2223 496 2286 hic
517 2224 718 2291 miseriarum
740 2240 774 2289 et
791 2224 976 2314 ignominiae
997 2224 1095 2290 finis:
1113 2247 1215 2312 quum

156 2346 175 2389 a
192 2325 399 2389 Numantinis
422 2347 489 2388 non
509 2325 720 2413 exciperetur,
736 2325 834 2389 vilem
852 2324 1005 2390 fraudatae
1021 2324 1108 2413 pacis
1123 2324 1217 2388 ricti-

156 2447 243 2488 mam
263 2425 528 2513 aspernantibus,
554 2440 629 2489 ante
647 2440 758 2514 portas
777 2425 941 2513 expositus
960 2443 1025 2506 est,
1047 2426 1158 2513 ibique
1181 2425 1215 2488 io

157 2526 259 2591 oculis
275 2526 638 2615 civium'hostiumque,
654 2526 695 2590 ab
712 2526 773 2591 illis
790 2527 936 2609 relictus,
954 2526 996 2591 ab
1015 2527 1065 2590 his
1082 2549 1149 2591 non
1166 2526 1219 2591 ad·

156 2628 291 2708 missus,
309 2628 349 2691 ab
365 2628 511 2715 utrisque
523 2626 668 2693 desertus
680 2626 913 2717 despectusque
925 2628 959 2691 in
972 2643 1101 2691 noctem
1114 2650 1218 2715 usque

155 2730 304 2816 perstitit.
316 2731 401 2793 Tum
415 2728 550 2792 demum
560 2729 651 2816 quasi
662 2728 905 2819 propitiatajam
921 2727 1052 2792 fortuna
1061 2728 1216 2815 respexit,

155 2831 359 2917 Romanique
369 2831 456 2894 velut
471 2831 561 2895 omui
577 2853 635 2895 sua
646 2830 841 2920 obligatione
853 2828 1044 2894 defunctum
1059 2830 1217 2918 recipien-

154 2930 235 2995 dum
250 2955 415 2996 censuere.
435 2931 484 2994 Ne
502 2948 610 2995 tomen
624 2931 700 2995 inde
713 2933 876 3020 piaculum
897 2927 1028 3018 aliquod
1047 2931 1217 3012 exercitui,

154 3034 343 3121 populoque
372 3055 506 3094 romano
521 3032 787 3112 contraheretur,
805 3031 973 3095 consulere
997 3052 1070 3092 aves
1091 3029 1218 3112 visum,

154 3133 258 3220 iisque
265 3131 488 3195 addicentibus
497 3177 506 3209 ,
516 3130 548 3192 in
564 3146 666 3194 castra
678 3130 847 3208 reductus,
858 3128 1043 3214 civitatique
1053 3127 1216 3210 redditus,

154 3251 265 3322 postea
279 3233 375 3296 etiam
392 3231 590 3295 senatorium
604 3231 725 3316 recepit
738 3227 899 3307 ordinem,
923 3229 1079 3317 petiitque
1094 3244 1216 3316 praetu-

155 3357 241 3414 ram,
261 3349 294 3395 et
314 3346 533 3417 consequutus
549 3346 599 3394 est
615 3353 623 3393 :
642 3352 748 3416 neque
765 3345 872 3392 tamen
888 3330 958 3392 sine
974 3332 1148 3393 certamine
1165 3351 1218 3393 res

155 3449 323 3499 transacta.

199 3534 271 3598 XV.
296 3534 407 3613 Quum
429 3531 515 3592 enim
541 3552 687 3594 reversus
713 3528 848 3594 domum
873 3530 1062 3613 Mancinus,
1082 3532 1219 3595 introire

155 3636 277 3701 curiam
295 3656 362 3696 non
380 3631 573 3712 dubitasset,
593 3631 628 3697 P.
646 3631 786 3698 Rutilius
805 3632 849 3696 M.
871 3633 907 3697 F.
929 3632 1215 3721 tribunusplebis,

156 3739 360 3822 «Cuperem,
380 3733 505 3819 inquit,
528 3735 562 3796 C.
588 3732 754 3814 Mancino,
772 3734 860 3797 ultro
882 3735 989 3821 potius
1008 3734 1216 3798 abstinuisses

156 3837 281 3915 «curia,
301 3857 398 3921 quam
413 3833 595 3896 indebitum
615 3833 774 3897 honorem
791 3834 996 3922 usurpando,
1015 3834 1128 3899 durius
1145 3855 1215 3910 me,

156 3960 275 4027 «quarn
287 3936 417 4015 vellem,
428 3958 520 4023 agere
535 3934 701 4023 megisses.
714 3935 783 4024 Ego
796 3950 826 3999 te
837 3958 940 4021 quum
956 3935 1020 3999 hoc
1032 3936 1066 3999 in
1083 3957 1216 4023 rempu-

155 4039 293 4104 «blicam
310 4037 418 4099 animo
432 4034 658 4124 dignissimum
671 4057 741 4100 esse
752 4051 879 4124 putem,
897 4037 953 4124 qui
968 4058 1098 4100 summo
1106 4036 1217 4124 patriae

189 4271 205 4335 S
219 4274 277 4319 XII.
287 4271 359 4318 Oros.
370 4295 405 4304 -
419 4268 471 4314 Lis.
486 4264 997 4331 epit.-Appun.-sx111.rlor.11‚
1014 4266 1058 4323 18,
1072 4275 1097 4313 ct
1109 4266 1161 4323 lll,
1176 4277 1216 4325 19.
1274 4324 1277 4331 Ι

157 4354 254 4402 -CIc
266 4353 296 4400 de
306 4356 373 4402 Orat.
384 4355 409 4409 1,
423 4358 468 4407 4ος
479 4352 517 4406 ΙΙ,
531 4351 571 4397 3².
587 4375 621 4385 -
633 4349 697 4397 Vell.
707 4350 746 4406 II,
761 4363 826 4395 r.-
837 4347 853 4413 S
865 4348 935 4397 ΚΝ.
946 4347 1058 4406 Oros.V‚
1068 4347 1214 4403 l.-Auct.

157 4438 187 4485 de
199 4437 254 4484 Vir.
267 4437 300 4483 ill.
312 4463 344 4472 -
356 4436 382 4483 fs.
396 4435 427 4482 de
439 4436 521 4496 Legat.
534 4432 552 4478 l.
566 4436 598 4487 L,
611 4432 650 4479 tit.
662 4448 685 4491 7,
698 4431 715 4479 l.
728 4445 767 4489 η.
