2594 4980
284 759 334 826 IN
368 759 480 827 LOC.
507 758 598 826 LIB.
624 758 706 828 LVI
738 756 955 827 LIVIANI.
1078 755 1147 852 267

92 882 192 944 Ennte
217 879 414 943 habitantem
438 877 621 941 serviebat:
645 879 698 942 hic
722 900 825 967 quum
849 877 978 967 magicae
1004 877 1152 943 vanitatis

92 981 200 1044 studio
217 980 365 1044 addictus
380 977 481 1043 videri
497 979 610 1060 vellet,
626 1001 645 1042 a
661 977 722 1043 diis
737 1001 772 1044 se
789 1001 848 1068 per
860 979 1025 1042 somnium
1042 977 1084 1042 de
1098 977 1151 1041 lu·

92 1084 173 1146 turis
192 1082 333 1171 lingebat
351 1081 477 1145 moneri
494 1103 502 1144 :
522 1102 690 1167 quumque
711 1103 752 1145 eo
771 1079 906 1145 artificio
924 1101 1045 1142 nomen
1064 1075 1153 1166 apud

93 1184 214 1247 multos
225 1197 441 1269 comparasset
449 1228 458 1259 ,
467 1196 505 1244 ut
520 1196 598 1244 sunt
610 1182 768 1268 proclives
778 1182 820 1246 ad
832 1179 1058 1263 hujuscemodi
1066 1179 1152 1244 ludi·

92 1283 162 1347 bria
175 1285 343 1349 radiorum
357 1284 472 1363 animi,
490 1282 610 1346 sensim
625 1304 665 1345 eo
677 1298 891 1371 processerat,
908 1298 945 1346 ut
960 1281 1056 1346 etiam
1072 1280 1153 1370 vigi·

91 1386 178 1465 lans,
193 1402 225 1449 et
239 1384 381 1448 interdiu
398 1383 573 1447 numinum
587 1384 751 1470 colloquio
764 1383 844 1465 luti,
855 1399 887 1447 et
898 1405 937 1449 ex
948 1383 987 1444 iis
1001 1397 1154 1445 eventura

93 1487 230 1569 discere,
248 1486 391 1566 jactaret.
412 1488 508 1550 Forte
529 1486 654 1567 evenit,
670 1502 708 1551 ut
729 1487 764 1550 in
788 1509 903 1577 magna
923 1508 1154 1574 responsorum

93 1589 199 1674 copia,
211 1587 497 1674 quibusdamuecae
505 1587 723 1677 praedictionis
733 1591 874 1677 speciem
886 1588 1050 1677 fidemque
1061 1611 1157 1653 even·

92 1705 146 1751 tus
168 1689 437 1754 accommodaret.
462 1691 508 1754 Ea
530 1713 652 1777 quum,
669 1707 708 1754 ut
728 1689 781 1772 fit,
802 1692 869 1755 sola
889 1689 1156 1778 praedicarentur,

92 1813 172 1853 vana
189 1808 299 1855 autem
313 1807 350 1854 et
367 1792 457 1855 irrita
475 1814 573 1855 nemo
589 1790 815 1881 redargueret,
838 1792 926 1855 brevi
945 1813 1006 1880 pro
1025 1789 1156 1855 fatidico
1219 1850 1222 1853 .

93 1892 226 1954 homine
245 1894 279 1955 in
296 1893 422 1957 honore
438 1907 471 1955 et
486 1892 701 1957 admiratione
716 1915 785 1957 esse
801 1893 906 1980 coepit.
1258 1978 1260 1983 ,

135 1993 258 2057 XXXI.
275 1993 422 2082 Augebat
434 1994 623 2081 opinionem
636 1995 724 2058 vafer
738 1994 860 2058 nebulo
879 1994 964 2085 ignis
982 1993 1156 2074 miraculo,

94 2115 189 2179 quern
202 2093 405 2157 vaticinando
417 2095 503 2157 inter
512 2096 610 2159 verba
620 2096 806 2159 emittebat:
823 2116 939 2159 nucem
952 2095 1038 2158 enim
1051 2093 1157 2157 utrin-

93 2216 157 2279 que
170 2193 364 2281 perforatam
379 2196 512 2259 materia
528 2195 595 2284 igni
611 2194 729 2260 alendo
744 2211 817 2283 apta
833 2194 1033 2285 complebat,
1045 2215 1160 2258 accen·

93 2316 226 2379 samque
243 2294 325 2358 clam
340 2294 503 2359 inserebat
520 2296 591 2377 ori;
607 2297 653 2360 sic
666 2297 784 2386 agitata
799 2297 913 2385 spiritu
929 2295 1058 2361 flamma
1073 2296 1159 2359 inter

93 2394 180 2456 labra
202 2396 364 2482 loquentis
386 2397 553 2461 emicabat.
576 2399 650 2486 lpse
671 2399 773 2483 Syrt'oe
791 2398 860 2461 dcoe
873 2399 1078 2487 praesentiam
1099 2395 1159 2458 loc
1206 2476 1210 2483 .

93 2491 218 2581 efficere
227 2495 382 2580 jactabat,
398 2497 482 2562 illius
496 2502 622 2586 liuperto
635 2523 667 2563 se
680 2503 753 2586 agi,
769 2499 859 2563 illam
877 2499 981 2588 regale
995 2495 1159 2584 st'bifattt‘·

90 2599 195 2680 giwn,
210 2597 387 2687 regalasqttc
401 2622 471 2687 opes
477 2603 676 2688 promittere:
687 2600 786 2687 idque
802 2617 988 2665 constanter
1004 2621 1072 2662 non
1087 2598 1158 2663 aliis

95 2697 211 2778 modo,
228 2698 284 2762 sed
301 2701 395 2762 etiarn
415 2701 494 2765 bero
511 2718 667 2787 praesente
682 2701 885 2789 praedicabat.
904 2698 1081 2790 'Antigenes
1096 2700 1159 2790 igi·
1272 2707 1282 2726 ⁰

97 2815 164 2878 tur,
181 2800 232 2861 his
249 2800 379 2887 ineptiis
396 2800 486 2864 haud
501 2800 731 2881 indelectatus,
745 2801 786 2865 ad
802 2802 948 2865 convivia
967 2822 1077 2865 secum
1096 2799 1159 2864 du·

94 2901 187 2965 cebat
202 2902 420 2981 balatronem,
439 2918 472 2964 et
489 2900 645 2981 subinde,
661 2924 764 2988 quarn
781 2902 937 2965 hilaritate
951 2902 1161 2966 incaluissent

95 3003 300 3089 presentium
328 3003 449 3083 animi,
476 3001 555 3090 quid
566 3000 721 3089 facturus
748 3006 781 3065 in
807 3023 924 3088 regno,
949 3015 981 3064 et
1005 3001 1161 3089 quomodo

95 3124 244 3190 quemque
268 3115 462 3166 tractaturus
482 3115 580 3182 -ctsct,
611 3102 848 3190 interrogabat3
878 3102 1092 3191 ridebantque
1119 3100 1162 3167 ad

96 3226 250 3291 responsa
267 3205 408 3268 clemens
426 3203 598 3291 imperium
615 3204 797 3290 pollicentis
817 3204 976 3284 convivam
992 3203 1161 3267 nonnulli·

96 3327 174 3389 que,
189 3306 496 3392 porrectisemense
508 3303 668 3392 partibus,
681 3305 866 3368 meminisse
873 3303 1160 3393 jubebant,quum

96 3425 232 3490 regnum
251 3406 451 3492 accepisset.

141 3505 277 3570 XXXll
297 3507 428 3594 Atque
420 3520 481 3571 ista
493 3476 644 3586 jocorum
660 3507 770 3570 levitas
787 3507 972 3623 paulopost
987 3509 1020 3571 in
1039 3508 1159 3576 serium

97 3605 206 3667 vertit·
198 3629 414 3695 ,summaque
431 3608 577 3696 potentia
590 3608 731 3723 potitum
742 3608 942 3696 mancipium
956 3632 1017 3698 pro
1029 3610 1162 3676 ludicris

96 3704 260 3771 beneficiis
285 3732 351 3773 non
371 3709 529 3773 ludicram
548 3709 683 3798 gratiam
708 3711 828 3774 retulit
852 3709 1053 3776 Maturuerat
1074 3711 1164 3776 enim

94 3805 159 3884 jam
172 3807 205 3870 in
219 3825 384 3896 pastorum
394 3810 509 3874 animis
524 3809 715 3874 defectionis
726 3809 913 3891 consilium,
923 3811 1070 3899 nihilque
1083 3833 1163 3899 pra)-

97 3920 146 3969 ter
162 3911 364 3975 occasionem
388 3911 617 3997 quaeritabant,
634 3932 731 3996 quam
753 3912 843 3975 hunc
857 3910 899 3976 ad
914 3913 1049 3977 modum
1069 3935 1162 3978 casus

96 4011 232 4094 aperuit.
264 4011 435 4075 llabitabat
461 4013 562 4077 Ennae
589 4010 739 4098 quidam,
766 4013 900 4079 nomine
929 4013 1161 4101 Damophilus,

95 4107 231 4176 affluens
253 4112 388 4199 opibus,
404 4128 448 4176 et
463 4110 597 4200 perinde
614 4111 747 4202 ingenio
764 4113 876 4179 elatus.
897 4115 958 4178 llic
975 4136 1078 4201 quum
1100 4116 1163 4181 late

96 4229 216 4293 araret,
234 4229 459 4301 pasceretque,
478 4235 545 4277 uon
562 4212 663 4278 modo
676 4229 828 4280 ceterum
836 4216 958 4280 luxum
974 4215 1162 4280 Italicorum
1236 4275 1240 4284 .

132 4409 245 4474 §xxx
258 4415 342 4462 Marce
342 4413 387 4461 llio
389 4412 452 4463 ..ttb
464 4415 535 4464 xlv,
549 4439 583 4453 —
601 4413 856 4480 eumanum-
820 4415 1025 4464 -ntodon-
989 4415 1163 4483 -sxxxt

98 4495 154 4543 Flor
156 4496 444 4559 .‚111119—Dictor.
979 4529 984 4539 .
