2594 4980
185 106 244 172 ln
273 106 381 171 noc.
410 107 501 170 [ΑΒ.
532 109 657 172 xttx
689 109 901 174 mrem.
1016 132 1074 197 107

47 228 223 302 crtsnmnret,
253 248 314 285 nou
337 229 436 304 magis
462 226 722 311 qrrcnnnlmodnnt
747 224 822 286 [redi
845 226 935 286 lnntt's
956 242 1078 310 posset,

48 351 114 416 quan
127 330 173 389 sui
184 327 343 414 qnontodo
361 329 523 389 nu'nr‘mum
538 328 579 389 ab
600 327 685 389 ltoste
700 326 896 389 laede-entur.
915 326 978 388 Sed
993 328 1080 389 rebus

49 428 205 492 tododnetis
215 476 226 508 ,
248 442 283 490 nt
304 439 350 491 tot
367 427 505 491 cobortes
525 431 675 516 sigrmqne
683 425 908 515 periclitentur,
931 428 1081 514 optinum

13 596 17 603 ,
50 528 177 594 nuttam
186 541 324 618 putare,
342 553 406 593 non
423 529 596 610 consulere,
618 529 688 610 sed,
705 552 780 618 qnoe.
794 552 841 592 res
856 543 951 616 atque
965 541 1080 615 tempus

47 630 164 717 potum,
184 631 325 695 celeriter
342 654 382 694 ac
403 647 526 696 strenue
538 654 703 721 peragere.
717 632 824 718 Ergo,
848 633 877 693 si
897 653 945 692 me
958 652 1081 718 paucos

13 766 17 775 ·
52 732 235 819 quatitales
248 731 350 820 legere
362 735 460 797 saisitis
468 781 478 813 ,
493 747 552 798 aut
565 734 632 813 lios,
645 735 769 820 inquit,
784 756 905 796 mecum
914 732 1082 796 incolumes

13 836 15 935 Ξ
53 832 177 897 adducam
183 882 193 914 ,
207 850 269 899 aut
279 857 339 919 ego
348 857 419 899 oum
431 836 493 898 illis
509 836 600 901 loetus
614 835 778 924 labemque
789 850 917 899 mortem
929 848 1081 923 oppetam.

12 938 31 1035 ,¹
55 932 284 1021 Acceptodeinde
299 935 388 999 bidui
399 939 719 1019 commentu,statim
733 959 767 1000 se
782 936 946 1000 commisit
956 934 1082 1013 itineri,

12 1058 17 1129 p
56 1034 159 1099 muno
176 1059 252 1101 cum
275 1052 365 1100 metu
388 1038 530 1101 universi
553 1040 729 1120 exercitus,
752 1061 793 1102 ne
814 1054 847 1102 ct
867 1039 935 1126 ipsc
955 1037 1082 1101 amitte·

12 1128 20 1255 p
56 1148 127 1199 reus.

12 1266 18 1327 ς
86 1233 150 1301 till.
162 1238 205 1301 Ut
218 1261 297 1303 vero
317 1238 357 1302 ad
374 1239 543 1304 obsessum
560 1239 600 1302 ab
619 1240 713 1303 hoste
733 1240 848 1303 collem
865 1252 999 1301 rentum
1013 1252 1081 1316 est,

56 1338 201 1422 oppositum
216 1341 262 1405 itti
279 1341 442 1405 tumulum
462 1363 562 1405 cursu
572 1341 675 1429 cepit,
689 1357 727 1404 ut
740 1342 826 1405 inter
841 1357 997 1426 utrosque
1012 1353 1082 1401 tan-

11 1452 15 1517 t
57 1444 105 1499 tun
114 1441 188 1505 valtis
198 1441 378 1506 interesset.
389 1444 474 1505 Tum
487 1464 565 1505 vero
576 1442 644 1505 Afri
659 1441 750 1505 omni
764 1458 885 1505 conatu
896 1460 1082 1528 expugnare

56 1534 139 1604 wiltu
148 1560 221 1606 sunt
233 1544 385 1633 aggressi,
397 1545 596 1632 priusquam,
607 1544 759 1607 resumtis
773 1566 812 1607 ex
824 1544 938 1607 itinere
947 1540 1081 1618 viribus,

11 1628 14 1737 f
58 1654 206 1711 munnere
218 1646 379 1734 Scipionis
392 1647 516 1734 equites
527 1662 671 1734 possent.
682 1648 724 1710 At
736 1647 806 1726 itte,
817 1646 874 1734 qui
886 1668 945 1733 per
957 1642 1081 1707 radices

57 1742 222 1809 nudorum
241 1746 407 1811 circumiri
425 1768 519 1835 posse
531 1748 645 1811 vallem
661 1748 862 1828 interjectam
878 1746 1080 1811 animadver-

55 1844 124 1922 tmt,
135 1845 211 1909 nihil
226 1863 418 1927 cunctatus,
433 1870 498 1935 qua
512 1864 622 1935 patere
637 1849 722 1912 riam
739 1849 883 1929 videbat,
899 1866 1031 1913 sneuue
1045 1849 1080 1910 in

55 1930 289 2013 ¹¹otteriucurrit:
301 1950 358 2031 illi,
368 1971 409 2013 ne
421 1950 506 2014 inter
516 1949 583 2014 duo
593 1953 738 2014 Romana
748 1953 876 2041 agmina
887 1951 986 2015 medii
998 1951 1083 2013 clau·

56 2032 189 2130 &renum
210 2050 323 2131 reriti,
344 2074 412 2115 non
435 2052 542 2115 solum
561 2075 685 2116 cessere
700 2053 790 2133 loco,
804 2053 863 2118 sed
883 2053 985 2119 effusa
1005 2053 1080 2141 fuga

55 2132 137 2232 dihpti
152 2168 238 2216 sunt.
258 2152 383 2240 Scipio,
397 2175 538 2218 servasse
551 2176 628 2218 suos
641 2169 830 2234 contentus,
846 2177 953 2242 neque
968 2154 1081 2231 Afros,

55 2256 156 2315 n'ltere
171 2254 270 2343 longe
288 2254 489 2343 superiores,
500 2256 651 2344 persequi
663 2278 748 2318 curae
761 2256 891 2335 imbuit,
906 2272 1027 2318 etcum
1042 2254 1080 2315 li·

54 2334 138 2415 bnans
150 2355 321 2420 obsidione
330 2357 521 2421 cohortibus
531 2356 572 2420 ad
587 2357 763 2420 exercitum
779 2378 927 2419 reversus
942 2372 991 2418 est
1003 2378 1011 2418 :
1024 2355 1081 2419 ubi

54 2456 125 2523 ΨΜ
137 2471 250 2541 praeter
266 2478 357 2544 spem
377 2459 526 2521 omnium
543 2480 610 2521 non
629 2456 728 2521 modo
748 2458 854 2522 salvus
870 2458 953 2545 ipse,
967 2480 1081 2520 verum

53 2544 120 2615 Μ
132 2574 274 2621 servator
286 2558 424 2625 aliorum
440 2560 698 2649 conspiceretur,
711 2560 869 2623 maximus
885 2582 950 2647 prce
963 2557 1082 2648 gaudio

53 2642 161 2722 ’Μῖνι
187 2675 237 2723 est
259 2659 400 2742 clamor,
421 2661 574 2725 virtutem
601 2660 671 2739 ejus
695 2662 928 2748 fortunamque
954 2661 1085 2725 cunctis-

52 2742 266 2842 firmamus,
280 2777 434 2849 tanquam
452 2763 598 2851 exemplo
610 2762 785 2849 superioris
797 2759 1003 2849 Airicani(de
1013 2784 1082 2850 quo

52 2850 174 2925 “editum
189 2861 276 2927 idem
296 2862 417 2950 fuerat)
429 2862 539 2928 divino
553 2861 696 2951 quodam
710 2863 867 2927 instinctu
881 2862 991 2926 futura
1004 2885 1083 2950 prae·

52 2955 218 3043 κῃῑὶιοιτεῑ,
236 2963 456 3052 omnibusque
472 2964 506 3027 in
529 2963 700 3028 conatibus
718 2964 785 3027 suis
808 2980 996 3051 presentem
1018 2985 1080 3025 nu·

49 3048 269 3129 ”initiatorem
282 3065 491 3155 experiretur.
506 3064 708 3129 Obsidionali
724 3087 847 3128 corona
863 3064 1020 3128 donatum
1037 3064 1081 3127 ob

51 3163 153 3259 Qus
168 3166 318 3231 cohortes
333 3167 536 3254 Scipionem,
547 3167 649 3231 Varro
666 3165 814 3247 tradidit3
831 3181 1007 3254 statuaeque
1020 3166 1083 3230 Sci·

50 3260 129 3329 proni,
142 3265 172 3329 in
191 3269 264 3331 foro
278 3291 339 3331 suo
356 3284 467 3355 postea
481 3266 650 3356 adscripsit
663 3270 842 3357 Augustus.

53 3440 59 3453 ι
80 3352 144 3427 HV.
160 3368 224 3431 Uni
240 3369 326 3432 inter
343 3369 412 3432 boec
430 3386 495 3433 tam
512 3369 582 3432 laeta
596 3370 734 3456 querelae
750 3391 878 3433 causam
896 3368 1082 3457 prabebant

53 3462 176 3543 '¹¹⁸²qu
191 3468 332 3534 militum
345 3470 591 3534 interfectorum
615 3492 768 3558 corpora,
779 3472 956 3558 praesertim
976 3468 1081 3532 tribu·

77 3668 141 3732 stu,
152 3689 199 3740 liv.
215 3694 280 3757 Epir.
302 3721 337 3732 -
358 3697 463 3761 Appinn.
489 3724 524 3733 —
542 3696 645 3745 Diodor.
664 3700 729 3762 apud
747 3700 879 3746 Valerium.
896 3724 931 3734 -
944 3696 1030 3745 suidas
1045 3699 1080 3747 in¹

54 3748 202 3905 {qap-s
212 3780 274 3826 mv.
287 3780 350 3828 nnn.
360 3782 453 3833 mm,
465 3782 489 3828 o.
505 3808 537 3819 -
548 3784 621 3831 ,tuce
633 3782 663 3829 ec
673 3782 725 3829 vn.
739 3782 773 3829 n.
789 3810 823 3819 .-
833 3780 907 3829 moc.
919 3781 985 3846 aput
995 3784 1068 3847 sne.

129 3864 169 3903 Νι.
181 3884 213 3897 ·-
225 3861 302 3910 mod.
