2594 4980
330 708 381 778 IN
409 707 524 778 LOC.
550 710 644 777 Ltss.
669 708 699 776 L
727 704 943 779 LIVIA'NI.
1102 708 1169 785 123

147 828 265 897 adversus
277 830 428 895 Phamaeae
441 829 642 894 incursiones
654 852 808 918 magnum
822 831 976 895 auxilium
988 833 1019 896 in
1034 832 1175 901 Gulussa

147 932 202 1014 lait3
211 936 290 1014 cujus
301 934 423 1020 equites
435 932 592 1020 equique,
605 954 665 995 nec
677 930 824 1008 audacia,
837 954 898 994 nec
910 933 1061 1020 patientia
1075 935 1176 1025 hostis

145 1033 209 1098 llus
224 1035 397 1114 inferiores,
419 1056 487 1097 non
506 1034 615 1097 minus
632 1034 697 1121 apti
715 1031 757 1096 ad
774 1032 999 1098 disturbandas
1022 1035 1172 1120 insidias,

145 1156 218 1222 quam
229 1135 263 1199 ad
275 1133 442 1199 struendas
458 1134 503 1197 illi
521 1151 622 1199 erant.
642 1136 689 1198 lta
708 1135 830 1216 multa,
848 1158 919 1223 quae
932 1137 966 1198 in
982 1152 1074 1223 parte
1093 1140 1172 1201 Car·

144 1232 357 1322 thaginiensium
376 1236 522 1315 fuerant,
540 1235 658 1323 oppida
672 1252 869 1327 expugnata,
890 1238 993 1300 multa
1007 1238 1173 1303 voluntate

145 1332 336 1419 incolentium,
348 1338 486 1401 maxime
497 1361 554 1425 per
564 1339 765 1427 Scipionem,
780 1354 908 1428 recepta
919 1353 1007 1403 sunt.
1020 1339 1082 1404 Sed
1096 1340 1174 1402 alio-

145 1456 199 1499 mn
219 1438 344 1503 obscura
368 1455 417 1503 est
436 1440 609 1520 memoria3
632 1440 763 1530 Tezaga
787 1441 877 1504 urbis
900 1442 1173 1530 expugnationem

145 1537 289 1604 occisorum
303 1557 538 1630 captorumque
551 1565 708 1608 numerus
724 1542 879 1606 illustrem
893 1544 979 1608 fecit.
992 1543 1175 1608 Duodecim

146 1637 208 1702 euim
225 1644 369 1708 Afrorum
390 1644 557 1710 interfecta
578 1645 623 1708 ibi
647 1646 762 1728 millia,
786 1668 840 1709 sex
861 1661 951 1734 capta
977 1645 1173 1711 reseruntur.

146 1735 207 1803 Urbs
218 1742 246 1806 in
262 1762 381 1809 navatae
399 1769 505 1833 operm
522 1747 689 1835 praemium
706 1745 886 1835 diripienda
905 1746 1000 1811 militi
1017 1746 1100 1810 data.

176 1842 430 1911 litlintona
456 1847 575 1912 deinde
596 1849 781 1938 Carthagini
805 1848 1009 1936 praesidium,
1035 1847 1174 1910 Himilco

146 1938 287 2031 Phineas,
303 1950 437 2013 consilio
453 1950 612 2037 Scipionis
628 1949 827 2037 ademptum.
846 1948 914 2011 Sub
927 1947 1012 2011 idem
1028 1963 1176 2034 tempus,

146 2066 221 2131 mum
232 2049 310 2116 lorte
321 2054 435 2141 ingens
446 2067 618 2140 tempestas
630 2051 746 2115 oborta
760 2066 857 2132 esset,
873 2050 949 2112 hinc
963 2050 1086 2136 Scipio,
1097 2047 1173 2111 inde

146 2140 287 2234 Phineas,
299 2154 366 2217 suis
380 2146 518 2241 quisque
531 2154 641 2217 castris
654 2152 789 2242 egressi,
799 2153 843 2215 ita
854 2151 915 2215 sibi
929 2166 1045 2214 mutuo
1058 2172 1173 2213 occur-

146 2255 385 2335 concutiaris
402 2255 490 2319 vallis
507 2256 672 2337 interjecta
687 2272 897 2342 conspectum
915 2277 982 2316 non
1001 2252 1175 2331 adimeret,

146 2345 259 2421 ledere
269 2358 406 2422 invicem
420 2358 556 2422 laedendi
573 2359 706 2421 minime
719 2357 895 2445 permissa:
911 2372 983 2420 tum
999 2355 1109 2441 Scipio
1125 2375 1174 2416 so-

146 2446 184 2515 lta
201 2459 403 2544 providentia,
429 2482 470 2524 ne
497 2459 577 2547 quid
604 2458 793 2524 insidiarum
819 2480 918 2546 porro
945 2453 1174 2519 absconditum

146 2570 219 2640 M,
233 2562 330 2626 tribus
352 2563 488 2625 omnino
504 2561 676 2625 comitatus
692 2559 892 2647 speculatum
912 2555 1078 2645 processit.
1102 2555 1174 2617 H'oc

146 2652 331 2727 animadverso
351 2663 513 2727 Phamaeas
533 2685 608 2726 cum
630 2660 785 2724 fidissimo
807 2659 987 2722 amicorum
1006 2672 1120 2720 contra
1140 2677 1174 2718 se

145 2751 325 2827 ultobvium
341 2786 349 2827 :
364 2762 452 2828 unde
468 2763 576 2851 Scipio
587 2763 621 2825 in
636 2762 835 2849 colloquium
847 2761 957 2824 venire
973 2758 1055 2822 velle
1068 2757 1175 2819 virum

144 2857 303 2946 ⁸¹¹tpicatus,
317 2867 442 2955 etipse,
458 2864 575 2929 relictis
587 2863 716 2927 duobus
726 2911 734 2943 ,
745 2885 820 2925 cum
834 2884 902 2924 nno
914 2861 1032 2923 comite
1042 2856 1177 2944 adequi-

144 2954 210 3021 Μ
224 2962 442 3031 Frirnervatto
461 2965 594 3048 deinde,
615 2965 703 3028 unde
726 2965 847 3052 percipi
869 2986 931 3026 vox
951 2977 1095 3049 poterat,
1111 2961 1179 3024 «Te

143 3072 221 3124 “¹⁶¹0
236 3067 490 3159 imprudentem,
508 3071 553 3133 ait
570 3069 693 3158 Scipio,
716 3067 772 3153 qui
796 3066 898 3129 salute
916 3063 1043 3152 publica
1062 3061 1177 3149 despe-

139 3170 222 3242 ⁸³¹³,
237 3172 345 3235 saltem
362 3170 403 3235 de
420 3187 473 3235 tua
491 3194 558 3234 non
581 3170 717 3260 cogitas!
730 3199 743 3222 »
761 3185 832 3232 tum
846 3167 899 3230 ille
915 3190 922 3229 :
938 3163 1105 3253 «Ecquid,
1126 3165 1177 3226 in-

139 3259 227 3346 mun,
242 3273 348 3337 salutis
371 3296 440 3337 esse
460 3273 622 3360 reliquum
646 3287 769 3362 potest,
792 3268 954 3357 siquidem
974 3267 1177 3357 Carthaginis

136 3347 204 3424 ἸΨ
217 3368 347 3439 fortuna
362 3376 483 3439 salvum
501 3398 553 3439 mc
571 3392 721 3463 praestare
738 3373 868 3460 nequit,
880 3396 938 3436 vos
956 3394 974 3435 a
994 3393 1048 3434 me
1061 3385 1111 3433 tot
1128 3369 1176 3432 al-

131 3448 206 3526 ‘fml
222 3473 423 3541 detrimentis
441 3500 507 3540 non
527 3477 683 3542 voletis?»
700 3479 766 3540 «At
783 3498 860 3564 ego,
877 3472 996 3561 excipit
1008 3472 1126 3559 Scipio,
1150 3471 1176 3533 si

125 3568 239 3669 ‘fflffln
255 3578 349 3644 fidem
368 3580 529 3667 sequeris,
545 3602 612 3643 non
630 3577 729 3642 modo
746 3577 883 3641 salutem
903 3591 935 3639 et
953 3574 1098 3652 veniam,
1119 3571 1177 3635 sed

120 3666 226 3769 'Qut
246 3681 375 3766 gratiam
388 3680 570 3743 allemanis
581 3679 761 3767 spondeo.»
780 3677 827 3741 Ad
841 3676 1093 3741 haecPhamaeas:
1106 3704 1119 3728 α
1130 3673 1177 3737 Te

114 3761 495 3864 'wetuliomanorum
511 3781 660 3844 omnium
671 3779 746 3843 fidei
761 3779 1002 3842 tenacissimum
1017 3798 1086 3840 esse
1097 3798 1177 3864 prte-

108 3844 247 3941 ¹drqn,
261 3901 267 3944 :
282 3882 339 3947 sed
354 3899 461 3946 tamen
479 3880 708 3960 considerab03
728 3896 776 3960 et,
791 3902 894 3967 quum
913 3876 982 3942 lieri
1000 3899 1094 3965 posse
1113 3898 1174 3962 pu·

100 3957 260 4062 ’δ’θῑο,
272 3986 345 4048 faxo
361 3985 476 4048 scias.»
492 3985 545 4048 Sic
560 3984 592 4047 in
610 3983 777 4071 praesentia
793 3979 925 4069 quidem
942 3979 1128 4042 discessum.

210 4073 246 4140 1·
259 4086 300 4148 At
320 4085 489 4166 Manilius,
506 4102 544 4150 ut
560 4085 677 4173 prioris
701 4083 915 4173 expeditionis
932 4080 1072 4144 dedecus
1089 4100 1174 4141 novo

93 4156 263 4246 nummu
277 4186 503 4278 dispungeret,
522 4189 639 4252 iterum
661 4186 701 4251 ad
722 4186 888 4275 Nepherin
911 4197 1077 4268 castraque
1093 4182 1175 4245 llas·

93 4446 106 4459 ἡ
118 4392 360 4513 suiehffpphn'
369 4417 404 4430 -·
414 4392 466 4441 uv.
480 4392 545 4458 Epit.
556 4417 592 4429 ·-
602 4393 664 4443 Zeu.
674 4416 709 4427 -
722 4391 795 4438 Oros.
810 4390 855 4445 tt,
866 4402 909 4434 aa.
918 4383 978 4448 —S
991 4386 1050 4434 XX.
1063 4387 1170 4452 Appiam
