<?xml version="1.0" encoding="UTF-8"?>
<!DOCTYPE html PUBLIC "-//W3C//DTD XHTML 1.0 Transitional//EN"
    "http://www.w3.org/TR/xhtml1/DTD/xhtml1-transitional.dtd">
<html xmlns="http://www.w3.org/1999/xhtml" xml:lang="en" lang="en">
 <head>
  <title>
</title>
<meta http-equiv="Content-Type" content="text/html;charset=utf-8" />
  <meta name='ocr-system' content='tesseract 3.04.00' />
  <meta name='ocr-capabilities' content='ocr_page ocr_carea ocr_par ocr_line ocrx_word'/>
</head>
<body>
  <div class='ocr_page' id='page_1' title='image "./titusliviuspata00freigoog_0190.png"; bbox 0 0 2594 4980; ppageno 0'>
   <div class='ocr_carea' id='block_1_1' title="bbox 296 694 1164 797">
    <p class='ocr_par' dir='ltr' id='par_1_1' title="bbox 296 694 1164 797">
     <span class='ocr_line' id='line_1_1' title="bbox 296 694 1164 797; baseline 0.009 -34"><span class='ocrx_word' id='word_1_1' title='bbox 296 694 360 766; x_wconf 84' lang='lat' dir='ltr'><strong>m</strong></span> <span class='ocrx_word' id='word_1_2' title='bbox 387 694 501 764; x_wconf 78' lang='lat' dir='ltr'><strong>noc.</strong></span> <span class='ocrx_word' id='word_1_3' title='bbox 523 696 622 766; x_wconf 67' lang='lat' dir='ltr'><strong>tm:</strong></span> <span class='ocrx_word' id='word_1_4' title='bbox 642 697 715 764; x_wconf 79' lang='lat' dir='ltr'><strong>nn</strong></span> <span class='ocrx_word' id='word_1_5' title='bbox 747 701 960 770; x_wconf 76' lang='lat' dir='ltr'><strong>mvmm.</strong></span> <span class='ocrx_word' id='word_1_6' title='bbox 1100 725 1164 797; x_wconf 81' lang='lat'><strong>197</strong></span> 
     </span>
    </p>
   </div>
   <div class='ocr_carea' id='block_1_2' title="bbox 93 816 1290 3635">
    <p class='ocr_par' dir='ltr' id='par_1_2' title="bbox 107 816 1182 906">
     <span class='ocr_line' id='line_1_2' title="bbox 107 816 1182 906; baseline 0.007 -28"><span class='ocrx_word' id='word_1_7' title='bbox 107 830 209 902; x_wconf 78' lang='lat' dir='ltr'><strong>pugna</strong></span> <span class='ocrx_word' id='word_1_8' title='bbox 224 816 399 880; x_wconf 88' lang='lat' dir='ltr'><strong>commissa-</strong></span> <span class='ocrx_word' id='word_1_9' title='bbox 409 817 558 881; x_wconf 90' lang='lat' dir='ltr'><strong>vincitur.</strong></span> <span class='ocrx_word' id='word_1_10' title='bbox 573 818 736 883; x_wconf 87' lang='lat' dir='ltr'><strong>Diodotus</strong></span> <span class='ocrx_word' id='word_1_11' title='bbox 751 819 956 906; x_wconf 84' lang='lat' dir='ltr'><strong>elephantos,</strong></span> <span class='ocrx_word' id='word_1_12' title='bbox 970 835 1003 883; x_wconf 85' lang='lat' dir='ltr'><strong>et</strong></span> <span class='ocrx_word' id='word_1_13' title='bbox 1013 842 1088 885; x_wconf 85' lang='lat' dir='ltr'><strong>mox</strong></span> <span class='ocrx_word' id='word_1_14' title='bbox 1099 827 1182 888; x_wconf 87' lang='lat' dir='ltr'><strong>An·-</strong></span> 
     </span>
    </p>

    <p class='ocr_par' dir='ltr' id='par_1_3' title="bbox 110 914 1167 1009">
     <span class='ocr_line' id='line_1_3' title="bbox 110 914 1167 1009; baseline 0.009 -31"><span class='ocrx_word' id='word_1_15' title='bbox 110 914 256 980; x_wconf 79' lang='lat' dir='ltr'><strong>n&#39;ochiam</strong></span> <span class='ocrx_word' id='word_1_16' title='bbox 278 919 416 998; x_wconf 89' lang='lat' dir='ltr'><strong>urbem,</strong></span> <span class='ocrx_word' id='word_1_17' title='bbox 431 919 465 997; x_wconf 77' lang='lat' dir='ltr'><strong>in</strong></span> <span class='ocrx_word' id='word_1_18' title='bbox 486 935 677 1007; x_wconf 90' lang='lat' dir='ltr'><strong>potestatem</strong></span> <span class='ocrx_word' id='word_1_19' title='bbox 695 920 829 1009; x_wconf 80' lang='lat' dir='ltr'><strong>redigit3</strong></span> <span class='ocrx_word' id='word_1_20' title='bbox 850 936 966 1007; x_wconf 89' lang='lat' dir='ltr'><strong>sponte</strong></span> <span class='ocrx_word' id='word_1_21' title='bbox 986 922 1167 1009; x_wconf 89' lang='lat' dir='ltr'><strong>oppidano-</strong></span> 
     </span>
    </p>

    <p class='ocr_par' dir='ltr' id='par_1_4' title="bbox 114 1018 1168 1210">
     <span class='ocr_line' id='line_1_4' title="bbox 114 1018 1168 1109; baseline 0.009 -29"><span class='ocrx_word' id='word_1_22' title='bbox 114 1037 196 1099; x_wconf 87' lang='lat' dir='ltr'><strong>mm,</strong></span> <span class='ocrx_word' id='word_1_23' title='bbox 216 1018 337 1105; x_wconf 86' lang='lat' dir='ltr'><strong>quibus</strong></span> <span class='ocrx_word' id='word_1_24' title='bbox 353 1019 531 1084; x_wconf 81' lang='lat' dir='ltr'><strong>Antiochus</strong></span> <span class='ocrx_word' id='word_1_25' title='bbox 552 1021 753 1109; x_wconf 84' lang='lat' dir='ltr'><strong>Epiphanes,</strong></span> <span class='ocrx_word' id='word_1_26' title='bbox 775 1037 808 1085; x_wconf 88' lang='lat' dir='ltr'><strong>et</strong></span> <span class='ocrx_word' id='word_1_27' title='bbox 825 1022 882 1108; x_wconf 91' lang='lat' dir='ltr'><strong>qui</strong></span> <span class='ocrx_word' id='word_1_28' title='bbox 898 1021 939 1083; x_wconf 89' lang='lat' dir='ltr'><strong>ab</strong></span> <span class='ocrx_word' id='word_1_29' title='bbox 954 1044 993 1085; x_wconf 91' lang='lat' dir='ltr'><strong>eo</strong></span> <span class='ocrx_word' id='word_1_30' title='bbox 1006 1023 1168 1101; x_wconf 87' lang='lat' dir='ltr'><strong>jactabant</strong></span> 
     </span>
     <span class='ocr_line' id='line_1_5' title="bbox 119 1121 1167 1210; baseline 0.005 -27"><span class='ocrx_word' id='word_1_31' title='bbox 119 1136 221 1206; x_wconf 68' lang='lat' dir='ltr'><strong>geum,</strong></span> <span class='ocrx_word' id='word_1_32' title='bbox 235 1121 372 1184; x_wconf 89' lang='lat' dir='ltr'><strong>comiter</strong></span> <span class='ocrx_word' id='word_1_33' title='bbox 385 1121 597 1208; x_wconf 79' lang='lat' dir='ltr'><strong>praefuerant:</strong></span> <span class='ocrx_word' id='word_1_34' title='bbox 612 1124 795 1187; x_wconf 89' lang='lat' dir='ltr'><strong>Demetrius</strong></span> <span class='ocrx_word' id='word_1_35' title='bbox 808 1122 891 1210; x_wconf 86' lang='lat' dir='ltr'><strong>patri</strong></span> <span class='ocrx_word' id='word_1_36' title='bbox 901 1145 1027 1209; x_wconf 86' lang='lat' dir='ltr'><strong>avoque</strong></span> <span class='ocrx_word' id='word_1_37' title='bbox 1038 1124 1167 1208; x_wconf 88' lang='lat' dir='ltr'><strong>similis,</strong></span> 
     </span>
    </p>

    <p class='ocr_par' dir='ltr' id='par_1_5' title="bbox 93 1221 1290 1311">
     <span class='ocr_line' id='line_1_6' title="bbox 93 1221 1290 1311; baseline 0.005 -31"><span class='ocrx_word' id='word_1_38' title='bbox 93 1302 96 1309; x_wconf 92' lang='lat'>.</span> <span class='ocrx_word' id='word_1_39' title='bbox 121 1234 153 1281; x_wconf 89' lang='lat' dir='ltr'><strong>nt</strong></span> <span class='ocrx_word' id='word_1_40' title='bbox 161 1221 281 1309; x_wconf 88' lang='lat' dir='ltr'><strong>propria</strong></span> <span class='ocrx_word' id='word_1_41' title='bbox 291 1222 337 1285; x_wconf 93' lang='lat' dir='ltr'><strong>illi</strong></span> <span class='ocrx_word' id='word_1_42' title='bbox 349 1221 476 1287; x_wconf 83' lang='lat' dir='ltr'><strong>familiae</strong></span> <span class='ocrx_word' id='word_1_43' title='bbox 488 1224 637 1311; x_wconf 88' lang='lat' dir='ltr'><strong>superbia</strong></span> <span class='ocrx_word' id='word_1_44' title='bbox 651 1223 888 1310; x_wconf 85' lang='lat' dir='ltr'><strong>crudelitasque</strong></span> <span class='ocrx_word' id='word_1_45' title='bbox 898 1221 1077 1303; x_wconf 89' lang='lat' dir='ltr'><strong>videretur,</strong></span> <span class='ocrx_word' id='word_1_46' title='bbox 1091 1227 1169 1288; x_wconf 85' lang='lat' dir='ltr'><strong>elfe-</strong></span> <span class='ocrx_word' id='word_1_47' title='bbox 1288 1283 1290 1286; x_wconf 12' lang='grc' dir='ltr'><em>Α</em></span> 
     </span>
    </p>

    <p class='ocr_par' dir='ltr' id='par_1_6' title="bbox 93 1322 1168 1413">
     <span class='ocr_line' id='line_1_7' title="bbox 93 1322 1168 1413; baseline 0.007 -30"><span class='ocrx_word' id='word_1_48' title='bbox 93 1326 100 1395; x_wconf 78' lang='grc' dir='ltr'><strong>ζ.</strong></span> <span class='ocrx_word' id='word_1_49' title='bbox 127 1337 205 1385; x_wconf 84' lang='lat' dir='ltr'><strong>otrat.</strong></span> <span class='ocrx_word' id='word_1_50' title='bbox 219 1322 402 1388; x_wconf 87' lang='lat' dir='ltr'><strong>Demetrius</strong></span> <span class='ocrx_word' id='word_1_51' title='bbox 419 1348 522 1412; x_wconf 88' lang='lat' dir='ltr'><strong>quum</strong></span> <span class='ocrx_word' id='word_1_52' title='bbox 536 1325 725 1390; x_wconf 86' lang='lat' dir='ltr'><strong>Laodiceam</strong></span> <span class='ocrx_word' id='word_1_53' title='bbox 745 1324 954 1413; x_wconf 78' lang='lat' dir='ltr'><strong>perfugisset,</strong></span> <span class='ocrx_word' id='word_1_54' title='bbox 971 1345 1012 1386; x_wconf 92' lang='lat' dir='ltr'><strong>ne</strong></span> <span class='ocrx_word' id='word_1_55' title='bbox 1027 1323 1168 1390; x_wconf 90' lang='lat' dir='ltr'><strong>adversis</strong></span> 
     </span>
    </p>

    <p class='ocr_par' dir='ltr' id='par_1_7' title="bbox 93 1420 1164 1514">
     <span class='ocr_line' id='line_1_8' title="bbox 93 1420 1164 1514; baseline 0.004 -29"><span class='ocrx_word' id='word_1_56' title='bbox 93 1436 100 1505; x_wconf 54' lang='grc' dir='ltr'>ζ</span> <span class='ocrx_word' id='word_1_57' title='bbox 129 1420 234 1507; x_wconf 83' lang='lat' dir='ltr'><strong>quidem</strong></span> <span class='ocrx_word' id='word_1_58' title='bbox 244 1423 348 1488; x_wconf 79' lang='lat' dir='ltr'><strong>factus</strong></span> <span class='ocrx_word' id='word_1_59' title='bbox 363 1426 612 1514; x_wconf 80' lang='lat' dir='ltr'><strong>temperantior,</strong></span> <span class='ocrx_word' id='word_1_60' title='bbox 624 1450 683 1514; x_wconf 92' lang='lat' dir='ltr'><strong>per</strong></span> <span class='ocrx_word' id='word_1_61' title='bbox 692 1427 873 1513; x_wconf 88' lang='lat' dir='ltr'><strong>voluptates</strong></span> <span class='ocrx_word' id='word_1_62' title='bbox 886 1439 918 1487; x_wconf 93' lang='lat' dir='ltr'><strong>et</strong></span> <span class='ocrx_word' id='word_1_63' title='bbox 929 1446 1065 1488; x_wconf 87' lang='lat' dir='ltr'><strong>suorum</strong></span> <span class='ocrx_word' id='word_1_64' title='bbox 1077 1426 1164 1505; x_wconf 90' lang='lat' dir='ltr'><strong>inju-</strong></span> 
     </span>
    </p>

    <p class='ocr_par' dir='ltr' id='par_1_8' title="bbox 93 1519 1165 1615">
     <span class='ocr_line' id='line_1_9' title="bbox 93 1519 1165 1615; baseline 0.001 -30"><span class='ocrx_word' id='word_1_65' title='bbox 93 1534 102 1597; x_wconf 66' lang='grc' dir='ltr'>ὲ</span> <span class='ocrx_word' id='word_1_66' title='bbox 132 1519 189 1601; x_wconf 84' lang='lat' dir='ltr'><strong>tiu,</strong></span> <span class='ocrx_word' id='word_1_67' title='bbox 204 1523 382 1590; x_wconf 84' lang='lat' dir='ltr'><strong>luxuriosus</strong></span> <span class='ocrx_word' id='word_1_68' title='bbox 401 1527 496 1590; x_wconf 88' lang='lat' dir='ltr'><strong>simul</strong></span> <span class='ocrx_word' id='word_1_69' title='bbox 510 1543 543 1590; x_wconf 92' lang='lat' dir='ltr'><strong>et</strong></span> <span class='ocrx_word' id='word_1_70' title='bbox 555 1550 675 1608; x_wconf 88' lang='lat' dir='ltr'><strong>saevus,</strong></span> <span class='ocrx_word' id='word_1_71' title='bbox 690 1526 821 1615; x_wconf 84' lang='lat' dir='ltr'><strong>ingenio</strong></span> <span class='ocrx_word' id='word_1_72' title='bbox 835 1524 1083 1611; x_wconf 86' lang='lat' dir='ltr'><strong>obsequebatur.</strong></span> <span class='ocrx_word' id='word_1_73' title='bbox 1099 1576 1103 1585; x_wconf 94' lang='lat'>.</span> <span class='ocrx_word' id='word_1_74' title='bbox 1161 1568 1165 1577; x_wconf 82' lang='lat'><strong>·</strong></span> 
     </span>
    </p>

    <p class='ocr_par' dir='ltr' id='par_1_9' title="bbox 93 1622 1208 2623">
     <span class='ocr_line' id='line_1_10' title="bbox 93 1622 1166 1716; baseline 0.006 -32"><span class='ocrx_word' id='word_1_75' title='bbox 93 1624 108 1705; x_wconf 51' lang='lat' dir='ltr'><strong>q</strong></span> <span class='ocrx_word' id='word_1_76' title='bbox 136 1648 141 1655; x_wconf 92' lang='lat'><em>·</em></span> <span class='ocrx_word' id='word_1_77' title='bbox 164 1622 216 1686; x_wconf 80' lang='lat' dir='ltr'><strong>IN.</strong></span> <span class='ocrx_word' id='word_1_78' title='bbox 231 1624 360 1706; x_wconf 86' lang='lat' dir='ltr'><strong>Postea,</strong></span> <span class='ocrx_word' id='word_1_79' title='bbox 376 1649 478 1713; x_wconf 91' lang='lat' dir='ltr'><strong>quum</strong></span> <span class='ocrx_word' id='word_1_80' title='bbox 494 1627 540 1691; x_wconf 94' lang='lat' dir='ltr'><strong>ibi</strong></span> <span class='ocrx_word' id='word_1_81' title='bbox 556 1650 688 1716; x_wconf 87' lang='lat' dir='ltr'><strong>quoque</strong></span> <span class='ocrx_word' id='word_1_82' title='bbox 704 1643 813 1692; x_wconf 87' lang='lat' dir='ltr'><strong>tutum</strong></span> <span class='ocrx_word' id='word_1_83' title='bbox 828 1648 863 1688; x_wconf 89' lang='lat' dir='ltr'><strong>se</strong></span> <span class='ocrx_word' id='word_1_84' title='bbox 878 1624 1166 1713; x_wconf 83' lang='lat' dir='ltr'><strong>sore-desperaret,</strong></span> 
     </span>
     <span class='ocr_line' id='line_1_11' title="bbox 135 1719 1166 1816; baseline 0.01 -33"><span class='ocrx_word' id='word_1_85' title='bbox 135 1719 293 1788; x_wconf 82' lang='lat' dir='ltr'><strong>inCiliciam</strong></span> <span class='ocrx_word' id='word_1_86' title='bbox 308 1728 483 1809; x_wconf 73' lang='lat' dir='ltr'><strong>concessit,</strong></span> <span class='ocrx_word' id='word_1_87' title='bbox 502 1729 718 1816; x_wconf 82' lang='lat' dir='ltr'><strong>Seleuciaeque</strong></span> <span class='ocrx_word' id='word_1_88' title='bbox 732 1727 785 1815; x_wconf 90' lang='lat' dir='ltr'><strong>(ad</strong></span> <span class='ocrx_word' id='word_1_89' title='bbox 801 1726 1020 1814; x_wconf 86' lang='lat' dir='ltr'><strong>Calycadnum</strong></span> <span class='ocrx_word' id='word_1_90' title='bbox 1035 1751 1166 1793; x_wconf 91' lang='lat' dir='ltr'><strong>amnem</strong></span> 
     </span>
     <span class='ocr_line' id='line_1_12' title="bbox 136 1814 1166 1927; baseline 0.01 -42"><span class='ocrx_word' id='word_1_91' title='bbox 136 1819 253 1888; x_wconf 80' lang='lat' dir='ltr'><strong>titt-urbs</strong></span> <span class='ocrx_word' id='word_1_92' title='bbox 263 1826 330 1915; x_wconf 87' lang='lat' dir='ltr'><strong>est)</strong></span> <span class='ocrx_word' id='word_1_93' title='bbox 342 1814 528 1916; x_wconf 87' lang='lat' dir='ltr'><strong>aliquandiu</strong></span> <span class='ocrx_word' id='word_1_94' title='bbox 541 1831 659 1927; x_wconf 78' lang='lat' dir='ltr'><strong>regiam</strong></span> <span class='ocrx_word' id='word_1_95' title='bbox 669 1830 801 1893; x_wconf 88' lang='lat' dir='ltr'><strong>habuit:</strong></span> <span class='ocrx_word' id='word_1_96' title='bbox 815 1852 933 1916; x_wconf 90' lang='lat' dir='ltr'><strong>quum,</strong></span> <span class='ocrx_word' id='word_1_97' title='bbox 947 1829 1046 1893; x_wconf 89' lang='lat' dir='ltr'><strong>veluti</strong></span> <span class='ocrx_word' id='word_1_98' title='bbox 1058 1829 1166 1895; x_wconf 87' lang='lat' dir='ltr'><strong>divisis</strong></span> 
     </span>
     <span class='ocr_line' id='line_1_13' title="bbox 138 1917 1167 2019; baseline 0.009 -31"><span class='ocrx_word' id='word_1_99' title='bbox 138 1917 343 2014; x_wconf 65' lang='lat' dir='ltr'><strong>Symopibus,</strong></span> <span class='ocrx_word' id='word_1_100' title='bbox 351 1931 532 1995; x_wconf 83' lang='lat' dir='ltr'><strong>Antiochus</strong></span> <span class='ocrx_word' id='word_1_101' title='bbox 543 1953 625 2019; x_wconf 87' lang='lat' dir='ltr'><strong>puer</strong></span> <span class='ocrx_word' id='word_1_102' title='bbox 636 1954 712 1994; x_wconf 91' lang='lat' dir='ltr'><strong>cum</strong></span> <span class='ocrx_word' id='word_1_103' title='bbox 724 1947 831 1995; x_wconf 90' lang='lat' dir='ltr'><strong>tutore</strong></span> <span class='ocrx_word' id='word_1_104' title='bbox 840 1929 1167 1997; x_wconf 71' lang='lat' dir='ltr'><strong>Diodotohntiochiae</strong></span> 
     </span>
     <span class='ocr_line' id='line_1_14' title="bbox 138 2028 1166 2121; baseline 0.01 -33"><span class='ocrx_word' id='word_1_105' title='bbox 138 2038 260 2108; x_wconf 53' lang='lat' dir='ltr'><strong>mouet</strong></span> <span class='ocrx_word' id='word_1_106' title='bbox 280 2029 330 2091; x_wconf 90' lang='lat' dir='ltr'><strong>De</strong></span> <span class='ocrx_word' id='word_1_107' title='bbox 354 2028 406 2093; x_wconf 86' lang='lat' dir='ltr'><strong>his</strong></span> <span class='ocrx_word' id='word_1_108' title='bbox 428 2031 525 2095; x_wconf 86' lang='lat' dir='ltr'><strong>rebus</strong></span> <span class='ocrx_word' id='word_1_109' title='bbox 547 2033 667 2097; x_wconf 85' lang='lat' dir='ltr'><strong>crebroe</strong></span> <span class='ocrx_word' id='word_1_110' title='bbox 689 2031 797 2119; x_wconf 89' lang='lat' dir='ltr'><strong>perid</strong></span> <span class='ocrx_word' id='word_1_111' title='bbox 815 2049 940 2119; x_wconf 92' lang='lat' dir='ltr'><strong>tempus</strong></span> <span class='ocrx_word' id='word_1_112' title='bbox 957 2032 1166 2121; x_wconf 79' lang='lat' dir='ltr'><strong>legationesa</strong></span> 
     </span>
     <span class='ocr_line' id='line_1_15' title="bbox 140 2122 1168 2219; baseline 0.009 -30"><span class='ocrx_word' id='word_1_113' title='bbox 140 2122 236 2209; x_wconf 61' lang='lat' dir='ltr'><strong>tegibus</strong></span> <span class='ocrx_word' id='word_1_114' title='bbox 248 2128 493 2219; x_wconf 83' lang='lat' dir='ltr'><strong>civitatibusque</strong></span> <span class='ocrx_word' id='word_1_115' title='bbox 505 2134 585 2196; x_wconf 85' lang='lat' dir='ltr'><strong>Asiae</strong></span> <span class='ocrx_word' id='word_1_116' title='bbox 599 2135 736 2197; x_wconf 84' lang='lat' dir='ltr'><strong>Romam</strong></span> <span class='ocrx_word' id='word_1_117' title='bbox 750 2147 920 2196; x_wconf 90' lang='lat' dir='ltr'><strong>venerunt.</strong></span> <span class='ocrx_word' id='word_1_118' title='bbox 938 2133 1027 2194; x_wconf 88' lang='lat' dir='ltr'><strong>Inter</strong></span> <span class='ocrx_word' id='word_1_119' title='bbox 1039 2154 1122 2218; x_wconf 93' lang='lat' dir='ltr'><strong>quos</strong></span> <span class='ocrx_word' id='word_1_120' title='bbox 1135 2151 1168 2198; x_wconf 89' lang='lat' dir='ltr'><strong>et</strong></span> 
     </span>
     <span class='ocr_line' id='line_1_16' title="bbox 140 2217 1165 2323; baseline 0.013 -36"><span class='ocrx_word' id='word_1_121' title='bbox 140 2217 359 2310; x_wconf 79' lang='lat' dir='ltr'><strong>tblonathane,</strong></span> <span class='ocrx_word' id='word_1_122' title='bbox 376 2232 561 2298; x_wconf 74' lang='lat' dir='ltr'><strong>Iudaeorum</strong></span> <span class='ocrx_word' id='word_1_123' title='bbox 580 2236 743 2323; x_wconf 88' lang='lat' dir='ltr'><strong>principe,</strong></span> <span class='ocrx_word' id='word_1_124' title='bbox 762 2233 893 2322; x_wconf 88' lang='lat' dir='ltr'><strong>quidam</strong></span> <span class='ocrx_word' id='word_1_125' title='bbox 912 2234 1020 2314; x_wconf 88' lang='lat' dir='ltr'><strong>missi,</strong></span> <span class='ocrx_word' id='word_1_126' title='bbox 1039 2235 1165 2317; x_wconf 87' lang='lat' dir='ltr'><strong>foedus,</strong></span> 
     </span>
     <span class='ocr_line' id='line_1_17' title="bbox 140 2324 1165 2425; baseline 0.006 -31"><span class='ocrx_word' id='word_1_127' title='bbox 140 2324 344 2418; x_wconf 72' lang='lat' dir='ltr'><strong>nodpopulus</strong></span> <span class='ocrx_word' id='word_1_128' title='bbox 359 2356 512 2400; x_wconf 85' lang='lat' dir='ltr'><strong>romanus</strong></span> <span class='ocrx_word' id='word_1_129' title='bbox 529 2359 604 2400; x_wconf 92' lang='lat' dir='ltr'><strong>cum</strong></span> <span class='ocrx_word' id='word_1_130' title='bbox 622 2337 718 2401; x_wconf 85' lang='lat' dir='ltr'><strong>fratre</strong></span> <span class='ocrx_word' id='word_1_131' title='bbox 733 2335 921 2401; x_wconf 84' lang='lat' dir='ltr'><strong>Ionathanis</strong></span> <span class='ocrx_word' id='word_1_132' title='bbox 935 2333 1018 2399; x_wconf 80' lang='lat' dir='ltr'><strong>luda</strong></span> <span class='ocrx_word' id='word_1_133' title='bbox 1033 2336 1165 2425; x_wconf 64' lang='lat' dir='ltr'><strong>pepige4</strong></span> 
     </span>
     <span class='ocr_line' id='line_1_18' title="bbox 140 2435 1208 2525; baseline 0.009 -34"><span class='ocrx_word' id='word_1_134' title='bbox 140 2436 187 2502; x_wconf 70' lang='lat' dir='ltr'><strong>m,</strong></span> <span class='ocrx_word' id='word_1_135' title='bbox 198 2448 390 2499; x_wconf 78' lang='lat' dir='ltr'><strong>renovarunt.</strong></span> <span class='ocrx_word' id='word_1_136' title='bbox 404 2435 542 2525; x_wconf 84' lang='lat' dir='ltr'><strong>Magnus</strong></span> <span class='ocrx_word' id='word_1_137' title='bbox 557 2438 609 2505; x_wconf 89' lang='lat' dir='ltr'><strong>hic</strong></span> <span class='ocrx_word' id='word_1_138' title='bbox 623 2439 672 2502; x_wconf 90' lang='lat' dir='ltr'><strong>vir</strong></span> <span class='ocrx_word' id='word_1_139' title='bbox 687 2454 721 2501; x_wconf 90' lang='lat' dir='ltr'><strong>et</strong></span> <span class='ocrx_word' id='word_1_140' title='bbox 733 2437 913 2502; x_wconf 89' lang='lat' dir='ltr'><strong>industrius</strong></span> <span class='ocrx_word' id='word_1_141' title='bbox 930 2436 1125 2518; x_wconf 82' lang='lat' dir='ltr'><strong>habebatur,</strong></span> <span class='ocrx_word' id='word_1_142' title='bbox 1135 2454 1167 2502; x_wconf 91' lang='lat' dir='ltr'><strong>et</strong></span> <span class='ocrx_word' id='word_1_143' title='bbox 1205 2456 1208 2463; x_wconf 89' lang='grc'><strong><em>·</em></strong></span> 
     </span>
     <span class='ocr_line' id='line_1_19' title="bbox 140 2517 1166 2623; baseline 0.005 -27"><span class='ocrx_word' id='word_1_144' title='bbox 140 2517 294 2619; x_wconf 66' lang='lat' dir='ltr'><strong>lunquoque</strong></span> <span class='ocrx_word' id='word_1_145' title='bbox 303 2533 405 2616; x_wconf 90' lang='lat' dir='ltr'><strong>bello,</strong></span> <span class='ocrx_word' id='word_1_146' title='bbox 419 2560 537 2623; x_wconf 89' lang='lat' dir='ltr'><strong>quum,</strong></span> <span class='ocrx_word' id='word_1_147' title='bbox 550 2538 675 2618; x_wconf 87' lang='lat' dir='ltr'><strong>injuriis</strong></span> <span class='ocrx_word' id='word_1_148' title='bbox 691 2539 845 2602; x_wconf 84' lang='lat' dir='ltr'><strong>Demetrii</strong></span> <span class='ocrx_word' id='word_1_149' title='bbox 855 2553 1001 2615; x_wconf 89' lang='lat' dir='ltr'><strong>coactus,</strong></span> <span class='ocrx_word' id='word_1_150' title='bbox 1015 2560 1091 2601; x_wconf 88' lang='lat' dir='ltr'><strong>cum</strong></span> <span class='ocrx_word' id='word_1_151' title='bbox 1104 2537 1166 2601; x_wconf 79' lang='lat' dir='ltr'><strong>lto·</strong></span> 
     </span>
    </p>

    <p class='ocr_par' dir='ltr' id='par_1_10' title="bbox 142 2621 1166 2727">
     <span class='ocr_line' id='line_1_20' title="bbox 142 2621 1166 2727; baseline 0.003 -29"><span class='ocrx_word' id='word_1_152' title='bbox 142 2621 214 2690; x_wconf 68' lang='lat' dir='ltr'><strong>‘illut</strong></span> <span class='ocrx_word' id='word_1_153' title='bbox 222 2633 283 2713; x_wconf 77' lang='lat' dir='ltr'><strong>ejus</strong></span> <span class='ocrx_word' id='word_1_154' title='bbox 297 2637 481 2701; x_wconf 88' lang='lat' dir='ltr'><strong>societatem</strong></span> <span class='ocrx_word' id='word_1_155' title='bbox 498 2639 658 2720; x_wconf 89' lang='lat' dir='ltr'><strong>inivisset,</strong></span> <span class='ocrx_word' id='word_1_156' title='bbox 672 2662 789 2727; x_wconf 85' lang='lat' dir='ltr'><strong>magna</strong></span> <span class='ocrx_word' id='word_1_157' title='bbox 803 2640 848 2702; x_wconf 91' lang='lat' dir='ltr'><strong>illi</strong></span> <span class='ocrx_word' id='word_1_158' title='bbox 862 2638 980 2702; x_wconf 88' lang='lat' dir='ltr'><strong>damna</strong></span> <span class='ocrx_word' id='word_1_159' title='bbox 996 2638 1166 2719; x_wconf 87' lang='lat' dir='ltr'><strong>intulerat,</strong></span> 
     </span>
    </p>

    <p class='ocr_par' dir='ltr' id='par_1_11' title="bbox 100 2729 1251 2987">
     <span class='ocr_line' id='line_1_21' title="bbox 100 2729 1166 2827; baseline 0.004 -30"><span class='ocrx_word' id='word_1_160' title='bbox 100 2776 104 2783; x_wconf 85' lang='lat'>·</span> <span class='ocrx_word' id='word_1_161' title='bbox 142 2729 274 2812; x_wconf 57' lang='lat' dir='ltr'><strong>*Ptfttsis</strong></span> <span class='ocrx_word' id='word_1_162' title='bbox 290 2738 386 2826; x_wconf 82' lang='lat' dir='ltr'><strong>regiis</strong></span> <span class='ocrx_word' id='word_1_163' title='bbox 401 2740 610 2825; x_wconf 79' lang='lat' dir='ltr'><strong>praetoribus,</strong></span> <span class='ocrx_word' id='word_1_164' title='bbox 628 2756 660 2802; x_wconf 91' lang='lat' dir='ltr'><strong>et</strong></span> <span class='ocrx_word' id='word_1_165' title='bbox 673 2755 790 2827; x_wconf 84' lang='lat' dir='ltr'><strong>praeter</strong></span> <span class='ocrx_word' id='word_1_166' title='bbox 806 2739 1010 2818; x_wconf 80' lang='lat' dir='ltr'><strong>Ascalonem,</strong></span> <span class='ocrx_word' id='word_1_167' title='bbox 1030 2738 1166 2820; x_wconf 84' lang='lat' dir='ltr'><strong>Gazam,</strong></span> 
     </span>
     <span class='ocr_line' id='line_1_22' title="bbox 141 2818 1251 2987; baseline 0.005 -89"><span class='ocrx_word' id='word_1_168' title='bbox 141 2818 313 2987; x_wconf 55' lang='lat' dir='ltr'><strong>illamam,</strong></span> <span class='ocrx_word' id='word_1_169' title='bbox 335 2839 549 2903; x_wconf 84' lang='lat' dir='ltr'><strong>nobilissimas</strong></span> <span class='ocrx_word' id='word_1_170' title='bbox 568 2840 683 2921; x_wconf 87' lang='lat' dir='ltr'><strong>urbes,</strong></span> <span class='ocrx_word' id='word_1_171' title='bbox 707 2842 859 2927; x_wconf 87' lang='lat' dir='ltr'><strong>pleraque</strong></span> <span class='ocrx_word' id='word_1_172' title='bbox 881 2840 1052 2903; x_wconf 86' lang='lat' dir='ltr'><strong>Pboeniciae</strong></span> <span class='ocrx_word' id='word_1_173' title='bbox 1076 2855 1166 2927; x_wconf 88' lang='lat' dir='ltr'><strong>parte</strong></span> <span class='ocrx_word' id='word_1_174' title='bbox 1246 2843 1251 2852; x_wconf 87' lang='grc'><strong><em>’</em></strong></span> 
     </span>
    </p>

    <p class='ocr_par' dir='ltr' id='par_1_12' title="bbox 181 2941 268 3000">
     <span class='ocr_line' id='line_1_23' title="bbox 181 2941 268 3000; baseline 0.069 -6"><span class='ocrx_word' id='word_1_175' title='bbox 181 2941 268 3000; x_wconf 82' lang='lat' dir='ltr'><strong>tracta.</strong></span> 
     </span>
    </p>

    <p class='ocr_par' dir='ltr' id='par_1_13' title="bbox 93 3025 1166 3128">
     <span class='ocr_line' id='line_1_24' title="bbox 93 3025 1166 3128; baseline 0.007 -33"><span class='ocrx_word' id='word_1_176' title='bbox 93 3032 95 3089; x_wconf 76' lang='grc' dir='ltr'>ἱ</span> <span class='ocrx_word' id='word_1_177' title='bbox 170 3025 231 3097; x_wconf 74' lang='lat' dir='ltr'><strong>llll.</strong></span> <span class='ocrx_word' id='word_1_178' title='bbox 242 3039 324 3103; x_wconf 90' lang='lat' dir='ltr'><strong>Dum</strong></span> <span class='ocrx_word' id='word_1_179' title='bbox 336 3038 406 3102; x_wconf 85' lang='lat' dir='ltr'><strong>haeo</strong></span> <span class='ocrx_word' id='word_1_180' title='bbox 420 3041 451 3102; x_wconf 93' lang='lat' dir='ltr'><strong>in</strong></span> <span class='ocrx_word' id='word_1_181' title='bbox 463 3042 554 3128; x_wconf 83' lang='lat' dir='ltr'><strong>Syria</strong></span> <span class='ocrx_word' id='word_1_182' title='bbox 563 3056 741 3128; x_wconf 85' lang='lat' dir='ltr'><strong>geruntur,</strong></span> <span class='ocrx_word' id='word_1_183' title='bbox 755 3043 790 3104; x_wconf 91' lang='lat' dir='ltr'><strong>L.</strong></span> <span class='ocrx_word' id='word_1_184' title='bbox 801 3039 999 3113; x_wconf 86' lang='lat' dir='ltr'><strong>Mummius,</strong></span> <span class='ocrx_word' id='word_1_185' title='bbox 1013 3037 1166 3126; x_wconf 79' lang='lat' dir='ltr'><strong>profectis</strong></span> 
     </span>
    </p>

    <p class='ocr_par' dir='ltr' id='par_1_14' title="bbox 93 3131 1167 3237">
     <span class='ocr_line' id='line_1_25' title="bbox 93 3131 1167 3237; baseline 0.005 -39"><span class='ocrx_word' id='word_1_186' title='bbox 93 3152 98 3237; x_wconf 54' lang='grc' dir='ltr'>ξ</span> <span class='ocrx_word' id='word_1_187' title='bbox 142 3143 169 3186; x_wconf 73' lang='lat'><strong>⁸¹</strong></span> <span class='ocrx_word' id='word_1_188' title='bbox 181 3131 275 3201; x_wconf 73' lang='lat' dir='ltr'><strong>Achaia</strong></span> <span class='ocrx_word' id='word_1_189' title='bbox 296 3139 424 3227; x_wconf 81' lang='lat' dir='ltr'><strong>legatis,</strong></span> <span class='ocrx_word' id='word_1_190' title='bbox 445 3140 552 3205; x_wconf 90' lang='lat' dir='ltr'><strong>donec</strong></span> <span class='ocrx_word' id='word_1_191' title='bbox 567 3163 705 3228; x_wconf 76' lang='lat' dir='ltr'><strong>praesens</strong></span> <span class='ocrx_word' id='word_1_192' title='bbox 728 3157 827 3205; x_wconf 83' lang='lat' dir='ltr'><strong>status</strong></span> <span class='ocrx_word' id='word_1_193' title='bbox 845 3138 1056 3219; x_wconf 86' lang='lat' dir='ltr'><strong>coalesceret,</strong></span> <span class='ocrx_word' id='word_1_194' title='bbox 1070 3139 1167 3203; x_wconf 89' lang='lat' dir='ltr'><strong>simul</strong></span> 
     </span>
    </p>

    <p class='ocr_par' dir='ltr' id='par_1_15' title="bbox 93 3229 1169 3306">
     <span class='ocr_line' id='line_1_26' title="bbox 93 3229 1169 3306; baseline 0.007 -8"><span class='ocrx_word' id='word_1_195' title='bbox 93 3246 95 3251; x_wconf 86' lang='lat'>&#39;</span> <span class='ocrx_word' id='word_1_196' title='bbox 142 3241 170 3286; x_wconf 64' lang='grc' dir='ltr'><strong>Μ</strong></span> <span class='ocrx_word' id='word_1_197' title='bbox 180 3229 243 3300; x_wconf 80' lang='lat' dir='ltr'><strong>lone</strong></span> <span class='ocrx_word' id='word_1_198' title='bbox 264 3239 408 3303; x_wconf 88' lang='lat' dir='ltr'><strong>motibus</strong></span> <span class='ocrx_word' id='word_1_199' title='bbox 424 3241 566 3304; x_wconf 91' lang='lat' dir='ltr'><strong>Orientis</strong></span> <span class='ocrx_word' id='word_1_200' title='bbox 583 3264 696 3306; x_wconf 89' lang='lat' dir='ltr'><strong>recens</strong></span> <span class='ocrx_word' id='word_1_201' title='bbox 716 3241 854 3306; x_wconf 86' lang='lat' dir='ltr'><strong>stabilita</strong></span> <span class='ocrx_word' id='word_1_202' title='bbox 871 3239 1001 3304; x_wconf 84' lang='lat' dir='ltr'><strong>Graeciae</strong></span> <span class='ocrx_word' id='word_1_203' title='bbox 1017 3241 1169 3306; x_wconf 88' lang='lat' dir='ltr'><strong>Macedo·</strong></span> 
     </span>
    </p>

    <p class='ocr_par' dir='ltr' id='par_1_16' title="bbox 93 3323 1168 3431">
     <span class='ocr_line' id='line_1_27' title="bbox 93 3340 1168 3431; baseline 0.006 -29"><span class='ocrx_word' id='word_1_204' title='bbox 93 3350 97 3425; x_wconf 61' lang='lat' dir='ltr'>J</span> <span class='ocrx_word' id='word_1_205' title='bbox 141 3343 230 3418; x_wconf 72' lang='lat' dir='ltr'><strong>¹¹¹qu</strong></span> <span class='ocrx_word' id='word_1_206' title='bbox 242 3361 301 3426; x_wconf 84' lang='lat' dir='ltr'><strong>pax</strong></span> <span class='ocrx_word' id='word_1_207' title='bbox 315 3340 556 3419; x_wconf 85' lang='lat' dir='ltr'><strong>sollicitaretur,</strong></span> <span class='ocrx_word' id='word_1_208' title='bbox 574 3344 807 3431; x_wconf 88' lang='lat' dir='ltr'><strong>aliquantisper</strong></span> <span class='ocrx_word' id='word_1_209' title='bbox 821 3342 984 3406; x_wconf 89' lang='lat' dir='ltr'><strong>substitit:</strong></span> <span class='ocrx_word' id='word_1_210' title='bbox 1003 3365 1070 3430; x_wconf 93' lang='lat' dir='ltr'><strong>quo</strong></span> <span class='ocrx_word' id='word_1_211' title='bbox 1084 3360 1168 3408; x_wconf 88' lang='lat' dir='ltr'><strong>tem·</strong></span> 
     </span>
    </p>

    <p class='ocr_par' dir='ltr' id='par_1_17' title="bbox 93 3441 1167 3528">
     <span class='ocr_line' id='line_1_28' title="bbox 93 3441 1167 3528; baseline 0.003 -21"><span class='ocrx_word' id='word_1_212' title='bbox 93 3494 95 3499; x_wconf 91' lang='lat'><em>.</em></span> <span class='ocrx_word' id='word_1_213' title='bbox 140 3441 196 3507; x_wconf 70' lang='lat' dir='ltr'><strong>P⁰ft</strong></span> <span class='ocrx_word' id='word_1_214' title='bbox 210 3454 237 3503; x_wconf 82' lang='lat' dir='ltr'><strong>et</strong></span> <span class='ocrx_word' id='word_1_215' title='bbox 249 3441 341 3528; x_wconf 92' lang='lat' dir='ltr'><strong>quod</strong></span> <span class='ocrx_word' id='word_1_216' title='bbox 356 3443 389 3506; x_wconf 92' lang='lat' dir='ltr'><strong>in</strong></span> <span class='ocrx_word' id='word_1_217' title='bbox 408 3444 533 3508; x_wconf 89' lang='lat' dir='ltr'><strong>lsthmo</strong></span> <span class='ocrx_word' id='word_1_218' title='bbox 550 3444 723 3510; x_wconf 91' lang='lat' dir='ltr'><strong>delubrum</strong></span> <span class='ocrx_word' id='word_1_219' title='bbox 742 3462 806 3527; x_wconf 90' lang='lat' dir='ltr'><strong>est,</strong></span> <span class='ocrx_word' id='word_1_220' title='bbox 824 3445 1028 3521; x_wconf 86' lang='lat' dir='ltr'><strong>instauravit,</strong></span> <span class='ocrx_word' id='word_1_221' title='bbox 1044 3463 1077 3509; x_wconf 93' lang='lat' dir='ltr'><strong>et</strong></span> <span class='ocrx_word' id='word_1_222' title='bbox 1098 3445 1167 3510; x_wconf 78' lang='lat' dir='ltr'><strong>del-</strong></span> 
     </span>
    </p>

    <p class='ocr_par' dir='ltr' id='par_1_18' title="bbox 93 3523 1169 3635">
     <span class='ocr_line' id='line_1_29' title="bbox 93 3523 1169 3635; baseline 0.001 -27"><span class='ocrx_word' id='word_1_223' title='bbox 93 3624 95 3635; x_wconf 37' lang='grc' dir='ltr'>Ι</span> <span class='ocrx_word' id='word_1_224' title='bbox 140 3523 236 3608; x_wconf 64' lang='lat' dir='ltr'><strong>phem</strong></span> <span class='ocrx_word' id='word_1_225' title='bbox 253 3542 411 3630; x_wconf 88' lang='lat' dir='ltr'><strong>templum</strong></span> <span class='ocrx_word' id='word_1_226' title='bbox 431 3547 574 3626; x_wconf 87' lang='lat' dir='ltr'><strong>ornavit,</strong></span> <span class='ocrx_word' id='word_1_227' title='bbox 591 3548 686 3610; x_wconf 88' lang='lat' dir='ltr'><strong>etiam</strong></span> <span class='ocrx_word' id='word_1_228' title='bbox 707 3548 865 3635; x_wconf 79' lang='lat' dir='ltr'><strong>Olympiae</strong></span> <span class='ocrx_word' id='word_1_229' title='bbox 886 3547 1000 3610; x_wconf 83' lang='lat' dir='ltr'><strong>lovem</strong></span> <span class='ocrx_word' id='word_1_230' title='bbox 1022 3569 1169 3629; x_wconf 81' lang='lat' dir='ltr'><strong>aeneum,</strong></span> 
     </span>
    </p>
   </div>
   <div class='ocr_carea' id='block_1_3' title="bbox 93 3621 1186 4140">
    <p class='ocr_par' dir='ltr' id='par_1_19' title="bbox 93 3621 1186 4140">
     <span class='ocr_line' id='line_1_30' title="bbox 140 3621 1168 3737; baseline 0.005 -32"><span class='ocrx_word' id='word_1_231' title='bbox 140 3621 246 3726; x_wconf 63' lang='lat' dir='ltr'><strong>itemque</strong></span> <span class='ocrx_word' id='word_1_232' title='bbox 269 3645 398 3732; x_wconf 82' lang='lat' dir='ltr'><strong>clypeos</strong></span> <span class='ocrx_word' id='word_1_233' title='bbox 420 3647 584 3711; x_wconf 91' lang='lat' dir='ltr'><strong>inauratos</strong></span> <span class='ocrx_word' id='word_1_234' title='bbox 608 3672 711 3713; x_wconf 91' lang='lat' dir='ltr'><strong>unum</strong></span> <span class='ocrx_word' id='word_1_235' title='bbox 738 3665 770 3712; x_wconf 92' lang='lat' dir='ltr'><strong>et</strong></span> <span class='ocrx_word' id='word_1_236' title='bbox 789 3649 923 3737; x_wconf 85' lang='lat' dir='ltr'><strong>viginti,</strong></span> <span class='ocrx_word' id='word_1_237' title='bbox 943 3646 984 3710; x_wconf 92' lang='lat' dir='ltr'><strong>de</strong></span> <span class='ocrx_word' id='word_1_238' title='bbox 1007 3648 1168 3712; x_wconf 89' lang='lat' dir='ltr'><strong>manubiis</strong></span> 
     </span>
     <span class='ocr_line' id='line_1_31' title="bbox 93 3723 1186 3835; baseline 0.005 -31"><span class='ocrx_word' id='word_1_239' title='bbox 93 3824 100 3833; x_wconf 26' lang='grc' dir='ltr'>ι</span> <span class='ocrx_word' id='word_1_240' title='bbox 140 3723 293 3808; x_wconf 64' lang='lat' dir='ltr'><strong>Aelicitam</strong></span> <span class='ocrx_word' id='word_1_241' title='bbox 310 3745 470 3810; x_wconf 86' lang='lat' dir='ltr'><strong>dedicavit</strong></span> <span class='ocrx_word' id='word_1_242' title='bbox 487 3750 610 3835; x_wconf 85' lang='lat' dir='ltr'><strong>primus</strong></span> <span class='ocrx_word' id='word_1_243' title='bbox 627 3752 871 3828; x_wconf 81' lang='lat' dir='ltr'><strong>Romanorum3</strong></span> <span class='ocrx_word' id='word_1_244' title='bbox 893 3769 967 3811; x_wconf 88' lang='lat' dir='ltr'><strong>nam</strong></span> <span class='ocrx_word' id='word_1_245' title='bbox 984 3762 1060 3810; x_wconf 89' lang='lat' dir='ltr'><strong>ante</strong></span> <span class='ocrx_word' id='word_1_246' title='bbox 1076 3747 1186 3810; x_wconf 77' lang='lat' dir='ltr'><strong>illum,</strong></span> 
     </span>
     <span class='ocr_line' id='line_1_32' title="bbox 140 3819 1168 3936; baseline 0.005 -31"><span class='ocrx_word' id='word_1_247' title='bbox 140 3819 231 3905; x_wconf 68' lang='lat' dir='ltr'><strong>‘l’ssttn</strong></span> <span class='ocrx_word' id='word_1_248' title='bbox 243 3845 276 3907; x_wconf 91' lang='lat' dir='ltr'><strong>in</strong></span> <span class='ocrx_word' id='word_1_249' title='bbox 289 3846 399 3934; x_wconf 88' lang='lat' dir='ltr'><strong>aliquo</strong></span> <span class='ocrx_word' id='word_1_250' title='bbox 414 3848 544 3915; x_wconf 83' lang='lat' dir='ltr'><strong>Graeciae</strong></span> <span class='ocrx_word' id='word_1_251' title='bbox 557 3852 633 3914; x_wconf 85' lang='lat' dir='ltr'><strong>fano</strong></span> <span class='ocrx_word' id='word_1_252' title='bbox 647 3853 813 3914; x_wconf 88' lang='lat' dir='ltr'><strong>Romanus</strong></span> <span class='ocrx_word' id='word_1_253' title='bbox 826 3871 930 3912; x_wconf 51' lang='lat' dir='ltr'><strong>¹nemo</strong></span> <span class='ocrx_word' id='word_1_254' title='bbox 949 3847 1097 3936; x_wconf 89' lang='lat' dir='ltr'><strong>privatim</strong></span> <span class='ocrx_word' id='word_1_255' title='bbox 1108 3869 1168 3932; x_wconf 78' lang='lat' dir='ltr'><strong>po-</strong></span> 
     </span>
     <span class='ocr_line' id='line_1_33' title="bbox 140 3943 1168 4040; baseline 0.001 -33"><span class='ocrx_word' id='word_1_256' title='bbox 140 3943 225 4038; x_wconf 57' lang='lat' dir='ltr'><strong>llent</strong></span> <span class='ocrx_word' id='word_1_257' title='bbox 238 3946 354 4011; x_wconf 89' lang='lat' dir='ltr'><strong>Postea</strong></span> <span class='ocrx_word' id='word_1_258' title='bbox 371 3950 513 4014; x_wconf 88' lang='lat' dir='ltr'><strong>civitates</strong></span> <span class='ocrx_word' id='word_1_259' title='bbox 530 3952 699 4040; x_wconf 91' lang='lat' dir='ltr'><strong>plerasque</strong></span> <span class='ocrx_word' id='word_1_260' title='bbox 719 3950 892 4031; x_wconf 90' lang='lat' dir='ltr'><strong>obeundo,</strong></span> <span class='ocrx_word' id='word_1_261' title='bbox 911 3949 1077 4036; x_wconf 83' lang='lat' dir='ltr'><strong>exquisitis</strong></span> <span class='ocrx_word' id='word_1_262' title='bbox 1093 3945 1168 4009; x_wconf 91' lang='lat' dir='ltr'><strong>ubi·</strong></span> 
     </span>
     <span class='ocr_line' id='line_1_34' title="bbox 140 4039 1168 4140; baseline 0 -31"><span class='ocrx_word' id='word_1_263' title='bbox 140 4045 185 4110; x_wconf 67' lang='lat' dir='ltr'><strong>‘l&#39;le</strong></span> <span class='ocrx_word' id='word_1_264' title='bbox 191 4039 359 4120; x_wconf 78' lang='lat' dir='ltr'><strong>honoribus</strong></span> <span class='ocrx_word' id='word_1_265' title='bbox 371 4069 526 4140; x_wconf 78' lang='lat' dir='ltr'><strong>exceptus</strong></span> <span class='ocrx_word' id='word_1_266' title='bbox 541 4071 598 4119; x_wconf 87' lang='lat' dir='ltr'><strong>cst.</strong></span> <span class='ocrx_word' id='word_1_267' title='bbox 608 4054 771 4117; x_wconf 86' lang='lat' dir='ltr'><strong>Meruerat</strong></span> <span class='ocrx_word' id='word_1_268' title='bbox 783 4053 870 4116; x_wconf 87' lang='lat' dir='ltr'><strong>enirn</strong></span> <span class='ocrx_word' id='word_1_269' title='bbox 885 4052 947 4116; x_wconf 92' lang='lat' dir='ltr'><strong>coli</strong></span> <span class='ocrx_word' id='word_1_270' title='bbox 958 4072 1026 4115; x_wconf 90' lang='lat' dir='ltr'><strong>non</strong></span> <span class='ocrx_word' id='word_1_271' title='bbox 1041 4047 1168 4111; x_wconf 89' lang='lat' dir='ltr'><strong>tantum</strong></span> 
     </span>
    </p>
   </div>
   <div class='ocr_carea' id='block_1_4' title="bbox 139 4253 1166 4500">
    <p class='ocr_par' dir='ltr' id='par_1_20' title="bbox 139 4253 1166 4500">
     <span class='ocr_line' id='line_1_35' title="bbox 162 4253 1166 4345; baseline 0.001 -21"><span class='ocrx_word' id='word_1_272' title='bbox 162 4253 237 4320; x_wconf 69' lang='lat' dir='ltr'><strong>lut.</strong></span> <span class='ocrx_word' id='word_1_273' title='bbox 249 4276 302 4325; x_wconf 74' lang='lat' dir='ltr'><strong>nv.</strong></span> <span class='ocrx_word' id='word_1_274' title='bbox 313 4277 424 4342; x_wconf 69' lang='lat' dir='ltr'><strong>epte-</strong></span> <span class='ocrx_word' id='word_1_275' title='bbox 437 4279 696 4345; x_wconf 60' lang='lat' dir='ltr'><strong>raupa-moror.</strong></span> <span class='ocrx_word' id='word_1_276' title='bbox 706 4280 864 4329; x_wconf 70' lang='lat' dir='ltr'><strong>-nncum</strong></span> <span class='ocrx_word' id='word_1_277' title='bbox 879 4277 942 4342; x_wconf 79' lang='lat' dir='ltr'><strong>-s</strong></span> <span class='ocrx_word' id='word_1_278' title='bbox 957 4278 1007 4324; x_wconf 78' lang='lat' dir='ltr'><strong>tv.</strong></span> <span class='ocrx_word' id='word_1_279' title='bbox 1026 4276 1079 4324; x_wconf 74' lang='lat' dir='ltr'><strong>mv.</strong></span> <span class='ocrx_word' id='word_1_280' title='bbox 1095 4276 1166 4341; x_wconf 76' lang='lat' dir='ltr'><strong>epu.</strong></span> 
     </span>
     <span class='ocr_line' id='line_1_36' title="bbox 139 4341 1144 4430; baseline -0.003 -21"><span class='ocrx_word' id='word_1_281' title='bbox 139 4341 239 4402; x_wconf 48' lang='lat' dir='ltr'><strong>&#39;&#39;hb-</strong></span> <span class='ocrx_word' id='word_1_282' title='bbox 252 4359 373 4410; x_wconf 73' lang='lat' dir='ltr'><strong>-snau</strong></span> <span class='ocrx_word' id='word_1_283' title='bbox 381 4360 425 4411; x_wconf 81' lang='lat' dir='ltr'><strong>llb-</strong></span> <span class='ocrx_word' id='word_1_284' title='bbox 435 4364 505 4422; x_wconf 76' lang='lat' dir='ltr'><strong>m,</strong></span> <span class='ocrx_word' id='word_1_285' title='bbox 517 4379 573 4430; x_wconf 76' lang='lat' dir='ltr'><strong>pag.</strong></span> <span class='ocrx_word' id='word_1_286' title='bbox 584 4365 637 4426; x_wconf 68' lang='lat'><strong>670</strong></span> <span class='ocrx_word' id='word_1_287' title='bbox 647 4364 746 4426; x_wconf 80' lang='lat' dir='ltr'><strong>et671‚</strong></span> <span class='ocrx_word' id='word_1_288' title='bbox 760 4364 799 4414; x_wconf 74' lang='lat' dir='ltr'><strong>ed</strong></span> <span class='ocrx_word' id='word_1_289' title='bbox 809 4361 947 4416; x_wconf 77' lang='lat' dir='ltr'><strong>casaubon.</strong></span> <span class='ocrx_word' id='word_1_290' title='bbox 962 4386 997 4398; x_wconf 90' lang='lat'><em>-</em></span> <span class='ocrx_word' id='word_1_291' title='bbox 1012 4359 1114 4425; x_wconf 74' lang='lat' dir='ltr'><strong>loseph.</strong></span> <span class='ocrx_word' id='word_1_292' title='bbox 1130 4386 1144 4395; x_wconf 81' lang='lat'>-</span> 
     </span>
     <span class='ocr_line' id='line_1_37' title="bbox 219 4441 312 4500; baseline 0.043 -10"><span class='ocrx_word' id='word_1_293' title='bbox 219 4472 224 4484; x_wconf 86' lang='lat'><strong>·</strong></span> <span class='ocrx_word' id='word_1_294' title='bbox 237 4441 260 4500; x_wconf 88' lang='lat' dir='ltr'><strong>l,</strong></span> <span class='ocrx_word' id='word_1_295' title='bbox 270 4458 312 4493; x_wconf 83' lang='lat' dir='ltr'><strong>ra.</strong></span> 
     </span>
    </p>
   </div>
   <div class='ocr_carea' id='block_1_5' title="bbox 0 0 1305 4980">
    <p class='ocr_par' dir='ltr' id='par_1_21' title="bbox 0 0 1305 4980">
     <span class='ocr_line' id='line_1_38' title="bbox 0 0 1305 4980; baseline 0 0"><span class='ocrx_word' id='word_1_296' title='bbox 0 0 1305 4980; x_wconf 95' lang='lat' dir='ltr'><strong> </strong></span> 
     </span>
    </p>
   </div>
  </div>
 </body>
</html>
