2594 4980
136 768 743 791 mmmmmh

431 974 488 1060 N.
523 974 570 1059 Ε.
611 969 927 1071 LEMAIRE

194 1282 197 1290 .
331 1184 657 1290 sacrorn
699 1181 1035 1339 enoorro

588 1391 626 1470 S.
656 1394 697 1470 P.
727 1395 775 1469 D.

488 1621 881 1655 -φομ

147 1786 229 1919 Qo
237 1844 257 1883 u
265 1844 288 1883 n
306 1833 456 1883 octavum
472 1818 610 1882 Livianae
623 1818 721 1898 hujus
735 1816 887 1883 editionis
899 1818 1055 1883 volumen
1067 1817 1218 1883 omnium

150 1959 225 2023 quae
249 1931 479 1998 exstant‘Lirii
500 1953 638 2021 operum
662 1932 908 1998 conclusionem
933 1932 1047 2016 faciat,
1072 1931 1220 1998 nuncid

149 2051 231 2114 mihi
257 2048 440 2115 curandum
464 2064 613 2137 superest
638 2063 677 2112 ut
696 2046 804 2112 datam
825 2045 923 2112 lidem
946 2047 1037 2136 (ride
1055 2063 1136 2114 tom.
1151 2048 1220 2131 111,

147 2187 224 2254 pag.
253 2163 318 2249 489
349 2162 434 2251 sqq.)
465 2161 705 2251 Supplemeutis
730 2162 779 2227 Jo.
806 2162 1022 2228 Freinshemii
1048 2164 1083 2228 in
1111 2163 1221 2230 lucem

149 2277 287 2343 edendis
301 2277 474 2343 exsolvam.
488 2277 539 2341 Dc
553 2277 673 2365 quibus
682 2277 749 2358 jam
764 2275 843 2366 quid
857 2300 1038 2362 censerem,
1049 2295 1082 2345 et
1092 2279 1221 2368 qualem

148 2395 184 2455 in
201 2393 248 2457 eis
264 2390 468 2481 publicandis
482 2412 613 2481 operam
629 2391 853 2458 collocaverim
868 2394 1019 2482 exposui,
1033 2409 1131 2483 atque
1145 2416 1224 2485 prta⁴

151 2507 337 2571 fatiunculae
358 2504 512 2587 subjunxi
531 2508 723 2598 Catalogum
743 2507 940 2596 scriptorum
960 2533 1044 2598 quos
1065 2508 1107 2575 ad
1124 2507 1221 2576 lidem

150 2625 203 2688 sui
221 2623 339 2689 laboris
357 2640 454 2689 testes
473 2624 542 2712 ipse
560 2642 674 2691 auctor
691 2623 867 2689 advocavit.
1140 2610 1142 2615 ¹

198 2741 280 2824 Quae
295 2755 479 2828 sequuntur
492 2738 635 2804 Deuades
652 2763 719 2805 non
737 2739 800 2804 nisi
818 2755 893 2828 post
908 2717 1121 2805 Freinshemii
1137 2763 1224 2807 mor·

152 2874 221 2920 tem
246 2855 366 2944 publici
389 2853 473 2935 juris
497 2869 574 2917 sunt
600 2854 709 2935 faetae3
735 2851 824 2918 unde
850 2852 887 2918 fit
909 2870 948 2918 ut
968 2853 1164 2943 quibusdam
1188 2855 1223 2918 in

153 2971 252 3051 locis,
269 2969 324 3035 sed
340 2968 509 3059 perpaucis
527 2983 652 3050 tamen,
667 2967 782 3032 ultima
800 2965 1002 3031 desideretur
1018 2990 1144 3033 manus.
1160 2968 1225 3034 lta·
1243 2957 1248 2979 ¹
1287 3005 1290 3009 <

152 3111 221 3174 que
233 3109 308 3150 cum
320 3085 472 3151 Creverio
486 3107 552 3148 non
569 3083 715 3148 dubitavi
730 3080 879 3170 quasdam
892 3080 991 3146 verba
1001 3097 1058 3145 aut
1070 3103 1088 3146 e
1102 3081 1224 3148 mendo

153 3201 320 3288 scripturae
340 3199 422 3263 male
439 3197 542 3280 edita,
566 3214 622 3263 aut
645 3220 717 3286 quae
740 3196 927 3285 properanti
950 3196 1073 3261 calamo
1094 3196 1225 3264 excide·

154 3330 245 3394 rant,
260 3313 391 3392 rejicere
407 3312 458 3377 vel
477 3310 668 3394 emendare,
684 3326 783 3401 prout
803 3325 967 3374 sensus·et
990 3310 1080 3373 latini
1099 3326 1225 3377 sermo·

154 3430 205 3492 nis
223 3430 308 3517 leges
327 3427 490 3516 postulare
509 3427 710 3492 videbantur.

200 3542 362 3629 Integram
380 3539 495 3628 reliqui
514 3542 620 3629 operis
637 3562 798 3606 summam
817 3540 1077 3632 complectentur
1096 3540 1156 3606 tria
1172 3563 1228 3606 ro·

155 3656 296 3737 lumina,
315 3677 388 3742 quae
409 3654 507 3719 linem
531 3655 670 3719 Livianae
693 3655 771 3719 huic
793 3653 930 3719 editioni
955 3655 1142 3744 imponent,
1163 3655 1227 3721 nisi

155 3767 247 3856 quod
264 3766 411 3856 quaedam
431 3767 471 3832 ad
491 3769 619 3832 Livium
638 3770 851 3858 pertinentia,
872 3767 1062 3857 iudicesque
1083 3770 1227 3858 locuple·

158 3881 275 3945 tissimi
294 3880 517 3960 subjicientur.

203 3997 285 4078 Quae
302 3996 427 4078 omnia,
443 3996 546 4060 lector
562 3998 702 4086 optime,
720 3997 779 4060 tibi
797 3997 1009 4079 satisfaciant,
1021 3979 1242 4063 vehementer-

156 4126 248 4199 opto.
260 4110 342 4173 Vive
359 4124 391 4173 et
406 4111 485 4174 vale.

475 4327 923 4360 ...ψ-...-
