2594 4980
167 713 238 809 736
341 717 408 780 Jo.
437 715 461 777 F
472 708 779 779 lllilNSHEMll
808 708 1060 779 SUPPLEM.

166 859 238 898 men
255 836 420 898 Iasonium
440 832 629 895 memoriani
645 830 781 895 retinuit
797 829 1034 916 antiquissimae
1054 854 1235 921 graecorum

167 941 304 1002 beroum
319 937 544 1024 expeditione.
779 918 784 931 Ι

209 1041 315 1101 XXX.
342 1038 405 1100 Sed
432 1055 462 1099 et
489 1038 548 1098 alia
574 1036 676 1099 multa
701 1056 759 1123 per
782 1056 835 1098 eas
862 1036 1015 1124 regiones
1036 1035 1073 1099 in
1094 1036 1237 1101 Pontum

165 1143 328 1205 Euxinum
349 1156 516 1226 periurant
535 1137 686 1219 flumina,
706 1153 794 1201 tanta
809 1136 944 1224 quidem
956 1138 992 1201 vi
1006 1160 1186 1227 aquanrm,
1201 1156 1238 1203 ut

167 1260 247 1305 tenu
258 1292 265 1321 ‚
278 1266 374 1328 quarn
387 1243 544 1302 contiuuo
558 1239 698 1302 inserant
707 1261 817 1302 amnes
827 1286 836 1318 ,
846 1238 1055 1327 implendum
1065 1240 1236 1328 aliquando

166 1345 340 1406 illudmnre
350 1341 735 1429 Polybiusdisputaverit.
746 1342 823 1405 Haee
831 1340 1042 1431 igiturregna
1051 1366 1234 1431 quanquam

166 1470 242 1508 suos
261 1468 398 1532 ruraque
409 1467 499 1529 reges
512 1443 552 1505 ab
566 1442 797 1530 antiquissimis
808 1442 1015 1530 temporibus
1032 1442 1233 1521 habuissent,

168 1565 274 1609 tumen
285 1563 418 1632 propter
428 1545 579 1606 viciniam
590 1546 736 1608 locorum
746 1591 755 1625 ,
765 1560 798 1607 et
807 1543 927 1633 linguae
935 1566 1141 1632 morumque
1150 1568 1232 1609 conr·

168 1649 294 1711 merciis
314 1649 400 1709 varic
418 1646 536 1709 mixtos
553 1645 711 1733 populos,
728 1645 866 1725 crebrae,
884 1660 923 1708 ut
939 1642 1010 1709 fieri
1023 1661 1131 1727 amat,
1148 1647 1231 1721 rixae,

167 1749 284 1813 deinde
303 1749 384 1810 bella
395 1748 595 1811 orieluntur.
612 1748 655 1810 Et
669 1763 707 1811 ut
719 1746 864 1835 graviora
877 1746 946 1809 fere
961 1744 1120 1811 humanis
1135 1768 1233 1811 reme·

167 1851 227 1913 diis
245 1852 326 1913 mala
343 1867 439 1927 sunt,
458 1847 624 1910 connubia
640 1869 773 1935 regum,
793 1846 981 1934 mixtusque
994 1844 1156 1911 affinitate
1169 1870 1235 1911 san·

167 1955 256 2039 guis,
276 1953 356 2015 adeo
381 1976 448 2013 non
469 1949 600 2013 liniebat
618 1964 743 2012 veteres
762 1948 1019 2030 controversias,
1040 1963 1080 2013 nt
1096 1970 1165 2013 non
1181 1949 1233 2012 alia

169 2052 351 2115 iucundior
369 2053 460 2112 noris
478 2048 650 2138 gignendis
667 2050 814 2113 materies
833 2064 927 2113 esset.

212 2154 335 2214 XXXI.
362 2152 441 2213 lude
461 2151 564 2214 auctis
590 2149 690 2231 odiis,
716 2173 818 2237 quum
837 2151 933 2214 etiam
952 2152 1083 2240 imperii
1105 2150 1234 2241 amplifi·

168 2253 261 2315 eundi
277 2255 386 2314 insana
406 2252 517 2314 lubido
530 2251 752 2315 Mithridatem
767 2254 962 2335 stimularet,
976 2270 1159 2344 temperare
1173 2278 1234 2319 non

168 2356 289 2443 potuit,
303 2355 381 2439 quin
396 2352 534 2415 subinde
545 2375 584 2415 ex
593 2353 764 2416 occasione
776 2369 963 2441 temporum
978 2356 1107 2420 ricinos
1117 2358 1235 2421 infesta·

169 2474 226 2520 ret.
246 2457 286 2518 Et
307 2472 400 2516 anter
419 2453 551 2540 quidem
567 2453 780 2518 Nicomedem
802 2454 897 2517 etiam
918 2455 1234 2547 Ariobarzanemque

169 2559 353 2645 expulerat,
378 2573 425 2633 et,
451 2576 637 2642 quanquam
655 2553 767 2617 reduci
788 2578 806 2617 a
826 2556 982 2619 Romanis
1007 2558 1151 2641 tulisset,
1168 2575 1233 2624 tan·

169 2685 266 2747 quun
286 2659 536 2720 imbecillitatem
557 2656 618 2719 sibi
637 2656 868 2743 exprobrantes
883 2656 1068 2744 aspiciebat.
1080 2660 1130 2723 llli
1146 2660 1234 2725 vicis·

169 2765 248 2837 sim,
266 2762 352 2822 salvo
372 2777 433 2820 tam
454 2773 585 2844 potente
604 2757 732 2838 vicino,
750 2755 972 2844 nequidquam
990 2761 1132 2824 restituti
1149 2761 1233 2825 vide·

170 2865 316 2924 bantur:
343 2879 375 2923 et
395 2860 592 2922 accedebant
614 2859 805 2921 allomanis
831 2857 971 2922 ducibus
997 2861 1140 2945 stimuli,
1164 2864 1234 2952 qul,

169 2963 404 3049 mariammes
428 2962 535 3047 gloriae
559 2981 636 3046 spe,
663 2958 786 3022 bellum
803 2958 1038 3049 undecumque
1064 2966 1235 3055 cupiebant

169 3087 377 3152 Consurgere.

215 3168 353 3227 XXXII.
381 3166 481 3247 Igitur
499 3184 631 3248 operam
651 3161 824 3242 dederant,
841 3179 878 3224 ut
898 3185 975 3226 cum
996 3165 1180 3231 minacibus
1197 3167 1236 3230 ad

170 3268 391 3330 Illitluidatem
416 3264 573 3327 mandatis
598 3279 729 3328 senatus
753 3264 886 3326 nomine
903 3265 998 3353 legati
1017 3267 1236 3348 mitterentur,

170 3369 283 3429 bellum
300 3367 548 3443 deuumiautes,
564 3367 615 3445 ui,
629 3364 851 3453 quospopulus
864 3389 1014 3431 romanus
1026 3372 1134 3433 uthina
1144 3396 1237 3459 regna

169 3472 304 3530 elicuere
312 3470 472 3555 jamnel,
493 3468 600 3553 quieta
613 3469 646 3528 iu
654 3469 846 3554 possessione
859 3491 987 3533 manere
993 3488 1168 3559 pateretur.
1185 3475 1236 3537 llle

172 3574 256 3632 ultro
278 3571 378 3631 multa
398 3585 547 3653 questus,
568 3581 690 3655 quauta
702 3570 863 3655 patientia
879 3583 925 3633 rot
940 3575 1152 3637 contumelias
1168 3598 1238 3639 con·

169 3675 300 3733 ‹uoez'sset
311 3720 320 3749 ,
342 3670 560 3749 ‹leumustrat3
582 3683 780 3757 quantosque
801 3694 872 3758 opes
887 3673 1017 3758 publice
1030 3679 1238 3766 pta'vatimque

169 3774 300 3836 colendo
312 3774 468 3833 Itonaeos
478 3768 695 3857 prouidisset:
709 3794 793 3833 natare
805 3774 899 3835 eniam
907 3820 917 3850 ,
934 3772 1236 3863 licetprovoeatum,

169 3899 267 3963 neque
286 3877 449 3948 inermem,
470 3874 622 3958 quiescere
636 3871 732 3935 malle
739 3920 750 3951 ,
765 3871 947 3960 modofinis
963 3877 1237 3967 iujuriarumjr'at.

174 3981 208 4039 lit
227 3977 303 4039 tides
320 3975 479 4063 promisso
498 3974 577 4036 I'nit:
595 3973 737 4038 sednon
758 3976 868 4039 eadem
890 3978 1063 4043 Nicomedi
1085 3981 1239 4045 modestia

171 4081 306 4158 mansit,
332 4102 429 4164 quem
457 4100 666 4140 romanorum
687 4076 811 4141 dueum
833 4080 1056 4165 hortamenta,
1081 4101 1114 4149 et
1133 4086 1240 4175 inopia

172 4183 315 4264 pertenire
336 4181 472 4241 unitum
489 4178 530 4241 ad
547 4202 635 4242 arina
652 4181 892 4268 compulerunt.

204 4376 218 4435 ς
240 4378 336 4422 XXIX.
357 4379 435 4423 Str-al».
454 4405 485 4410 —
506 4376 637 4425 Sclroliast.
656 4378 774 4441 Apollon.
795 4406 830 4415 —
849 4377 864 4442 S
884 4381 969 4429 XXX.
988 4383 1079 4450 Polyb.
1094 4386 1140 4441 1v‚
1156 4396 1197 4443 to.
1211 4415 1245 4425 —

167 4456 184 4515 ξς
196 4458 294 4501 XXXI.
310 4459 413 4518 :lppiun
426 4460 538 4505 uiuunt.
548 4487 583 4496 -
594 4458 610 4522 S
620 4462 732 4509 xxxn.
743 4463 792 4509 nio
803 4480 842 4527 ap.
855 4464 922 4511 Fulv.
933 4464 1018 4515 llrsin.
1032 4496 1065 4505 -
1076 4472 1152 4521 (Iros.
1160 4475 1209 4525 VI.
1219 4490 1243 4521 a.
