2594 4980
293 651 297 665 ’
323 697 379 770 ut
405 700 517 769 noc.
543 701 643 768 ern.
664 701 791 768 exrv
820 696 1039 771 uremur.
1140 690 1224 786 465(

144 827 205 886 viso
220 845 261 885 ac
264 823 398 911 jacente
412 821 579 908 Iugurtha
587 868 599 902 ,
613 843 745 909 reguum
765 819 928 885 Numt’diae
943 820 985 884 ab
1001 835 1112 887 semttu
1120 834 1210 910 pete·

145 939 208 1005 ret;
228 947 295 987 non
312 940 378 987 tarn
396 923 510 1011 regulo
523 924 716 1004 consulens,
734 944 833 1011 quam
847 920 1024 1009 cupiditate
1037 921 1114 986 belli
1129 945 1214 987 con-¹

143 1026 282 1108 citandi,
303 1025 413 1114 quod,
430 1025 590 1113 Jugurtha
612 1025 746 1088 minime
773 1044 924 1104 cessuro,
940 1023 1087 1086 futurum
1101 1071 1111 1105 ,
1127 1041 1160 1097 et
1176 1047 1212 1088 se

143 1126 227 1190 duce
243 1127 423 1216 gerendum
441 1125 592 1191 videbat:
608 1148 682 1189 nam
700 1125 745 1189 M.
765 1124 912 1188 Minucio
928 1122 1140 1206 Macedonia,
1156 1126 1212 1215 sp.

144 1230 261 1292 Albino
285 1228 440 1294 Numidia
466 1228 630 1316 provincia
651 1243 811 1291 evenerat.
831 1226 1012 1316 Iugurtha,
1036 1243 1212 1315 postquam

143 1330 223 1417 quid
239 1347 397 1419 ageretur,
414 1328 659 1407 animadvertit,
672 1328 762 1393 haud
770 1344 963 1393 cunctanter
976 1328 1122 1393 immisso
1138 1351 1214 1419 per·

143 1455 274 1496 cussore
286 1431 417 1497 conficit
433 1433 606 1496 aemulum:
621 1431 860 1522 deprehensus,
873 1431 931 1519 qui
942 1430 1064 1496 caedem
1076 1431 1213 1516 fecerat,

144 1534 254 1597 multis
268 1534 476 1598 hortantibus
494 1533 651 1598 indicium
668 1532 851 1622 profitetur.
868 1533 1080 1606 Bomilcarem
1098 1534 1217 1623 Jugur÷

144 1637 208 1700 thae
224 1636 413 1701 familiarem
431 1637 555 1701 facinus
572 1635 759 1720 mandasse,
772 1634 936 1717 ostendit3
953 1657 1075 1699 nomen
1093 1637 1215 1700 Bomil-

143 1739 244 1822 caris,
258 1761 445 1827 quanquam
463 1761 573 1803 comes
585 1739 654 1820 ejus
669 1751 767 1823 esset,
782 1739 840 1826 qui
853 1739 991 1802 Romam
1005 1736 1069 1802 fide
1083 1739 1216 1826 publicu

143 1858 295 1922 venerat,
312 1841 413 1930 magis
431 1862 471 1905 ex
492 1863 587 1928 aequo
604 1857 637 1904 et
652 1841 765 1922 bono,
788 1862 887 1927 quam
903 1862 943 1903 ex
956 1838 1029 1919 jure
1044 1840 1215 1930 gentium,

143 1943 318 2029 recipitur:
335 1941 431 2006 vades
448 1964 488 2006 ex
500 1941 615 2005 amicis
629 1941 725 2033 regiis
740 1941 976 2030 quinquaginta
989 1939 1119 2008 dantur.

188 2045 345 2109 XXXlX.
368 2045 526 2109 Fervente
538 2043 682 2126 judicio,
705 2042 918 2132 Iugurthain
944 2042 1093 2107 maximis
1109 2065 1215 2133 angu-

144 2146 212 2209 stiis
229 2146 445 2224 constitutus,
466 2145 557 2234 quod
572 2146 684 2210 omnia
697 2160 870 2234 expertus,
888 2145 1025 2234 gratiam
1041 2162 1140 2233 atque
1155 2168 1215 2236 pe·

144 2246 275 2309 cuniam
291 2271 382 2311 suam
403 2248 591 2312 inferiorem
606 2246 728 2311 invidia
750 2249 826 2310 facti
842 2246 1018 2323 sentiebat,
1034 2269 1138 2335 quum
1158 2245 1217 2311 diu

144 2350 308 2436 agitasset,
322 2367 478 2414 utrumne
491 2348 587 2413 vades
604 2349 717 2437 prodi,
733 2371 774 2411 an
788 2371 866 2411 vero
883 2348 1095 2411 Bomilcarem
1111 2347 1218 2414 deseri

144 2451 243 2513 satius
260 2453 360 2532 l'oret,
381 2467 547 2538 postremo
569 2451 782 2514 Bomilcarem
804 2450 887 2512 clam
910 2448 945 2511 in
961 2449 1151 2514 Numidiam
1167 2449 1219 2514 di-

145 2552 260 2633 rnittit,
276 2553 442 2632 nerninem
455 2551 593 2640 posthac
603 2551 700 2630 jussis
714 2551 782 2613 suis
796 2549 1098 2637 obtemperatumm
1111 2567 1217 2633 ratus,

144 2654 169 2714 si
188 2654 241 2716 hie
257 2653 448 2732 hujusmodi
465 2676 505 2715 ex
521 2673 616 2714 causa
633 2653 840 2739 plecteretur.
858 2650 908 2713 Ne
927 2650 974 2713 sic
991 2649 1125 2738 quidem
1141 2652 1218 2716 satis

145 2753 317 2815 extricatus
339 2752 481 2838 (habent
500 2751 588 2814 enim
609 2750 674 2813 hoc
689 2750 823 2830 scelera,
842 2765 880 2813 ut
898 2750 1098 2815 facinorosos
1115 2753 1217 2842 magis

146 2853 311 2939 magisque
324 2867 446 2916 terrore
459 2867 492 2915 et
504 2849 722 2913 incommodis
735 2850 919 2937 implicent)
934 2874 1055 2938 quum,
1070 2852 1218 2942 ablegato

146 2953 336 3036 Bomilcare,
358 2953 446 3016 inse
469 2950 620 3015 recidisse
643 2950 826 3038 periculum
850 2944 1139 3034 animadverteret,
1162 2976 1218 3018 ca-

145 3056 220 3141 pitis
245 3055 332 3118 enirn
353 3054 482 3143 anquiri
504 3067 665 3141 coeperat,
685 3074 725 3115 ex
751 3050 840 3115 Urbe
863 3049 940 3140 fuga
962 3051 1022 3114 sibi
1047 3053 1219 3119 consulere

144 3175 275 3221 coaetus
294 3176 353 3223 est.
1091 3164 1093 3169 ’

188 3261 256 3324 XL.
273 3261 406 3338 Fertur,
425 3283 529 3349 quum
547 3281 694 3348 egressus
710 3258 815 3321 Roma
831 3272 933 3338 esset,
950 3279 1034 3344 saepe
1050 3279 1090 3322 eo
1106 3279 1218 3347 respe-

144 3377 246 3425 ctasse
267 3363 422 3446 tacitum3
445 3379 612 3450 postremo
633 3361 701 3424 haec
726 3359 794 3446 ipsa
812 3358 911 3422 verba
928 3359 1130 3446 protulisse-t
1157 3362 1217 3427 «0

145 3463 285 3526 «urbem
309 3465 473 3528 venalem!
498 3480 531 3528 et
557 3463 622 3527 cito
647 3463 844 3551 perituram,
865 3460 892 3524 si
920 3476 1103 3547 emptorem
1126 3463 1219 3531 inve·

146 3563 268 3625 «neritl
286 3566 468 3646 nSenatus,
485 3580 655 3654 comperto
671 3563 756 3651 regis
773 3563 885 3642 abitu,
908 3561 999 3624 Italia
1021 3585 1098 3627 eum
1120 3563 1218 3631 dece·

146 3660 222 3724 dere
245 3662 349 3740 jussit.
380 3667 456 3729 Haec
481 3665 579 3728 altera
607 3662 750 3728 bellandi
773 3685 868 3727 causa
897 3685 1002 3748 quum
1027 3665 1217 3751 exstitisset,

146 3759 251 3823 foedus
262 3764 508 3849 calpurnianum
521 3765 732 3830 rescinditur:
743 3765 799 3852 sp.
811 3764 964 3844 Albinus,
976 3766 1094 3851 paratis
1107 3771 1218 3835 omni·

147 3862 224 3942 bus,
240 3884 373 3925 cursum
390 3864 527 3929 adornat
543 3866 577 3928 in
590 3866 755 3945 Africam,
775 3887 815 3927 eo
831 3864 1035 3951 diligentius,
1053 3868 1144 3954 quod
1160 3893 1217 3934 co·

145 3964 314 4026 mitiorum
330 3981 465 4063 gumpus
483 3966 573 4029 haud
594 3966 690 4053 longe
712 3965 842 4046 aberat,
863 3963 905 4027 ad
921 3988 995 4053 quae
1010 3965 1216 4034 redeundum

146 4066 206 4152 ipsi
224 4068 361 4129 Romani
376 4084 455 4131 erat.
470 4067 534 4131 Sed
548 4068 626 4131 huic
639 4068 688 4130 uti
702 4082 864 4130 maturare
883 4066 1022 4149 bellum,
1038 4069 1082 4132 ita
1099 4070 1219 4159 Iugum

145 4169 207 4230 thae
229 4168 363 4232 trahere·
375 4170 548 4232 consilium
565 4184 650 4249 erat,
674 4169 832 4255 omnique
855 4166 955 4231 modo
974 4172 1216 4255 properantiam

144 4270 288 4332 consulis
308 4272 474 4334 remorari.
499 4272 707 4356 Quapropter
725 4269 826 4333 modo
844 4270 966 4359 legatos
989 4268 1030 4331 de
1051 4269 1217 4341 deditione

147 4369 313 4434 mittebat:
334 4372 435 4436 modo
461 4372 619 4461 negabat,
647 4372 771 4437 infestis
802 4371 862 4435 sibi
893 4371 1049 4434 Romanis
1082 4375 1216 4444 salutem

247 4489 310 4554 IX.
488 4579 492 4591 1
981 4528 984 4533 -
1003 4482 1048 4557 30
