2640 5046
292 788 344 856 IN
374 784 489 854 LOC.
515 780 610 849 LIB.
635 778 761 846 LXVI
791 776 1008 845 Ltvlsnt.
1118 776 1187 849 513

120 913 209 977 Urbe
221 925 347 999 partam
357 904 473 970 consul
481 900 634 967 Servilius
645 897 849 985 expeditione
859 897 1013 985 gallicana
1025 903 1169 987 corrupit
1182 925 1188 963 τ

120 1036 192 1079 eam
208 1034 277 1075 rem
296 1011 339 1071 ita
357 1022 478 1096 gestam
494 1001 688 1089 accepimns.

165 1116 233 1179 XL.
253 1111 388 1187 Tolosa,
412 1106 530 1170 nobilis
551 1102 718 1167 Gallorum
742 1100 871 1180 civitas,
888 1122 991 1187 quum
1016 1102 1191 1171 infodere

120 1215 236 1306 populi
252 1211 379 1276 romani
393 1223 493 1288 esset,
506 1230 524 1268 a
540 1203 679 1268 Cimbris
694 1201 878 1283 sollicitata,
892 1202 1008 1266 milites
1023 1227 1192 1287 romanos,

122 1316 179 1405 qui
206 1312 344 1404 praesidii
370 1331 465 1374 causa
490 1308 525 1370 in
549 1303 671 1393 oppido
693 1320 803 1382 erant,
820 1305 946 1367 occulta
968 1307 1193 1385 conjuratione

122 1438 316 1506 oppressos,
335 1414 368 1475 in
386 1409 514 1475 vincula
530 1406 734 1486 conjecerat:
755 1428 794 1467 eo
812 1426 888 1468 cum
908 1405 1038 1471 delectis
1057 1409 1194 1500 impigre

123 1517 289 1608 profectus
303 1513 435 1593 consul,
451 1531 574 1598 quum,
589 1508 707 1596 ignaris
723 1506 859 1587 caeteris,
876 1530 935 1594 per
947 1511 1096 1573 conscios
1110 1512 1195 1576 intra

123 1619 242 1685 rnoenia
259 1632 407 1705 receptus
424 1627 524 1691 esset,
544 1610 661 1673 urbem
679 1609 780 1672 veteri
797 1610 963 1696 opulentia
981 1612 1097 1675 claram
1117 1612 1195 1677 diri·

124 1722 215 1811 puit,
231 1741 298 1783 non
315 1716 457 1807 profanis
474 1710 593 1791 modo,
609 1708 666 1773 sed
685 1712 780 1773 etiam
798 1711 896 1773 sacris
911 1712 1058 1797 pecuniis
1072 1714 1195 1778 ablatis.

124 1825 173 1889 Ex
194 1821 352 1909 Apollinis
377 1815 510 1905 quidem
535 1815 612 1877 sano
633 1829 766 1875 centum
788 1812 833 1875 M.
851 1813 964 1899 pondo
985 1816 1075 1895 auri,
1093 1833 1125 1878 ct
1144 1840 1196 1879 ar·

126 1923 216 2014 genti
229 1923 298 1985 CX.
313 1921 358 1985 lll.
371 1916 482 2007 pondo
493 1930 584 2002 rapta
596 1930 744 1976 auctores
758 1913 881 1977 habeo:
900 1914 986 2003 apud
1000 1918 1079 1981 alios
1095 1920 1198 1983 multo

126 2024 230 2105 majus
244 2023 313 2086 auri
329 2018 477 2108 pondus,
495 2038 556 2079 nec
572 2037 612 2078 ex
627 2014 780 2097 delubro,
793 2013 850 2077 sed
865 2015 1021 2080 tolosensi
1035 2018 1106 2082 lacu
1121 2022 1198 2084 sub·

125 2124 247 2203 latum,
264 2120 405 2185 invenio.

172 2224 256 2287 XLI.
274 2222 467 2307 Tecmsages
485 2216 590 2298 enim,
607 2217 664 2303 qui
681 2240 758 2281 cnm
776 2220 907 2281 Brenno
926 2219 1081 2305 fuissent,
1102 2228 1199 2312 raptis

128 2348 168 2389 ex
193 2322 343 2411 delphico
368 2320 489 2408 templo
517 2316 660 2382 donariis
683 2342 787 2406 quum
812 2318 949 2383 domum
973 2325 1199 2411 revertissent,

128 2425 280 2516 pestilera
302 2424 355 2486 lue
374 2437 540 2508 correptos
560 2443 626 2482 non
646 2437 740 2484 antea
763 2423 909 2508 potuisse
934 2423 1080 2506 liberari,
1102 2451 1199 2515 qnam

128 2543 240 2593 vatum
257 2525 390 2589 monitis
413 2523 585 2610 quaesitum
609 2523 695 2585 bello
716 2524 949 2611 sacrilegioque
970 2549 1086 2591 aurum
1103 2546 1135 2594 et
1150 2555 1201 2595 ar·

129 2644 265 2720 gentum
281 2628 430 2691 tolosano
448 2626 519 2688 lacu
539 2640 734 2713 mergerent.
752 2624 816 2687 Sed
838 2626 982 2689 fabulam
1004 2629 1045 2692 de
1066 2632 1201 2719 Delphis

130 2732 214 2795 bene
233 2732 353 2793 refutat
368 2725 583 2805 Posidonius,
601 2724 691 2811 quod
709 2746 816 2810 neque
833 2726 916 2789 Galli
932 2730 1092 2816 templum
1109 2734 1205 2821 Apol-

130 2832 224 2911 linis,
239 2830 301 2893 nisi
317 2830 383 2908 jam
401 2827 567 2913 sacrilegio
582 2825 801 2888 Phocensium
814 2827 1025 2910 exhaustum,
1039 2834 1202 2920 ceperint:

132 2948 166 2997 et
181 2930 272 3018 quod
288 2944 453 3017 repertum
468 2926 514 2989 ibi
527 2927 606 3005 fuit,
625 2927 710 2988 inter
727 2926 980 2992 innumerabiles
997 2932 1105 3019 copias
1122 2933 1204 2998 divi·

132 3055 206 3097 sum
225 3028 415 3095 evanuerit:
434 3042 580 3114 raptores
598 3048 732 3114 quoquc
749 3025 881 3113 (sicuta
900 3029 1010 3093 multis
1027 3049 1076 3096 est
1091 3035 1202 3122 prodi-

133 3134 217 3221 tum)
231 3148 286 3196 aut
297 3131 403 3194 statim
413 3128 636 3191 internecione
646 3126 786 3210 deletos,
798 3144 854 3190 aut
863 3129 1040 3217 dispersos,
1053 3136 1204 3225 variaque

134 3253 224 3324 peste
241 3233 358 3323 passim
375 3230 569 3311 exstinctos,
586 3231 638 3293 vix
656 3230 772 3294 reverti
792 3230 826 3293 in
844 3232 979 3319 patriam
999 3258 1120 3322 paucos
1143 3262 1204 3327 po·

135 3337 251 3416 tuisse,
271 3333 394 3398 nedum
412 3348 450 3396 ut
466 3348 570 3397 tantas
592 3354 702 3396 secum
724 3354 803 3420 opes
824 3332 996 3421 deportare
1017 3342 1203 3426 potuerint:

134 3453 287 3501 ceterum
310 3435 418 3500 Gallos
441 3433 510 3498 auri
534 3434 723 3521 argentique
741 3433 873 3516 divites,
892 3436 1023 3502 eosdem
1041 3441 1075 3504 in
1094 3446 1204 3531 quoti·

137 3536 235 3601 diano
251 3538 343 3601 cultu
359 3559 490 3623 parcos,
514 3534 555 3599 ad
573 3534 636 3599 hoc
653 3536 938 3623 superstitionibus
957 3540 1039 3604 mire
1056 3540 1202 3629 deditos,

136 3638 248 3703 maritis
270 3638 347 3701 locis
365 3660 472 3702 sacros
496 3637 664 3702 thesauros
689 3638 721 3700 in
745 3638 880 3702 lacubus
901 3640 1069 3723 habuisse3
1097 3669 1204 3735 neque

138 3740 300 3828 signatum
317 3754 373 3801 aut
393 3739 515 3803 lactum
535 3763 652 3803 aurum
671 3755 928 3827 argentumque,
952 3742 1009 3805 sed
1027 3746 1101 3809 rudi
1120 3772 1202 3836 pon·

139 3842 232 3921 dere,
246 3857 283 3903 ut
298 3841 418 3927 cuique
435 3842 547 3931 religio
561 3840 734 3919 suadebat,
747 3840 979 3906 immittentes:
997 3844 1102 3933 iisque
1118 3850 1206 3914 lacu.

138 3946 201 4009 bus
211 3958 323 4031 postea
337 3941 463 4022 locatis,
475 3940 696 4030 redemptores
710 3962 933 4027 sepenumero
947 3943 1068 4008 solidos
1083 3952 1207 4035 argenti

138 4047 253 4109 lateres
270 4043 459 4107 extraxisse:
472 4044 599 4106 Tolosae
616 4064 711 4122 vero,
727 4063 831 4128 quum
848 4059 931 4104 esset
946 4045 1057 4108 fanum
1072 4047 1210 4113 celeber·

139 4149 279 4226 timum,
295 4144 337 4208 ab
353 4142 506 4207 omnibus
524 4144 608 4206 circa
629 4140 759 4230 populis
781 4142 958 4229 plurimum
977 4170 1017 4208 eo
1035 4148 1208 4233 placando·

141 4269 215 4311 rurn
233 4245 408 4309 numinum
426 4267 521 4307 causa
539 4244 735 4331 comportari
750 4245 965 4308 consuevisse.

178 4448 255 4513 §xla
270 4447 375 4497 Diodor.
388 4446 455 4512 apud
465 4447 547 4495 vaes.
559 4446 620 4510 -S
636 4448 701 4495 llLl.
718 4445 797 4495 Strah.
811 4446 854 4495 lib.
868 4448 912 4495 Π.
927 4474 963 4482 -
974 4448 1054 4511 Agell.
1070 4452 1120 4512 111,
1133 4468 1159 4517 ⁹·
1171 4482 1204 4493 .-

143 4534 214 4578 Oms.
224 4530 255 4588 V,
271 4530 310 4577 15.
325 4558 360 4567 -
372 4530 465 4579 lustin.
477 4531 591 4585 mu,
608 4532 631 4579 3.
639 4558 674 4566 —
684 4530 758 4578 Diod.
768 4558 802 4567 -
813 4530 901 4578 lluald.
912 4532 1042 4579 Animadv.
1051 4535 1077 4585 in
1086 4537 1150 4591 etus
1162 4556 1200 4588 ro.

265 4628 327 4694 IX.
996 4630 1040 4700 33
