2594 4980
287 758 341 825 IN
372 759 482 826 LOC.
510 759 602 836 LIB.
630 760 753 827 LXVI
784 763 997 831 LIVIANI.
1109 761 1177 860 517

109 896 168 941 «ut
185 902 259 941 tneo
283 880 433 966 sanguini
450 880 560 944 videar
576 881 689 961 irasci,
709 905 813 968 quum
834 883 1027 971 Iugurtham
1048 883 1179 968 desero,

108 982 308 1066 «pracsertim
330 999 523 1068 postquam,
547 982 662 1047 tradita
686 984 719 1045 in
740 986 852 1047 omnis
875 985 1014 1049 fortnnae
1031 1009 1179 1051 commu·

107 1113 119 1134 «
133 1084 264 1151 monem
282 1081 345 1146 filia
361 1106 449 1164 mea,
468 1107 625 1173 generum
642 1084 783 1161 adscivi,
799 1108 951 1172 novoque
966 1085 1055 1150 nodo
1071 1103 1176 1155 vetus·

108 1184 261 1249 «tissimae
280 1201 396 1248 nostrae
412 1186 700 1276 consanguinitatis
718 1186 885 1251 uinculum
901 1183 1024 1257 firmins
1038 1184 1177 1271 adstrin-

110 1317 120 1338 ιι
134 1308 208 1372 gere
226 1309 313 1350 visus
331 1310 417 1351 sum.

153 1387 187 1447 L.
207 1390 335 1474 «Atque
355 1388 440 1451 hane
462 1410 580 1476 regum
602 1411 737 1453 suorum
762 1387 1049 1466 conjunctionem,
1069 1403 1106 1449 ut
1126 1385 1179 1469 fit,

109 1519 120 1541 ιι
133 1488 227 1553 multi
251 1489 458 1577 popularium
484 1506 561 1553 sunt
588 1490 723 1569 imitati,
749 1489 942 1576 conjugibus
966 1512 1004 1552 ex
1026 1486 1180 1577 Numidia

109 1590 259 1671 «ductis,
278 1607 335 1654 aut
356 1591 389 1663 in
415 1590 603 1654 Numidiam
628 1607 768 1677 nuptum
794 1589 876 1653 datis
895 1588 1029 1661 filiabus.
1053 1590 1178 1653 Horum

110 1692 282 1755 «omnium
309 1692 474 1777 totiusque
500 1692 701 1756 Mauritaniae
722 1691 841 1772 judicia
872 1714 924 1754 rue
950 1690 1039 1754 baud
1064 1713 1179 1779 parurn

112 1824 124 1845 ιι
135 1811 399 1874 commoverent,
417 1794 478 1856 nisi
497 1793 694 1857 firmioribus
709 1792 907 1883 argumentis
924 1783 1118 1855 vestramad
1134 1815 1182 1857 so·

110 1926 122 1949 «
135 1895 281 1958 rietatem
300 1911 422 1959 tractus
442 1918 556 1959 essem.
574 1898 667 1959 Certe
682 1918 748 1959 non
765 1894 818 1958 odi
835 1918 943 1959 meos:
961 1894 1017 1958 sed
1033 1895 1107 1982 quia
1124 1918 1180 1957 cos

110 2028 121 2048 ιι
134 2013 304 2083 propterea
321 1998 460 2060 maxime
480 1983 570 2079 amn,
593 1999 668 2085 qnia
687 2002 749 2061 mei
767 2014 859 2076 sunt,
878 1996 968 2074 ideo,
986 2013 1022 2059 ut
1041 2012 1180 2067 meante

110 2128 122 2149 ιι
134 2097 205 2160 illos
225 2120 350 2173 ament,
375 2099 457 2161 ratio
483 2100 633 2187 postulat.
661 2097 763 2163 litlem
789 2099 851 2177 illi,
877 2121 959 2184 quos
985 2120 1074 2171 nnnc
1096 2099 1180 2160 forte

110 2222 216 2260 «teoeca
239 2200 404 2265 inclinatio
422 2199 463 2263 ad
481 2199 748 2289 reprehendenda
769 2200 901 2264 consilia
920 2221 990 2263 mea
1007 2198 1180 2285 perpellet,

110 2328 121 2351 ι
134 2298 328 2375 laudabunt,
343 2300 398 2364 ubi
411 2319 524 2365 vestrae
536 2303 684 2373 amicitias
697 2301 814 2375 maturi
824 2302 949 2369 fruetus
960 2297 1180 2379 ostenderint,

109 2430 122 2452 ιι
135 2424 200 2463 nou
212 2402 304 2466 aliter
313 2419 345 2465 et
357 2403 437 2466 mihi
448 2422 480 2467 et
492 2404 552 2472 illis
563 2405 680 2467 rectius
694 2404 873 2489 meliusque
885 2401 1009 2467 consuli
1023 2399 1179 2487 potuisse.

152 2503 204 2565 LI.
218 2535 230 2556 ιι
243 2504 347 2566 Etiam
367 2505 533 2593 Jugurtltae
552 2505 644 2590 plura
663 2505 696 2566 in
717 2527 768 2566 me
786 2504 934 2582 hostilia,
949 2524 1047 2588 quam
1060 2502 1179 2581 amica,

110 2633 121 2656 «
133 2605 273 2667 facinora
291 2622 438 2668 exstant:
458 2622 490 2669 et
503 2606 650 2667 altimum
666 2605 733 2682 ejus
749 2603 887 2691 cognovi
903 2600 1084 2691 perfidum,
1101 2599 1180 2663 iusi-

109 2736 119 2776 ιι
133 2703 279 2776 dicisum,
297 2707 352 2768 ubi
371 2707 575 2769 occasionem
602 2703 765 2767 crescendi
786 2702 897 2775 adesse
917 2717 1027 2791 putet,
1047 2722 1113 2762 non
1129 2722 1181 2763 co·

109 2834 120 2855 ιι
133 2805 294 2887 gnationis
325 2805 428 2884 ultra,
456 2827 522 2867 non
554 2803 712 2867 liuderum
740 2826 928 2867 mentorem.
953 2801 1070 2887 Neque
1097 2800 1178 2864 milti

109 2935 120 2955 ιι
134 2903 281 2990 displicet
305 2905 447 2992 Micipsae
468 2903 611 2969 filiorum
628 2906 739 2969 ulcisci
757 2926 887 2983 necem,
906 2902 1102 2990 quibuscum
1123 2924 1180 2988 par

111 3037 121 3058 ιι
136 3006 214 3067 mibi
237 3006 407 3095 cognatio,
433 3030 494 3071 nec
517 3007 590 3070 ullis
612 3006 775 3071 debilitata
797 3005 923 3095 injuriis
948 3003 1083 3067 societas
1107 3001 1178 3065 fuit.

109 3139 121 3160 ιι
134 3108 172 3168 ln
192 3130 227 3170 ea
245 3132 279 3170 re
295 3108 414 3195 primas
435 3109 528 3173 vobis
551 3126 657 3196 partes
682 3098 871 3198 tuaguitutlo
895 3121 999 3168 vestra
1021 3102 1130 3183 dedit,
1149 3119 1180 3165 et

109 3240 119 3260 «
133 3207 223 3295 qnod
237 3225 405 3297 propterea
422 3210 569 3299 appellati
584 3210 624 3275 ab
638 3209 821 3275 Adherbale
836 3208 930 3271 estis:
948 3230 999 3269 me
1010 3205 1179 3284 justiorem

110 3341 121 3362 ιι
134 3334 285 3391 causam,
306 3327 357 3386 et,
381 3312 443 3375 diis
466 3336 597 3401 quoque
618 3312 854 3401 probantibus,
871 3311 1048 3393 feliciorem
1068 3306 1179 3395 sequi,

109 3440 120 3460 ιι
136 3433 202 3472 non
217 3411 409 3476 indecorum
425 3432 483 3479 est.

153 3513 220 3574 lill.
239 3542 252 3566 ιι
267 3513 324 3592 Et,
344 3530 382 3576 ut
401 3539 512 3579 verum
539 3516 659 3596 fatear,
676 3515 830 3603 potentiae
855 3513 1049 3599 virtutisque
1067 3526 1178 3573 vestra

109 3642 119 3663 ιι
135 3635 199 3672 non
229 3613 272 3674 ita
292 3637 365 3677 sum
390 3618 581 3704 imperitus,
602 3633 638 3679 ut
656 3617 778 3679 amicos
799 3638 903 3702 quum
928 3614 1046 3676 habere
1065 3613 1178 3679 liceat,

108 3747 118 3765 ι
133 3714 242 3777 hostes
260 3715 339 3776 milti
356 3715 457 3780 laetos
469 3719 574 3781 velim.
585 3719 655 3780 Tua
673 3739 806 3804 quoque
823 3714 1066 3793 benevolentia,
1079 3734 1176 3799 quam

108 3847 118 3867 ι
132 3816 241 3904 legatis
267 3817 346 3880 meis
379 3818 575 3898 exhibuisti,
599 3819 699 3882 veluti
724 3816 937 3880 constrictum
967 3815 1178 3899 vinctumque

108 3950 119 3969 ιι
135 3940 186 3978 mc
203 3917 328 3997 scirtio,
349 3933 385 3980 ut
404 3940 471 3981 non
490 3921 666 3983 sustineam
686 3917 774 3983 aliud
791 3917 891 3997 velle,
910 3939 1007 4003 quam
1027 3916 1086 3978 tibi
1109 3913 1177 4000 pla·

107 4049 119 4072 ι
133 4043 204 4081 cere
219 4019 373 4106 intelligo.
394 4019 446 4081 Tu
463 4020 606 4084 modoet
619 4021 744 4099 statim,
761 4036 793 4082 et
811 4033 981 4107 postquam
1000 4041 1044 4112 co.
1055 4012 1178 4101 inagni·

109 4118 255 4180 «tudinis
281 4120 485 4205 perveneris,
512 4143 578 4205 qno
603 4139 633 4182 te
663 4120 767 4183 virtus
796 4136 849 4182 tua
878 4135 975 4205 atque
1004 4115 1173 4204 prudentia

109 4255 120 4276 ιι
133 4240 242 4303 roem,
260 4227 308 4286 fac
327 4225 512 4287 memineris
527 4225 595 4303 ejus
612 4224 695 4305 diei,
714 4241 841 4312 quate,
862 4222 980 4287 tradito
1000 4221 1175 4309 lugnrtlta,

108 4324 258 4389 ndccoris
281 4326 349 4407 ejus
375 4341 559 4414 compotem
584 4326 719 4405 faciam,
748 4324 838 4412 quotl
864 4326 982 4388 frustra
1006 4322 1054 4384 liis
1082 4322 1175 4384 annis

108 4455 120 4477 ι
135 4429 262 4490 maxiani
283 4430 343 4492 viri
368 4429 576 4515 impenderes
600 4429 716 4509 uestri,
745 4451 802 4516 per
825 4429 971 4515 ingentes
996 4424 1120 4489 labores
1145 4442 1171 4485 et

108 4555 119 4576 ιι
135 4529 219 4611 paria
238 4531 375 4615 pericula
394 4530 648 4616 quaesiverunt.»
