2594 4980
313 198 365 262 IN
399 198 509 264 LOC.
539 200 631 262 LIB.
662 199 750 263 LIII
783 201 992 268 Ltt'lanl.
1109 208 1176 275 205

110 332 142 379 et
162 317 264 406 signis
286 317 480 404 quibusdam
502 320 618 404 ereptis
640 319 846 398 militaribus,
867 343 1037 385 romanum
1058 330 1177 391 exerei-

110 432 181 480 tum
208 419 243 480 in
269 434 372 481 castra
394 441 452 482 sua
471 420 661 498 rejecerunt.
687 418 768 484 inde
788 419 953 486 Viriathus
975 424 1098 490 ltucam
1117 427 1177 493 de·

112 515 214 600 flexit,
227 518 454 608 oppidumque
470 520 572 601 istud,
590 521 724 609 expulso
741 521 890 609 praesidio
903 530 1184 617 romano,·eepit;·

113 617 188 684 inde
201 622 660 703 vastavitBastetaniam,non
676 621 871 711 prohibente
884 623 1036 707 Quintio,
1047 629 1178 716 quiper-

116 719 306 809 imperitiam
324 739 357 786 et
372 724 531 812 ignaviam
550 722 658 788 medio
679 723 787 787 adhuc
809 740 968 788 autumno
990 726 1023 789 in
1047 728 1176 793 Cordu-

119 818 223 887 hemia
247 824 386 888 hiberna
411 840 610 890 concesserat
632 848 640 889 ε
662 848 848 913 quanquam
876 826 1015 891 subinde
1041 851 1175 895 manum

124 924 274 1010 quandam
286 926 464 1007 emitteret,
478 928 514 991 C.
525 927 646 990 Marcio
661 925 758 1007 duce,
772 928 828 1015 qui
842 948 880 990 ex
892 927 1002 991 Italica
1014 929 1174 1017 Hispaniae

128 1045 215 1111 genus
231 1025 372 1109 ducens,
389 1027 536 1092 locorum
556 1044 588 1091 et
604 1028 680 1091 belli
697 1029 819 1116 peritus
835 1029 1025 1094 habebatur.

163 1125 215 1191 xl.
226 1128 347 1193 Mirum
360 1127 462 1192 videri
479 1145 590 1217 queat,
605 1151 709 1192 unum
723 1128 892 1193 hominem
907 1131 1003 1194 nullis
1017 1132 1084 1195 suis
1100 1134 1174 1197 viriss

134 1223 196 1307 ltu,
210 1229 296 1293 nulla
312 1245 525 1319 cognatorum
542 1232 686 1319 potentia
701 1229 838 1312 fultum,
856 1254 897 1295 ne
911 1233 1023 1321 populi
1039 1234 1171 1321 quidem

136 1325 231 1404 iuditio
246 1331 403 1411 electum,
427 1347 475 1395 tot
499 1354 556 1419 per
572 1353 675 1394 annos
693 1353 780 1394 arma
803 1331 915 1419 populi
933 1335 1059 1397 romani
1074 1336 1172 1399 susti·

89 1430 91 1479 j
128 1428 240 1496 'uniam
253 1455 365 1496 verum
384 1432 549 1496 enimvero
566 1447 692 1495 tanturn
711 1433 745 1494 in
762 1455 803 1497 eo
823 1433 950 1498 virtutis
971 1434 1073 1499 robur
1091 1437 1171 1518 fuit,

89 1522 94 1607 ,l
138 1544 196 1594 uta
213 1555 243 1597 se
256 1535 389 1622 explere
405 1549 531 1622 posset,
547 1532 708 1621 quidquid
727 1535 858 1599 fortuna
879 1532 954 1599 dare
977 1537 1169 1625 neglexerat.

143 1627 245 1698 dtinns
266 1634 437 1699 adversum
463 1635 603 1723 pericula
631 1634 830 1723 intrepidus,
858 1637 1009 1726 sagacitas
1034 1639 1169 1727 ingens,

99 1792 102 1797 .
133 1733 225 1814 perita
239 1736 380 1800 militaris
398 1737 445 1799 rei
461 1759 603 1818 summa,
621 1759 739 1826 corpus
757 1737 908 1802 edoctum
923 1739 1022 1802 animi
1035 1739 1169 1829 imperia

143 1835 206 1918 aqui
219 1859 227 1900 ε
242 1837 291 1900 his
309 1837 463 1901 omnibus
478 1838 651 1920 justitiam,
668 1838 922 1919 humanitatem,
942 1839 1167 1905 abstinentiam

143 1925 327 2028 'mandibilem
344 1936 520 2003 addiderat.
537 1939 644 2003 Partas
657 1940 754 2003 armis
768 1962 845 2028 opes
862 1940 947 2003 inter
962 1963 1039 2004 suos
1052 1943 1168 2029 aequis·

143 2029 198 2098 tina
210 2039 376 2125 partitione
394 2037 576 2104 dividebat:
594 2042 663 2129 ipse
683 2040 765 2104 nihil
785 2039 862 2104 inde
881 2040 1089 2128 locupletior,
1110 2066 1167 2107 eo·

95 2174 100 2179 -
143 2127 193 2199 (lun
209 2161 390 2221 armorum,
410 2141 562 2221 vestium,
589 2143 798 2228 corporisque
824 2141 931 2222 cultu,
955 2164 1022 2228 quo
1049 2143 1166 2209 bellare

142 2249 260 2322 oepnat,
277 2255 352 2328 post
367 2256 417 2304 tot
434 2241 574 2329 insignes
592 2241 741 2304 victorias
757 2262 851 2328 agere
868 2242 1100 2327 perseverabat.

89 2326 96 2411 i„
153 2334 225 2404 ·lIII.
239 2344 335 2407 llunc
347 2357 493 2405 tenorem
508 2342 580 2405 vitae
593 2342 680 2404 nulla
693 2342 877 2429 solemnitas
889 2342 1062 2422 festorum,
1078 2345 1166 2409 nulla

89 2420 97 2521 i
140 2440 250 2507 missio
270 2445 388 2526 animi,
409 2467 451 2508 ne
473 2445 659 2532 nuptiarum
685 2441 818 2530 quidem
840 2443 992 2507 omnibus
1013 2444 1164 2532 gentibus

140 2529 357 2634 hominibusque
378 2545 511 2635 probata
532 2544 671 2608 hilaritas
693 2542 756 2607 ulla
780 2557 928 2630 exparte
948 2543 1164 2632 interrumpe·

89 2636 91 2689 5
139 2628 183 2704 ltt.
196 2643 299 2727 Quom
316 2646 403 2710 enim
422 2645 570 2710 ditissimi
588 2643 755 2725 cujusdam
768 2643 829 2708 viri
845 2642 940 2707 filiam
958 2645 1165 2710 matrimonio

136 2729 264 2831 nagan,
285 2747 462 2834 multisque
474 2747 599 2835 poculis
612 2747 717 2810 aureis
736 2747 979 2835 argenteisque,
996 2746 1164 2835 multaque

139 2847 241 2931 ‘sagula
252 2864 342 2912 veste
353 2848 461 2912 eximii
475 2849 580 2935 operis
592 2847 784 2912 adornatum
797 2847 973 2910 triclinium
984 2862 1081 2930 esset,
1093 2848 1163 2913 haec

139 2933 240 3013 ³¹l‘tttu
260 2950 388 3031 lancea,
412 2949 453 3012 ab
476 2949 536 3012 bac
552 2949 689 3038 pendere
709 2951 769 3012 ista
785 2950 890 3011 omnia
909 2944 1000 3014 dixit.
1018 2947 1161 3013 Multum

138 3031 222 3111 tend,
240 3066 386 3140 rogatus,
406 3066 443 3113 ut
468 3050 555 3114 lotus
580 3049 802 3131 accumberet,
819 3071 887 3112 non
907 3049 1028 3136 paruit3
1046 3047 1103 3113 sed
1122 3071 1162 3113 ex

138 3133 355 3215 inunctionis
376 3152 495 3214 mensis
512 3150 611 3231 nihil,
627 3150 689 3213 nisi
706 3172 822 3237 panem
840 3163 872 3212 et
887 3170 1014 3230 carnes,
1031 3148 1163 3231 tollens,
1181 3194 1185 3199 ·

89 3298 92 3305 .
138 3232 206 3311 laba
219 3253 400 3316 comitibus·
413 3252 499 3333 suis;
517 3268 550 3316 et
568 3253 636 3339 ipse
656 3266 743 3315 stans
764 3248 955 3314 comedebat
972 3248 1060 3313 haud
1081 3249 1160 3314 din:

89 3402 92 3409 .
138 3332 222 3414 dt'tttde
246 3374 397 3442 sponsam
426 3351 543 3417 adduci
567 3353 672 3431 jussit.
688 3351 830 3433 -Quam,
855 3349 990 3437 peractis
1021 3350 1160 3436 hispano

89 3438 92 3489 l
138 3456 203 3511 mm
219 3454 430 3535 solemnibus,
448 3477 534 3542 equo
551 3454 752 3541 impositam,
771 3451 877 3515 statim
893 3449 934 3515 ad
951 3467 1100 3529 montes,
1123 3449 1158 3511 in

94 3578 97 3583 ·
139 3542 225 3622 quibus
244 3577 281 3617 eo
303 3571 449 3643 tempore
472 3554 616 3643 praesidia
637 3576 695 3618 sua
712 3551 869 3634 habebat,
886 3575 996 3616 seeum
1014 3548 1157 3614 abduxit.

141 3635 188 3707 llic
196 3648 345 3744 disciplina
354 3657 511 3720 intentam
524 3656 659 3744 negotiis
671 3671 828 3736 mentem,
841 3671 874 3718 et
884 3652 985 3719 valida
998 3651 1157 3733 membra,

142 3744 304 3821 “illibatum
316 3758 445 3822 virtutis
457 3757 560 3821 robur
575 3755 615 3821 ad
629 3772 810 3820 extremum
828 3776 931 3841 usque
949 3751 1094 3816 retinuit.

168 3913 312 3982 lutosa
323 3934 550 3991 xnus-cro.
562 3932 593 3981 a·
604 3929 677 3980 one.
689 3934 726 3992 n,
742 3927 1138 3995 11.-§U1.Died.tp.Vahs„
