2594 4980
184 685 240 754 IN
272 683 388 753 LOC.
415 685 508 753 LIB.
534 686 587 754 LI
616 686 827 759 LIVIANI.
975 683 1039 781 137

93 825 138 867 res
157 820 265 885 erant,
285 805 356 870 sine
373 806 500 886 majoris
519 799 677 871 exercitus
695 805 842 896 praesidio
861 806 904 871 ad
924 808 1042 874 moenia

93 906 177 994 tginis
195 905 336 971 adeundi
355 931 362 972 ι
382 924 513 996 eratque
535 910 569 972 iu
587 931 623 972 ea
646 905 1042 992 conditione-Mancinus,

93 1009 185 1097 emplis
201 1008 332 1073 illorum
345 1010 466 1076 ducum
481 1033 666 1077 accessurus
679 1010 854 1091 videretur,
866 1013 940 1099 qui,
954 1012 1043 1076 nulla

93 1133 127 1174 us
143 1111 250 1175 habita
265 1114 407 1194 ratione,
426 1137 529 1201 quum
546 1114 579 1178 in
598 1113 667 1177 loca
683 1112 864 1202 periculosa
882 1135 916 1175 sc
931 1115 1042 1193 conje-

93 1228 115 1294 t,
128 1214 208 1278 tristi
225 1216 411 1279 temeritatis
428 1217 536 1297 exitu,
551 1232 802 1280 monumentum
820 1213 957 1303 posteris
973 1215 1043 1279 rell·

93 1329 135 1397 nt,
150 1317 231 1379 bono
250 1317 326 1380 duci
341 1317 449 1406 (quod
470 1318 636 1406 aliquanto
653 1333 729 1405 post
748 1316 911 1379 Sertorius
926 1314 1043 1381 dixisse

93 1418 117 1502 r)
135 1439 197 1480 nort
215 1420 436 1506 respiciendum
452 1422 573 1498 minus,
591 1441 689 1507 quom
702 1416 954 1505 prospiciendum
969 1439 1040 1480 esse.

93 1518 233 1600 itantem,
251 1543 292 1583 ne
309 1520 404 1584 simul
418 1544 494 1585 cum
510 1521 583 1584 luce
600 1518 879 1608 Carthaginienses
895 1517 1042 1606 praecipi·

93 1640 122 1681 er
135 1643 230 1710 rupes
245 1621 285 1686 ad
305 1645 391 1686 mare
406 1637 555 1711 agerent,
578 1621 709 1684 fortuna
722 1618 889 1706 explicuit,
900 1617 940 1680 iu
955 1615 1042 1681 idem

93 1741 198 1808 empus
213 1722 364 1809 Scipione
381 1722 533 1787 adducto.
554 1721 640 1804 Qui,
659 1735 781 1784 uteret
797 1718 838 1783 ad
859 1719 970 1782 omnia
988 1741 1044 1783 su·

93 1823 198 1886 cnsilio
217 1841 250 1887 ct
268 1824 398 1887 audacia
416 1841 605 1912 promptus,
621 1845 713 1886 mora
731 1822 818 1886 nulla
835 1820 1042 1908 interposita,
1108 1829 1122 1846 ‘

93 1942 144 1984 um
163 1922 203 1985 ad
223 1925 439 2002 revocandos,
462 1926 518 2012 qui
541 1923 791 2004 exscendcrant‚
816 1921 932 1986 milites
954 1920 1042 2002 cani,

93 2023 312 2088 rUticensium
327 2047 403 2087 cum
417 2025 513 2088 armis
530 2025 640 2112 sequi,
658 2047 677 2087 a
690 2024 872 2088 senioribus
883 2045 1043 2088 commea·

93 2144 198 2188 inanes
212 2128 407 2212 comportari
420 2125 525 2206 jussit.
539 2127 590 2191 ad
602 2143 757 2190 terrorem
767 2124 886 2190 deinde
896 2126 1041 2190 hostium

93 2226 169 2310 priris
191 2228 315 2313 aliquot
339 2229 451 2309 solvit,
471 2229 694 2308 nuntiaturos,
715 2226 826 2291 adesse
844 2225 1040 2313 Scipionem.

93 2346 188 2391 ouem
205 2328 303 2391 etiam
317 2329 396 2393 alios
414 2352 511 2418 super
526 2330 605 2393 alios
624 2353 699 2394 curu
716 2329 786 2393 citis
798 2329 892 2417 equis
908 2329 1041 2393 nuntios

100 2443 134 2490 ut
148 2451 247 2515 quam
263 2429 428 2494 celerrime
441 2430 482 2495 ad
496 2431 721 2520 Carthaginem
734 2445 928 2494 occurreret.

96 2525 163 2616 lpse
177 2528 294 2593 deinde
313 2548 427 2618 quarta
439 2533 544 2621 vigilia
561 2534 711 2612 solvens,
729 2549 767 2595 ut
782 2533 910 2612 majoris
926 2531 1043 2595 exerci-

93 2629 177 2692 tciem
190 2630 318 2694 eminus
329 2633 500 2719 praeberet,
513 2634 646 2714 milites,
659 2634 718 2697 ubi
728 2634 1043 2722 appropinquassent

93 2745 165 2794 sure
182 2733 215 2794 in
229 2733 378 2798 tabulatis
393 2736 524 2798 navium
539 2751 679 2816 erectos,
693 2735 799 2814 jussit.
811 2733 968 2822 Adeoque
980 2734 1043 2797 luit

93 2847 180 2897 tunus
203 2836 360 2916 consulis,
380 2848 411 2900 et
430 2835 623 2900 adsalutem
638 2836 800 2915 Mancini,
821 2836 943 2922 quique
966 2857 1041 2898 cum

93 2950 135 3017 nt,
151 2937 349 3001 necessarius
364 2937 521 3002 adventus
532 2987 541 3019 ,
554 2953 592 3001 ut
606 2937 632 3000 si
646 2936 807 3000 tantillum
824 2935 932 2998 adhuc
945 2958 1044 2998 morae
1066 2926 1067 2931 ¹

93 3037 239 3120 osuisset,
254 3061 362 3103 serum
373 3058 447 3128 post
457 3055 619 3127 acceptam
631 3038 754 3103 cladem
768 3037 923 3100 auxilium
936 3058 1043 3100 acces·

94 3137 263 3204 rideretur.
283 3142 322 3203 In
346 3141 460 3205 orbern
478 3141 668 3231 pugnabant
683 3140 841 3220 Romani,
858 3139 992 3227 receptis
1008 3138 1042 3201 in

93 3259 121 3302 tu
139 3241 315 3306 inermium
339 3243 441 3306 tribus
466 3245 566 3309 lerme
592 3243 757 3322 millibus,
775 3242 831 3329 qui
850 3241 890 3305 ab
912 3241 1041 3305 minatis

93 3335 152 3405 lum
173 3344 361 3432 quingentis
380 3345 579 3434 tegebantur.
600 3347 736 3432 Jamque
757 3344 878 3408 crebris
897 3344 1042 3407 vulneri·

93 3452 258 3508 tnumero
274 3446 418 3509 hostium
435 3445 574 3536 fatigati,
588 3446 628 3511 ad
646 3448 713 3537 ipsa
729 3447 846 3511 moenia
862 3468 896 3509 se
913 3467 1043 3532 recepe·

93 3544 173 3609 uude
191 3547 218 3610 si
235 3546 496 3630 deturbarentur,
513 3572 571 3636 per
592 3549 728 3638 abmpta
747 3565 780 3612 et
799 3547 974 3637 praecipitia
989 3545 1043 3608 fu·

93 3662 118 3719 s,
132 3648 227 3710 etiam
244 3649 313 3712 siue
332 3649 439 3714 hostili
457 3650 560 3728 ferro,
578 3653 782 3731 consumor,
799 3667 831 3714 et
848 3651 882 3713 in
896 3647 1042 3713 abscissis

93 3741 174 3813 ''teilis
195 3750 318 3839 lapsus,
343 3753 431 3816 velut
453 3754 546 3816 ruina
570 3753 735 3844 affligeret.
762 3752 813 3818 nd
838 3767 1042 3842 conspectam

93 3848 135 3912 uis
149 3852 282 3915 classem
295 3856 394 3917 animi
408 3854 597 3919 ceciderunt
610 3855 734 3934 Poenis,
750 3876 925 3944 pugnaque
943 3853 1043 3915 inter·

93 3990 98 4024 ,
114 3954 249 4038 spatium
276 3954 393 4021 dedere
418 3958 545 4022 consuli
571 3959 760 4022 Mancinum
786 3973 982 4043 caeterosque
1006 3954 1041 4016 in

99 4053 277 4140 recipiendi.
300 4057 487 4122 Mancinum
506 4082 525 4123 e
551 4060 685 4150 vestigio
706 4062 843 4124 Romam
867 4061 913 4121 ire
927 4056 1041 4137 jussit;

93 4160 275 4218 tsuecessor
288 4157 316 4219 ei
331 4159 486 4224 Serranus
503 4158 544 4225 ad
558 4161 689 4226 classem
703 4177 835 4225 venerat
849 4183 856 4225 :
871 4160 952 4247 ipse,
968 4158 1041 4222 loco

93 4247 189 4318 *baud
202 4259 314 4343 procul
327 4261 519 4349 Carthagine
531 4279 640 4351 capto,
658 4261 777 4342 majore
789 4261 821 4323 vi
833 4260 955 4324 bellum
967 4259 1041 4325 urbi

96 4438 188 4491 -Zonrn
203 4473 239 4482 -
251 4447 354 4511 Appiam
369 4478 403 4487 -
414 4451 500 4501 Snidas
510 4453 536 4499 in
550 4446 699 4519 isadpopai.
711 4479 750 4492 --
761 4452 826 4500 Plut.
837 4454 929 4501 Sertor.
997 4460 1000 4467 '
