2594 4980
141 720 206 768 100
244 748 247 753 .
308 700 374 766 Jo.
401 698 745 768 rumusnuuu
774 681 1019 771 suerrum
1056 643 1059 647 ’

136 843 209 883 rum
223 818 361 906 navigari
375 835 500 906 posset,
514 833 547 882 et
561 840 580 880 a
597 819 677 881 mari
690 819 894 882 venientibus
908 819 1013 884 aditus
1026 835 1125 908 esset]

134 944 231 986 suum
259 921 475 1008 septuaginta,
500 921 556 1007 qui
582 919 701 983 catenis
728 919 839 983 ferreis
862 919 1079 986 claudebatur.
1102 921 1125 985 P

133 1024 252 1088 horum
270 1039 425 1110 portuum
443 1021 696 1111 negotiatoribus
714 1020 859 1109 patebat,
881 1023 1056 1110 multisque
1071 1038 1125 1087 eti

134 1148 211 1190 usus
230 1124 367 1186 tabernis
383 1138 450 1186 erat
466 1123 664 1186 instructus:
678 1122 711 1184 in
726 1122 878 1186 interiore
888 1124 1014 1202 jacebat
1027 1124 1125 1188 insula

133 1227 250 1307 tunda,
267 1228 320 1290 cui
335 1225 456 1290 Cothon
468 1242 536 1288 erat
549 1247 669 1289 nomen
687 1226 796 1312 (quasi
812 1249 942 1314 parvam
960 1226 1117 1314 diceres),

133 1328 298 1417 pidinibus
316 1327 439 1416 magnis
455 1342 487 1390 ct
503 1327 604 1415 ipsam
623 1343 655 1390 et
670 1343 801 1414 portum
817 1329 1081 1394 continentibus:
1097 1329 1125 1392 in

133 1430 350 1518 crepidinibus
360 1429 430 1492 loca
441 1444 531 1492 erant
541 1428 730 1492 manufacta
739 1427 929 1516 recipiendis
947 1430 1103 1509 navibus,
1118 1454 1125 1492 t

133 1556 205 1596 rum
226 1533 271 1596 ibi
292 1548 375 1596 stare
394 1530 436 1594 ad
458 1529 612 1594 ducentas
635 1530 748 1620 viginti
766 1544 915 1617 poterant
936 1552 944 1593 :
963 1546 996 1593 et
1017 1552 1114 1618 supra

134 1636 263 1697 navium
279 1633 478 1720 receptacula
496 1648 625 1696 structae
641 1646 733 1695 erant
748 1631 849 1711 cellae,
864 1631 984 1719 quibus
1000 1654 1125 1695 armam«

132 1750 164 1798 et
180 1735 322 1823 supellex
338 1734 464 1797 nautica
481 1733 701 1797 clauderetur:
715 1733 757 1795 ab
774 1732 1032 1820 uniuscujusque
1050 1733 1125 1797 stati-

132 1837 285 1900 lateribus
299 1835 527 1922 prominebant
538 1835 705 1898 columnae·
714 1834 819 1920 operis
833 1833 949 1913 ionici,
967 1833 1125 1924 speciem}

134 1939 214 2001 ricus
230 1936 375 2023 undique
392 1933 562 1999 reddentes
578 1934 768 1999 visentibus.
785 1936 823 1998 ln
842 1934 909 2021 ipsa
928 1934 1032 1997 insula
1047 1934 1125 1999 tabet

132 2037 241 2100 culum
258 2051 325 2100 erat
342 2037 492 2124 praefecto
509 2035 634 2116 classis,
651 2034 738 2098 unde
757 2034 886 2122 signum
906 2034 985 2098 tuba
1002 2032 1125 2099 dabatru

131 2161 236 2226 praeco
261 2138 423 2218 edicebat,
445 2153 478 2200 et
502 2134 672 2222 praefectus
698 2137 766 2223 ipse
788 2135 1005 2222 prospiciebat
1030 2159 1038 2200 :
1062 2158 1125 2199 nan

130 2240 236 2326 primo
255 2254 439 2326 portusore
453 2257 555 2320 quum
570 2236 675 2321 posita
689 2250 772 2298 esset
784 2236 904 2315 insula,
917 2238 962 2299 sio
973 2259 1010 2299 ea
1024 2253 1125 2323 praete]

132 2340 238 2420 batur,
255 2339 338 2401 utin
351 2358 437 2398 mare
447 2350 635 2422 prospectus
645 2335 796 2421 praelecto
813 2336 875 2398 late
886 2351 1024 2422 pateret,
1036 2352 1068 2400 et
1082 2358 1123 2400 co

131 2436 396 2528 adnavigantibus
412 2435 563 2497 interiora
580 2451 693 2521 portus
707 2436 778 2498 visu
796 2434 1051 2522 impenetrabilia
1064 2460 1125 2502 esst

132 2564 173 2604 ne
194 2538 390 2602 intrantibus
413 2534 545 2622 quidem
569 2536 822 2624 negotiatoribus
841 2537 946 2600 statim
968 2538 1001 2599 in
1021 2559 1125 2626 consp

131 2657 222 2704 crant
238 2640 375 2719 navalia:
387 2636 508 2724 duplici
525 2638 611 2700 enim
629 2660 724 2701 muro
736 2638 967 2727 cingebantur:
981 2655 1014 2702 et
1031 2640 1065 2702 in
1081 2640 1125 2704 ιιι-’ἒ

132 2740 281 2806 accedere
298 2763 336 2803 ex
352 2762 412 2802 suo
427 2754 523 2825 portu
540 2755 733 2803 mercatores
748 2762 807 2825 per
823 2740 915 2802 aliam
931 2740 1016 2803 viam
1031 2756 1125 2829 poter

133 2864 228 2931 quam
252 2862 323 2927 quae
343 2863 401 2927 per
423 2839 545 2903 navalia
569 2838 716 2904 ducebat.
739 2841 815 2903 Haee
837 2841 977 2928 antiquae
997 2843 1125 2933 Carthag

132 2945 236 3007 forma
251 2943 314 3005 fuit
331 2964 339 3004 :
357 2963 421 3028 qua
435 2941 469 3002 in
483 2941 565 3004 urbe
579 2957 650 3004 tum
666 2942 821 3028 temporis
836 2942 1008 3005 hominum
1023 2942 1064 3006 ad
1080 2966 1125 3032 sep

83 3041 86 3050 '
131 3062 224 3134 genta
240 3044 338 3106 millia
354 3041 631 3104 numerabantur:
648 3041 740 3120 cujus
756 3040 863 3105 adhuc
881 3042 1053 3132 imperium
1071 3061 1125 3108 tro

132 3161 173 3208 tae
186 3168 243 3232 per
262 3144 403 3208 Africam
422 3141 520 3204 urbes
536 3133 765 3228 agnoscebant.

175 3247 260 3308 XLI.
280 3242 343 3306 Scd
360 3242 486 3304 romani
504 3241 652 3304 eonsules
668 3243 749 3304 nihil
767 3243 870 3325 aliud,
887 3267 985 3333 quam
1003 3268 1125 3313 exarma

132 3367 222 3425 esse,
239 3344 433 3430 cogitantes,
450 3341 575 3403 minimi
591 3341 709 3405 laboris
729 3346 998 3434 expugnationem
1019 3370 1089 3411 earn
1106 3350 1125 3411 fl

133 3469 202 3509 ram
218 3442 478 3508 arbitrabantur:
495 3440 634 3529 ideoque
650 3444 738 3507 nulla
756 3444 796 3508 de
812 3467 863 3526 re,
881 3447 941 3508 nisi
958 3448 1049 3511 scalis
1065 3471 1125 3512 con

132 3545 259 3622 randis,
276 3543 420 3622 solliciti,
437 3542 487 3606 his
506 3542 629 3607 effectis
643 3544 683 3607 ad
701 3546 952 3635 oppugnandam
971 3548 1087 3612 urbem
1103 3572 1125 3638 p

132 3648 351 3726 ciscebantur3
368 3645 577 3732 partibusque
594 3647 679 3709 inter
691 3669 726 3711 se
742 3646 869 3728 divisis,
886 3647 1018 3711 Manilio
1031 3649 1125 3736 quide

133 3749 320 3811 continente
337 3769 395 3834 per
418 3747 575 3810 cervicem
600 3749 683 3811 fossa
708 3747 888 3835 implenda,
917 3749 1081 3836 loricaque
1102 3773 1125 3815 st

133 3850 268 3927 fossam,
291 3862 323 3909 et
345 3846 462 3911 deinde
483 3869 595 3911 murus
619 3848 790 3912 sublimior
815 3849 1015 3936 superandus
1036 3873 1125 3916 event

134 3950 169 4011 L.
190 3946 328 4010 Marcius
346 3946 387 4010 ad
401 3947 567 4010 infirmum
588 3949 674 4011 muri
692 3949 846 4037 angulum
864 3968 1003 4014 exterra
1022 3953 1122 4018 simul

133 4047 291 4134 vibusque
314 4048 411 4111 scalas
437 4046 640 4113 admovebat.
668 4048 759 4113 Nihil
785 4066 850 4113 tam
874 4067 985 4115 eontra
1008 4054 1122 4140 opinio

135 4150 262 4213 evenire
275 4149 425 4235 cuiquam
441 4164 567 4234 potest,
579 4172 676 4235 quarn
689 4145 778 4237 quod
794 4172 833 4214 eo
851 4166 998 4239 tempore
1009 4156 1125 4218 consul

136 4251 277 4313 romanis
294 4249 415 4330 evenit,
432 4271 535 4336 quum
559 4272 653 4313 muro
672 4266 798 4315 tantum
817 4267 850 4317 et
872 4252 1050 4318 inermibus
1071 4277 1125 4344 pet

171 4443 188 4510 3
202 4446 255 4494 Ὴι.
265 4444 344 4495 strab.
353 4470 389 4480 -
398 4444 506 4508 Appiam.
515 4469 551 4481 -
560 4445 646 4493 Zonar.
