2594 4980
143 732 212 804 316
314 737 382 802 JO.
408 737 743 805 FREINSHEMII
774 737 1017 806 SUPPLEM.

176 857 259 926 magis
271 857 363 926 quiete
377 875 418 906 res
432 857 536 927 AEgypti
550 855 709 908 reseruntur.
722 855 891 918 Ptolemaeus,
906 855 1044 927 Euergetes
1058 854 1194 927 co'gnomi·

175 951 269 1001 natus,
280 939 316 990 ob
328 939 435 990 nimiam
448 938 628 991 crudelitatem
642 939 695 990 suis
708 938 823 1002 invisus,
837 939 944 991 incensa
959 957 975 991 a
991 938 1088 1010 populo
1104 939 1193 1011 regia,

175 1022 242 1076 clam
256 1023 361 1095 Cypron
374 1024 507 1092 profugit:
525 1035 566 1084 et,
581 1039 664 1092 quum
680 1022 762 1074 sorori
779 1024 834 1095 ejus
847 1021 1009 1094 Cleopatrae,
1027 1040 1107 1094 quam
1124 1022 1194 1091 (lilia

175 1111 230 1180 ejus
242 1105 343 1176 virgine
354 1125 399 1178 per
411 1104 464 1155 vim
478 1123 642 1175 compressa,
659 1117 737 1176 atque
750 1104 777 1156 in
792 1105 987 1157 matrimonium
1002 1104 1097 1177 ducta)
1115 1125 1194 1178 repu·

172 1188 290 1241 diaverat
298 1229 305 1252 ,
314 1208 425 1260 regnum
437 1208 453 1240 a
466 1189 564 1260 populo
576 1189 667 1241 datum
681 1200 758 1251 esset,
771 1186 888 1241 infensus
897 1187 1001 1253 filium,
1015 1202 1093 1261 quem
1105 1208 1135 1241 ex
1148 1188 1195 1243 illa

174 1272 301 1335 habehat,
313 1275 393 1345 Cypri
405 1270 516 1334 occidit,
530 1284 662 1343 caputque
672 1274 728 1345 ejus
740 1283 766 1324 et
779 1290 890 1334 manus,
901 1284 926 1324 et
935 1271 1015 1343 pedes
1026 1273 1101 1326 matri
1113 1271 1192 1326 misit.

173 1355 347 1410 Seditionesa
367 1355 508 1408 triumviris
523 1356 616 1408 Fulvio
630 1355 741 1418 Flacco,
759 1366 784 1406 et
801 1355 982 1419 unruocho,
1002 1369 1027 1409 et
1044 1357 1075 1408 C.
1088 1356 1194 1428 Papirio

173 1440 310 1502 Carbone,
324 1460 388 1511 agro
406 1438 548 1491 dividendo
565 1438 674 1501 creatis,
693 1438 825 1490 excitate:
842 1438 937 1509 quihus
955 1456 1037 1509 quum
1059 1440 1088 1490 P.
1107 1438 1193 1510 Scipio

174 1524 312 1576 Africanus
327 1523 525 1586 adversaretur,
543 1522 668 1597 sortisque
686 1541 716 1575 ac
729 1520 833 1574 validus
849 1520 881 1573 de
894 1521 937 1575 die
953 1521 1062 1574 domum
1079 1540 1106 1573 se
1122 1540 1194 1575 rece·

174 1607 270 1678 pisset,
284 1619 403 1659 mortuus
419 1608 445 1658 in
465 1606 586 1658 cubiculo
605 1607 724 1658 inventus
741 1617 788 1658 est.
805 1607 928 1675 Suspecta
944 1605 1010 1669 fuit,
1025 1617 1151 1676 tanquam
1169 1605 1195 1660 ei

175 1708 304 1742 venenum
321 1689 450 1752 dedisset,
469 1691 622 1759 Sempronia
635 1707 711 1752 uxor,
727 1688 790 1740 hinc
805 1689 932 1752 maxime,
949 1687 1021 1759 quod
1037 1708 1111 1742 soror
1128 1702 1196 1743 esset

174 1771 372 1835 Gracchorum,
387 1790 447 1824 cum
459 1773 555 1843 quibus
566 1771 683 1824 simultas
693 1772 817 1825 Africano
831 1774 917 1824 iuerat
932 1789 938 1823 :
959 1771 993 1825 de
1006 1785 1090 1826 morte
1105 1786 1195 1827 tamen

174 1859 230 1928 ejus
248 1855 321 1906 nulla
340 1857 447 1925 quaestio
465 1868 532 1908 acta.
550 1857 589 1909 Eo
606 1854 746 1919 defuneto,
763 1855 901 1909 seditiones
918 1856 1093 1910 triumvirales
1110 1859 1195 1911 acrius

175 1951 334 1989 exarserunt.
356 1939 385 1989 C.
405 1938 572 2009 Sempronius
590 1938 684 1991 consul
702 1951 794 1991 contra
812 1939 928 2013 lapydas
948 1940 1106 2010 primorem
1126 1940 1194 1994 male

175 2018 253 2088 gessit
274 2036 280 2070 :
304 2039 364 2071 mox
387 2022 496 2073 victoria
518 2020 618 2073 cladem
639 2033 773 2093 acceptam
794 2022 941 2076 emendavit
961 2024 1056 2077 virtute
1077 2025 1109 2076 D.
1123 2024 1195 2078 lunii

172 2102 263 2165 Bruti,
279 2106 352 2174 ejus,
364 2101 409 2175 qui
423 2104 584 2157 Lusitaniam
597 2105 746 2174 subegerat.
900 2103 905 2111 ’

141 2280 165 2341 1.
181 2246 486 2345 'paauuaanrur
511 2282 596 2343 inter
613 2282 720 2345 haeca
743 2283 778 2345 P.
803 2282 953 2369 Scipione
975 2272 1082 2370 magis
1095 2282 1197 2364 fame,

138 2403 235 2467 quam
258 2383 354 2444 armis
377 2382 583 2462 Numantini,
609 2397 801 2467 orantesque
822 2397 878 2444 aut
899 2404 1040 2470 pugnant
1064 2397 1096 2445 et
1119 2383 1196 2446 viris

140 2479 273 2568 dignum
297 2483 432 2562 exitum,
451 2498 505 2543 aut
525 2483 703 2545 tolerabiles
721 2481 823 2545 libero
840 2482 962 2570 populo
979 2481 1197 2559 conditiones,
1290 2507 1293 2511 ·

138 2599 289 2645 neutrum
304 2586 567 2670 impetraverant3
584 2605 690 2671 neque
701 2581 822 2646 donare
839 2598 957 2646 certam
967 2583 1133 2646 victoriam
1143 2605 1198 2647 vo·

136 2684 222 2746 lento
231 2686 396 2766 Africano,
410 2709 515 2771 nequo
526 2687 682 2776 sanguiue
699 2707 834 2749 suorum
845 2706 962 2750 emere.
978 2687 1081 2774 lgitur¹
1094 2709 1197 2773 quum

138 2808 175 2847 ex
188 2787 309 2873 oppido
324 2789 467 2874 quinque
484 2788 644 2875 principes
657 2785 698 2851 ad
716 2809 791 2850 eum
808 2788 896 2850 missi
913 2804 1035 2867 essent,
1054 2788 1198 2853 Abarus·

142 2909 206 2972 que
219 2889 385 2976 legationis
396 2905 507 2975 caput,
518 2911 584 2950 non
595 2911 654 2974 pro
668 2890 798 2951 fortuna
810 2903 982 2976 praesente,
993 2885 1048 2950 sed
1058 2909 1097 2949 ex
1108 2887 1199 2951 insti·

138 3003 208 3051 tuto
229 2992 325 3052 veteri
344 2991 447 3077 gentis
472 2987 640 3075 magnifice
658 2989 803 3069 locutus,
828 2987 1007 3074 petivisset,
1026 2998 1061 3049 ut
1077 2987 1197 3073 Scioro,

139 3081 416 3176 vz'r'fhrtissimus,
433 3089 567 3176 ejusdem
585 3087 699 3152 indolis
716 3087 877 3174 laudisque
893 3090 977 3149 viros
991 3101 1199 3166 conservaret;

139 3203 232 3276 utque
247 3193 279 3251 in
296 3191 441 3276 cy'ttsjum
456 3211 517 3249 osse
531 3203 683 3275 potestate
698 3187 844 3265 dixisset,
856 3202 893 3249 ut
906 3187 960 3249 vel
973 3188 1127 3251 tleditt'otie
1141 3211 1199 3251 ae-

137 3292 250 3375 ceperet
270 3289 424 3375 populum
451 3293 687 3369 salmantinum,
712 3285 766 3348 vel
788 3286 964 3374 pugnando
993 3287 1110 3351 videret
1129 3311 1198 3350 mo-

136 3392 261 3451 rientem
274 3415 284 3450 .·
298 3390 378 3450 nihil
391 3413 407 3451 u
418 3389 567 3473 Scipione
584 3410 775 3475 responsum
787 3403 836 3450 est
849 3434 858 3468 ,
874 3388 934 3450 nisi
946 3389 1048 3450 urbem
1060 3402 1199 3475 gentem·

136 3513 196 3577 que
212 3513 282 3553 cum
301 3493 396 3552 armis
414 3490 490 3551 dedi
510 3503 654 3577 oportere.

182 3590 224 3652 ll.
247 3591 322 3671 Quo
342 3591 426 3652 enirn
446 3591 479 3651 in
506 3606 589 3653 statu
609 3612 660 3654 res
682 3592 957 3655 Numantinorum
984 3607 1107 3671 essent,
1129 3612 1199 3655 non

139 3691 261 3752 rationo
276 3707 400 3753 tantum
418 3708 449 3754 et
466 3692 732 3772 conjectura,·sed
746 3694 841 3756 etiam
857 3691 984 3756 indiciis
1000 3693 1199 3779 captivorum

140 3809 340 3879 cognoverat.
358 3794 498 3867 Hoourhi
510 3794 692 3857 Numantiae
706 3791 870 3872 auditum,
883 3792 1031 3854 homines
1042 3793 1107 3871 jam
1124 3808 1201 3854 ante

141 3913 206 3978 prm
228 3892 449 3980 magnitudine
470 3894 684 3957 calamitatum
702 3893 762 3957 diis
785 3894 1039 3979 hominibusque
1061 3892 1200 3972 infensi,
1248 3883 1252 3889 ’

141 4007 211 4054 tum
223 4015 300 4054 vero
315 3991 354 4054 ad
365 3994 509 4055 ultimant
528 3993 759 4082 desperationis
771 3996 891 4057 rabiem
906 3994 1005 4075 versi,
1018 4015 1120 4080 quum
1132 4014 1201 4055 nou

140 4093 276 4178 avuplius
300 4093 573 4174 incolumitatem,
597 4094 653 4159 sed
679 4118 717 4159 ex
739 4095 881 4158 vindicta
907 4095 1019 4158 mortis
1049 4093 1201 4157 solatium

140 4211 336 4280 quaererent,
349 4196 467 4284 legatos
482 4219 540 4282 per
552 4198 630 4259 iram
641 4244 650 4278 ,
661 4213 693 4260 et
709 4197 784 4284 quia
796 4197 878 4259 forte
893 4193 933 4259 de
949 4218 1008 4259 sua
1024 4196 1125 4258 salute
1135 4192 1202 4281 pri·

174 4383 222 4446 §¹-
237 4387 268 4431 U·
283 4387 310 4433 C·
323 4387 389 4448 6193
405 4389 435 4435 A·
452 4388 479 4435 C.
496 4388 551 4436 133.
565 4415 599 4425 —
610 4389 663 4439 Liv.
677 4389 743 4452 Epit.
761 4414 797 4426 -
812 4388 884 4436 Oros.
892 4388 924 4444 V,
939 4401 963 4446 7.
976 4411 1011 4422 -
1025 4383 1089 4432 Flor.
1100 4384 1139 4442 11,
1155 4381 1197 4430 18.

149 4493 183 4502 -—
196 4468 302 4531 appion.
315 4471 384 4532 ttisp.
