2594 4980
115 780 1158 823 mmmmmwmm

258 993 550 1097 JQANNIS·
579 993 1038 1095 FREINSHEMII

167 1208 1121 1399 SUPPLEMENTORUM

341 1556 959 1683 Liviiuosnu

473 1839 650 1918 LIBER
685 1838 825 1917 XVII

314 2063 357 2116 IN
385 2060 539 2149 LOCIJM
563 2059 684 2115 LIBRI
708 2058 770 2115 LII
796 2057 983 2114 LIVIAIII.
1032 2060 1034 2065 ’

450 2290 842 2325 ψ.

523 2497 765 2565 ΕΡΙΤΟΜΕ

253 2660 381 2714 mast
410 2659 1045 2728 QU1NQUAGES1MISECUND1.

113 2836 183 2886 Cum
194 2831 308 2894 Achaeis,
322 2832 368 2903 qui
383 2832 410 2883 in
424 2831 521 2884 auxilio
536 2832 637 2884 Boeotos
650 2843 676 2883 et
687 2832 874 2886 Chalcidenses
886 2834 1035 2900 habebant,
1048 2832 1081 2901 Q
1090 2823 1155 2887 Cati·

150 2915 199 2967 lius
210 2915 331 2967 Metellus
343 2914 377 2967 ad
386 2914 579 2987 Thermopylas
587 2914 658 2968 bello
667 2914 785 2968 conflixit
794 2933 800 2968 :
811 2916 907 2988 quihus
918 2919 995 2972 victis
1004 2956 1012 2982 ,
1022 2918 1074 2973 dux
1082 2920 1156 2971 suff

149 2999 280 3053 Critolaus
291 3018 394 3051 veneno
404 2998 453 3051 sibi
462 3009 573 3052 mortem
583 2998 711 3052 conscivit
721 3016 729 3061 ;
740 2999 769 3051 in
781 3003 855 3073 cujus
865 3000 955 3053 locum
964 3000 1066 3066 Diaeus,
1073 2989 1158 3055 aelli0¹

149 3097 236 3138 motus
245 3085 345 3156 primus
356 3095 459 3146 auctor,
475 3083 509 3135 ab
521 3082 622 3135 Achaeis
633 3081 687 3134 dux
699 3095 822 3146 creatus,
836 3082 871 3136 ad
882 3083 1004 3136 Isthmon
1018 3105 1034 3139 a
1046 3086 1077 3138 L.
1088 3080 1161 3135 Mau·

149 3169 203 3220 snio
221 3169 329 3222 consule
345 3168 428 3220 victus
445 3178 484 3218 est
502 3183 509 3217 ε
531 3165 594 3237 qui,
609 3165 682 3218 omni
700 3166 801 3220 Achaia
819 3167 848 3220 in
870 3166 1035 3222 deditionem
1052 3170 1160 3245 ωαψς

149 3251 298 3304 Corinthon
318 3271 349 3304 ex
370 3247 596 3302 senatusconsulto
617 3247 714 3313 diruit,
726 3251 789 3321 quia
809 3251 847 3304 ibi
867 3251 947 3324 legati
968 3252 1072 3307 romani
1087 3244 1160 3305 tiulfi*

147 3346 232 3388 erant.
248 3335 345 3387 Thebe
363 3351 470 3405 quoque
488 3343 513 3385 et
531 3331 654 3395 Chalcis,
668 3351 727 3403 qua
744 3333 843 3386 auxilio
859 3335 978 3399 sumant,
998 3335 1099 3389 diruta.
1113 3330 1163 3401 lP‘

149 3418 181 3471 L.
202 3419 348 3471 Mummius
368 3415 618 3469 abstinentissimum
640 3415 727 3470 virum
750 3416 802 3488 egit
822 3436 830 3470 :
853 3436 903 3471 nee
924 3416 1072 3491 quidquam
1089 3436 1120 3471 ea
1133 3405 1164 3461 ll·

147 3502 242 3573 opibus
259 3501 489 3570 ornamentisque,
508 3518 567 3571 que
583 3499 711 3572 praedives
731 3501 874 3555 Corinthus
891 3501 1001 3568 hahuit,
1022 3504 1051 3558 in
1068 3486 1164 3557 doni*

147 3591 203 3660 ejus
219 3586 347 3658 pervenit,
362 3585 397 3649 Q.
409 3584 527 3638 Caecilius
538 3584 659 3637 Metellus
672 3584 705 3637 ‹le
717 3584 847 3638 Andrisco
862 3584 1055 3658 triumphavit3
1070 3588 1100 3641 Ρ.
1109 3582 1166 3637 CN*

148 3670 232 3723 nelina
245 3668 333 3740 Scipio
344 3667 485 3721 Africanus
498 3668 669 3732 AEmilianus,
687 3667 720 3720 de
733 3668 893 3741 Carthagine
908 3680 935 3723 et
952 3668 986 3723 de
1001 3662 1166 3726 Hndrutslt·

148 3753 284 3806 Viriathus
297 3753 324 3805 in
340 3752 464 3822 Hispania
479 3751 594 3824 primum
609 3771 641 3804 ex
652 3763 757 3824 pastore
772 3764 895 3817 venator,
908 3771 939 3806 ex
953 3766 1081 3809 venatore
1092 3756 1166 3809 turos

147 3857 209 3891 mox
216 3837 281 3910 justi
294 3856 401 3909 quoque
414 3837 543 3890 exercitus
557 3835 610 3888 dux
623 3837 726 3900 iactus,
742 3847 825 3889 totam
841 3837 1008 3891 Lusitaniam
1022 3829 1167 3911 oocupatlli

147 3922 320 3975 M.Vetilium
333 3934 483 3994 pretorem,
497 3922 557 3974 fuso
570 3925 626 3994 ejus
643 3921 772 3984 exercitu,
785 3920 870 3992 oepit,
892 3933 952 3992 post
966 3939 1049 3992 quem
1061 3922 1090 3975 C
1100 3916 1169 3973 llll*

145 4006 200 4059 tius
220 4019 313 4077 praetor
331 4005 414 4059 nihilo
434 4004 538 4060 felicius
556 4023 611 4056 rem
632 4003 710 4075 gessit
720 4023 728 4069 ;
752 4016 911 4077 tantumque
927 4006 1038 4059 terroris
1053 4005 1076 4059 ia
1093 3992 1168 4057 hod*

145 4089 251 4152 intulit,
265 4101 294 4141 ut
313 4088 438 4143 adversus
457 4109 518 4143 eum
538 4086 671 4141 consulari
688 4106 755 4159 opus
776 4099 843 4140 esset
860 4099 888 4142 et
903 4087 989 4152 duce,
1009 4101 1037 4141 et
1052 4082 1167 4142 exadffl·

146 4173 273 4226 Praeterea
283 4185 369 4225 motus
380 4173 474 4246 Syrie,
486 4186 512 4225 et
523 4171 593 4224 bella
604 4170 672 4224 inter
680 4191 756 4243 reges
767 4184 839 4244 gesta
848 4174 1009 4225 referuntur.
1020 4162 1169 4227 sleswic·

146 4254 227 4308 homo
239 4255 342 4326 ignotus
355 4268 382 4309 et
391 4257 497 4309 incerta
510 4254 615 4327 stirpis,
630 4253 717 4308 occiso
730 4256 814 4324 (sirm
828 4268 890 4309 ante
903 4254 1005 4309 dictum
1018 4259 1072 4327 est)
1082 4254 1168 4307 Μ

145 4339 197 4391 trio
208 4357 282 4410 rege,
297 4338 324 4391 in
336 4340 411 4412 Syria
424 4339 552 4410 regnabat
568 4354 575 4389 :
591 4337 664 4391 hunc
675 4340 839 4403 Demetrius,
855 4340 981 4393 Demetrii
996 4339 1083 4402 filins,
1093 4348 1134 4409 qut
1147 4338 1166 4374 ¹

144 4435 219 4494 patre
231 4424 366 4495 quondam
379 4425 415 4477 ob
427 4423 541 4475 incertos
555 4421 619 4474 belli
633 4441 708 4476 casus
721 4423 860 4495 ablegatus
871 4422 980 4476 Gnidon
992 4424 1094 4484 iuuat,
1104 4425 1165 4469 σου·

142 4516 241 4575 tempta
259 4506 377 4559 socordia
396 4504 542 4574 inertiaque
560 4510 632 4580 ejus,
648 4504 789 4579 adjuvante
808 4506 947 4559 Ptolemaeo
967 4506 1071 4580 AEgypti
1087 4510 1162 4567 reget
