2594 4980
237 670 241 679 ’
297 719 349 786 m
380 717 489 785 soc.
515 717 605 785 ma.
629 717 757 784 Lxrx
790 717 1005 786 Liviam.
1111 717 1180 814 587

118 840 328 903 «faterentur.
357 838 387 901 N
390 860 454 901 unc
483 838 524 901 ab
549 836 780 924 antiquissimis
808 837 1010 924 temporibus
1037 841 1181 907 nobilem

118 942 342 1005 «Caeciliorum
366 940 543 1020 familiam,
568 941 632 1004 hoc
659 939 739 1003 nulli
767 939 926 1019 majorum
950 939 1054 1028 impar
1079 941 1182 1007 decus

119 1042 214 1106 «ideo
233 1043 387 1106 nimirum
403 1043 593 1131 protulisse,
609 1057 647 1106 ut
663 1042 748 1105 inter
759 1039 916 1105 illustrem
934 1039 1025 1103 domi
1041 1041 1180 1132 bellique

118 1175 131 1202 a
141 1160 286 1207 navatam
302 1167 450 1232 operam,
468 1144 572 1224 Urbe,
587 1165 685 1230 quam
698 1157 860 1221 ornasset,
878 1141 1068 1228 pelleretur,
1087 1158 1120 1206 et
1135 1144 1182 1207 in·

118 1245 296 1332 «glorium,
317 1246 517 1333 neglectum,
537 1244 718 1324 abjectum,
740 1243 774 1307 in
791 1241 901 1305 exsilio
919 1245 1180 1306 consenesceret!

117 1347 248 1427 «Quem
269 1369 346 1410 vero
361 1346 461 1409 animi
479 1346 608 1434 proprie
625 1361 657 1409 et
671 1367 746 1408 vere
762 1343 887 1406 romani
906 1342 995 1405 hunc
1011 1341 1179 1429 publicum

117 1445 304 1526 «dolorem,
329 1464 360 1510 et
387 1447 472 1510 hanc
494 1445 731 1534 turpitudinem
754 1444 880 1534 perpeti
902 1442 1019 1531 posse?
1045 1446 1190 1507 summae

117 1549 267 1613 «virtutis
289 1565 321 1611 et
344 1547 536 1612 innocentia
557 1548 662 1613 virum
686 1569 744 1636 per
766 1545 923 1641 Graeciam
946 1543 1121 1631 Asiamque
1147 1559 1181 1608 et

117 1654 367 1718 «transmarinas
385 1653 567 1742 provincias
580 1653 808 1733 obambulare,
825 1673 1032 1740 quacumque
1048 1648 1180 1714 incede·

115 1772 205 1837 «ret,
228 1756 389 1842 probitate
410 1756 494 1836 oris,
516 1755 682 1820 sanctitate
706 1776 851 1835 morum,
868 1753 1092 1818 testimonium
1114 1774 1182 1817 sttoe

115 1886 128 1911 ι
139 1858 315 1944 gravitatis,
336 1859 464 1946 signum
486 1857 669 1946 aegrotantis
686 1855 888 1944 reipublicae,
904 1854 1095 1944 presagium
1111 1853 1179 1918 rui·

116 1986 128 2010 a
140 1973 235 2031 turae,
252 1958 545 2021 circumferentem.
604 1978 606 1981 ·

159 2058 298 2121 XXXII.
316 2089 328 2112 a
340 2057 430 2138 Quid
445 2059 531 2122 enim
544 2075 600 2122 aut
611 2059 688 2123 salvi
700 2058 820 2146 sperari
833 2059 928 2122 bonis
942 2058 1073 2122 remotis
1085 2057 1177 2138 viris,

115 2173 195 2220 «aut
218 2157 297 2244 quid
321 2158 417 2238 objici
437 2159 570 2223 Metello
591 2181 703 2248 posse,
729 2160 907 2247 quominus
930 2160 1014 2224 inter
1036 2160 1180 2247 optimos

115 2287 128 2311 «
139 2259 349 2323 numeretur?
362 2260 474 2341 Quum
486 2260 642 2340 artas-ejus
653 2261 688 2323 in
700 2283 738 2324 ea
752 2276 898 2349 tempora
909 2259 1090 2341 incidisset,
1103 2260 1178 2348 qui-

115 2388 129 2415 «
138 2360 199 2422 bus
214 2360 347 2448 antiqua
360 2361 461 2425 virtus
476 2378 574 2449 atque
587 2363 754 2452 integritas
768 2361 901 2427 mirifice
916 2361 1126 2442 decrevissem
1142 2361 1177 2425 in

115 2462 288 2549 «periculis
302 2463 436 2544 fortem,
454 2463 488 2527 in
503 2463 740 2553 magistratibus
755 2481 788 2528 et
805 2464 949 2551 imperiis
962 2463 1178 2527 abstinentem

115 2563 253 2628 «fuissez
278 2565 366 2628 domi
383 2566 545 2653 optimum
564 2564 842 2653 patremfamilias,
861 2564 896 2626 in
912 2563 1077 2650 republica
1094 2584 1177 2649 prte-

115 2667 366 2729 «stantissimum
382 2667 503 2744 civem,
519 2665 744 2752 gravissimum
760 2679 943 2727 senatorem
959 2661 1070 2750 egisse.
1091 2662 1177 2726 Illud

115 2765 243 2851 «ipsum
256 2766 391 2828 unicum
401 2766 461 2828 viri
472 2766 612 2844 crimen,
625 2763 716 2852 quod
727 2765 761 2827 in
775 2764 879 2852 legem
892 2762 1058 2851 Apuleiam
1069 2763 1178 2844 jurare

117 2864 310 2943 «noluisset,
326 2864 369 2927 ita
385 2880 624 2953 comparatum,
644 2880 681 2928 ut
701 2863 824 2928 laudari
838 2864 913 2927 satis
930 2880 1088 2951 nequeat:
1106 2880 1178 2929 tau·

115 2978 208 3027 «tum
235 2988 303 3028 uno
322 2966 377 3029 1110
396 2964 481 3029 facto
505 2965 668 3055 gravitatis
689 2966 723 3027 in
745 2965 911 3044 moribus,
931 2967 1119 3029 constantiae
1141 2968 1176 3030 in

116 3065 305 3151 «periculis,
320 3066 446 3156 pietatis
464 3068 498 3130 in
511 3089 606 3131 causa
624 3067 735 3155 patriae
749 3066 934 3129 eminuisse.

158 3165 313 3231 XXXIII.
338 3168 429 3232 «Nec
448 3169 535 3231 enim
558 3189 753 3258 repugnasse
772 3167 864 3231 illum
884 3167 1045 3231 voluntati
1064 3169 1177 3255 populi

114 3268 279 3332 «romaniz
296 3269 353 3334 sed
369 3271 553 3357 exemplum
569 3268 696 3334 dedisse
709 3268 879 3351 omnibus,
896 3268 975 3355 quid
990 3268 1070 3333 velle
1083 3267 1179 3333 debe·

51 3426 55 3430 .
115 3385 274 3449 «10111,οῐ
294 3369 463 3459 quomodo
480 3371 581 3435 vitare
604 3370 752 3435 fraudem
771 3369 1015 3458 improborum,
1034 3368 1092 3457 qui
1114 3368 1176 3433 sub

114 3497 127 3522 ι
136 3469 220 3532 larva
234 3471 313 3536 boni
331 3472 452 3561 publici
466 3473 532 3536 suis
546 3471 728 3536 commodis
740 3472 980 3560 prospexerint,
995 3492 1176 3559 eorumque

115 3599 128 3623 α
137 3569 278 3637 audacie
291 3589 425 3661 possent
437 3572 593 3639 resistere.
609 3575 740 3638 Frustra
750 3572 854 3662 legem
868 3571 1021 3654 obtendI,
1035 3595 1108 3659 quae
1119 3594 1178 3661 per

113 3668 284 3736 «fraudem
301 3673 380 3753 lata,
398 3696 457 3762 per
475 3673 674 3739 iracundiam
684 3673 788 3753 jtrssa,
799 3695 912 3760 ¹neque
931 3673 1024 3738 initio
1041 3675 1176 3762 probata

114 3771 196 3850 ·sit,
219 3773 270 3835 vel
289 3773 356 3836 suis
380 3776 586 3839 auctoribus:
610 3790 642 3837 et
662 3796 751 3838 nunc
771 3773 887 3837 eodem
910 3775 1034 3862 populo
1055 3776 1176 3838 rescin-

114 3871 251 3954 «dente,
266 3891 438 3961 postquam
455 3893 538 3939 esset
550 3875 704 3939 omuibus
722 3876 888 3939 exsolutus
902 3875 1050 3940 cecitatis
1070 3891 1102 3937 et
1116 3875 1177 3936 im·

115 3973 317 4061 «prudentiae
338 3975 495 4056 vinculis,
516 3976 664 4065 abrogari
680 3997 793 4064 posse,
811 3974 901 4063 quod
917 3992 988 4040 000
1003 3999 1022 4039 a
1040 3974 1177 4062 decepto

113 4091 167 4138 «et
179 4092 372 4164 properante
386 4075 552 4142 decretum
566 4093 658 4141 esset.
728 4134 733 4144 .

158 4177 309 4241 XXXIV.
327 4177 453 4264 uldque
465 4178 573 4265 ipsum
586 4178 723 4241 omnino
737 4175 806 4240 lieri
816 4194 985 4265 oportere,
997 4175 1063 4254 jam
1076 4192 1174 4240 totam

114 4279 315 4358 «civitatem,
331 4300 511 4365 omnesque
528 4279 613 4343 illius
629 4272 753 4367 partes,
769 4280 857 4368 gravi
874 4276 1108 4367 significatione
1121 4300 1177 4343 vo-
1243 4320 1248 4332 ·

114 4379 268 4446 «luntatis
288 4381 520 4469 prejudicassc.
543 4381 641 4444 Plane
663 4381 695 4443 in
714 4380 817 4469 legem
837 4379 1024 4467 Apuleiam,
1042 4397 1174 4446 auctore

115 4482 171 4543 «C.
187 4483 303 4559 Mario,
323 4484 470 4573 exigente
490 4483 611 4570 populo
628 4506 779 4564 romano,
800 4482 924 4562 jurasse
937 4498 1103 4547 senatum:
1117 4479 1173 4546 ted
