2594 4980
165 761 233 831 280
337 764 405 829 JO.
433 760 774 830 FREINSHEMII
802 760 1045 829 SUPPLEM.

162 885 241 947 tntis
258 884 446 972 opinionem
467 883 529 944 sibi
547 883 684 970 peperit,
701 898 735 945 et
759 880 801 945 ab
818 883 1012 970 imperatore
1031 882 1141 945 multis
1165 882 1227 946 ho·

164 985 298 1049 noribus
314 985 449 1048 affectus
468 1000 525 1047 est.
794 1000 797 1005 ’
903 972 910 979 ”

208 1086 312 1149 xvss.
339 1086 421 1148 Mira
445 1086 532 1148 enim
553 1084 754 1148 humanitate
774 1085 862 1149 vlros
884 1084 938 1148 ille
960 1085 1060 1149 fortes
1084 1083 1229 1172 complc-

164 1187 326 1267 ctebatur3
345 1202 393 1268 et,
415 1202 513 1274 prout
529 1201 657 1274 tempus
676 1201 733 1249 aut
753 1185 880 1250 occasio
900 1200 982 1267 erat,
1000 1184 1100 1250 modo
1123 1185 1230 1248 muni·

164 1287 290 1352 ficetrtia
318 1287 495 1374 donisque,
526 1286 625 1351 modo
653 1287 829 1351 verborum
857 1287 983 1350 honore
1011 1285 1228 1372 laudibusque

164 1389 288 1455 eximin
307 1391 481 1454 liberaliter
496 1389 661 1454 efferebat.
680 1390 764 1454 Nam
781 1404 815 1453 et
828 1389 864 1453 C.
880 1388 1037 1470 Marium,
1051 1389 1109 1476 qui
1125 1380 1227 1451 fatalis

163 1514 241 1555 mox
260 1493 363 1557 hostis
386 1492 571 1581 Iugurthae,
588 1507 659 1556 tum
677 1490 792 1556 iisdem
808 1491 843 1553 in
860 1490 970 1554 castris
991 1489 1179 1553 tirocinium
1196 1504 1229 1552 et

164 1596 234 1682 ipse
251 1596 410 1682 ponebat,
428 1595 471 1658 ob
492 1595 686 1683 singularem
703 1593 763 1656 viri
778 1593 947 1672 virtutem,
969 1608 1002 1656 et
1023 1590 1065 1655 ad
1086 1591 1229 1679 pericula

164 1718 201 1760 ac
216 1696 341 1760 labores
357 1697 527 1786 impigram
546 1696 758 1770 alacritatem,
776 1693 985 1758 vehementer
1000 1714 1112 1756 carum
1128 1692 1229 1756 habe·

164 1797 242 1860 bat:
261 1797 429 1883 multaque
446 1798 514 1877 ejus
538 1818 613 1886 erga
631 1796 772 1860 Marium
793 1793 974 1863 honorifica
994 1808 1229 1858 memorantur.

164 1899 249 1962 Nam
262 1898 453 1985 proverbio,
469 1920 535 1984 quo
551 1896 634 1960 muli
645 1897 787 1960 mariani
799 1893 1011 1982 appellantur,
1028 1894 1113 1958 hanc
1128 1894 1229 1982 origi-

164 2018 239 2061 nem
256 1998 355 2061 fuissc
367 1998 497 2078 volunt,
514 1997 605 2085 quod
617 1997 776 2085 inspicere
787 1997 917 2060 volente
931 1996 1100 2085 Scipione,
1116 2017 1230 2082 quern·

164 2096 341 2163 admodum
357 2099 398 2162 ab
415 2120 617 2185 unoquoque
628 2088 776 2178 jumenta
791 2113 995 2179 curarentur,
1010 2097 1132 2161 Marius
1146 2098 1231 2185 opti·

165 2223 256 2264 mum
275 2224 413 2288 equum,
438 2201 721 2287 pulcherrimeque
739 2199 907 2280 habitum,
926 2214 960 2262 et
979 2199 1106 2262 mulum
1119 2189 1230 2262 'robu-

163 2303 339 2367 stissimum
358 2300 510 2366 eumdem
527 2301 892 2389 mansuetissimumque
905 2298 1110 2389 produxisset
1127 2324 1135 2365 a
1153 2299 1231 2364 inde

164 2404 305 2483 facturn,
329 2418 368 2466 ut
392 2405 588 2490 imperatore
611 2401 706 2465 Marii
730 2403 880 2482 jumenta
904 2400 1039 2466 mirifice
1061 2424 1231 2466 commen·

164 2505 281 2579 dante,
297 2506 437 2567 mariani
447 2502 527 2567 mali
540 2526 601 2591 pro
617 2500 887 2591 praestantissimis
902 2501 967 2567 dici
983 2503 1146 2591 coeperint.

208 2607 327 2669 XVIII.
344 2605 408 2669 Sed
424 2607 519 2696 longe
536 2603 726 2695 amplissimi
743 2604 920 2668 testimonii
936 2619 1067 2692 excepta
1082 2627 1146 2668 vox
1164 2620 1230 2684 est,

165 2728 269 2795 quum
288 2707 372 2769 forte
392 2721 466 2793 post
487 2722 611 2769 coenam
636 2726 801 2770 sermones
820 2720 1019 2787 sererentur,
1034 2705 1233 2794 dixissetque

165 2806 296 2894 aliquis,
312 2809 341 2869 ri
357 2806 438 2895 quid
456 2800 597 2894 Scipioni
615 2807 793 2888 accidisset,
815 2828 1015 2896 ecquemnam
1033 2806 1131 2870 alitam
1151 2808 1234 2870 simi·
1270 2832 1273 2838 <

165 2907 226 2971 lem
252 2911 467 2996 imperatorem
492 2909 642 2973 labbara
668 2908 841 2998 mspudlica
864 2911 966 2973 essct?
991 2908 1098 2996 Scipio
1122 2909 1232 2989 enim,

166 3031 318 3097 percusso
335 3011 449 3073 leniter
459 3011 603 3074 humero
619 3010 712 3074 Marii
723 3058 732 3090 ,
740 3009 891 3097 firmassit
906 3015 1018 3091 otum,
1038 3009 1205 3097 respondit
1223 3033 1231 3074 :

166 3112 324 3198 aiuntque
346 3111 386 3174 ab
409 3111 461 3173 illa
483 3133 577 3190 voce,
596 3126 751 3198 tanquam
768 3109 922 3175 divinitus
941 3113 1072 3190 emissa,
1091 3110 1232 3174 Marium

167 3229 327 3292 erectum,
346 3211 461 3300 dignos
479 3213 686 3297 rebus,‘quas
703 3227 814 3298 postea
833 3213 947 3300 gessit,
960 3214 1026 3293 jam
1045 3227 1116 3274 tum
1135 3210 1231 3298 spiri·

167 3329 220 3379 tus
239 3314 434 3400 concepisse.
1153 3342 1171 3354 ··

211 3413 301 3476 XIX.
321 3415 408 3476 Dum
425 3412 571 3477 adhunc
590 3413 725 3479 modum
745 3415 779 3477 in
798 3414 1008 3480 Numantinis
1024 3400 1232 3493 hibernatur,

168 3515 213 3579 Μ.
232 3513 361 3577 Mucius
379 3514 534 3594 Scaevola,
554 3515 589 3578 L.
606 3516 799 3603 Calpurnius
821 3516 1011 3604 Piso-Frugi
1027 3514 1233 3579 consulatum

168 3615 350 3693 iniverunt,
375 3636 564 3703 magnarum
587 3637 695 3679 rerum
722 3618 892 3682 eventibus
915 3617 1068 3681 nobilem.
1094 3615 1176 3680 Nam
1200 3630 1234 3677 et

169 3716 243 3779 belli
262 3733 443 3804 expugnata
462 3718 638 3781 Numantia
655 3735 722 3799 est,
740 3735 773 3783 et
787 3718 878 3783 domi
895 3718 1110 3783 seditionibus
1126 3716 1232 3780 tribu·

169 3816 256 3880 nithe
274 3817 356 3880 ultra
372 3835 518 3883 veterum
536 3820 704 3884 turbarum
720 3821 865 3909 exempla
879 3820 1071 3884 laboratum.
1081 3818 1131 3882 Ti.
1144 3818 1233 3881 enim

169 3917 334 3983 Gracchus
351 3935 384 3982 et
401 3920 445 3984 M.
466 3922 619 3986 Octavius
634 3921 756 3986 inimici
776 3922 898 3985 tribuni
914 3921 1017 4009 plebis
1034 3936 1135 3985 totam
1154 3919 1233 3982 ciri-

170 4036 269 4084 tatcm
292 4019 374 4085 odiis
395 4023 726 4112 contentionibusque
743 4023 954 4088 miscuerunt.
974 4022 1038 4086 Sed
1060 4038 1234 4109 antequam

169 4121 354 4187 domesticae
377 4123 569 4188 calamitates
592 4116 790 4204 referantur,
816 4140 946 4187 externa
967 4122 1051 4186 bella
1072 4142 1234 4185 memora·

171 4221 289 4286 bimus.
314 4221 417 4310 Igitur
440 4225 475 4288 P.
494 4226 605 4289 Mucio
626 4225 735 4308 Italia,
757 4224 794 4290 L.
811 4225 920 4306 Pisoni
939 4224 1045 4288 Sicilia
1061 4221 1235 4311 provinciae

171 4341 359 4388 evenerunt.
378 4325 412 4388 P.
427 4325 551 4412 Scipio,
572 4328 610 4390 D.
628 4330 747 4393 brutus
763 4327 972 4414 imperatores
995 4326 1088 4415 (narn
1106 4340 1138 4389 ct
1153 4327 1235 4395 Bttt·

207 4510 222 4574 S
237 4515 317 4561 xvtt.
329 4515 391 4560 Vell.
404 4541 437 4551 --
448 4515 569 4562 Plutarch.
582 4516 607 4563 in
618 4516 713 4575 blsrlo,
723 4532 777 4581 cap.
791 4518 805 4564 ³
817 4528 842 4567 ct
855 4520 893 4564 18.
998 4514 1003 4529 ⁸
