2594 4980
145 731 225 816 304
326 735 391 800 JO.
419 735 759 803 FREINSHEMII
789 737 1033 806 SUPPLEM.

146 877 242 944 gnere
266 853 386 916 lamma
404 857 480 916 cives
500 861 559 918 sint
580 854 677 936 soliti,
700 879 755 937 ne,
773 871 928 946 tunquam
953 872 1073 946 preater
1085 859 1213 945 justum

152 958 279 1020 modum
303 958 444 1018 conviviis
470 970 501 1018 et
526 959 601 1019 ut'tw
626 955 840 1042 indulgentes,
865 961 1042 1044 gravissimi
1061 962 1132 1022 vt'ri·
1144 963 1213 1048 opi·

108 1052 109 1056 ¹
151 1061 241 1120 niorte
259 1069 463 1134 notarentur,·
484 1057 619 1143 quedem
636 1055 826 1145 antemfilio
848 1058 1072 1124 aeduensem
1086 1063 1213 1150 quisque

150 1168 181 1220 et
200 1157 411 1243 egentissimus
433 1156 473 1218 de
489 1156 580 1243 plebe
600 1157 795 1246 praeluceret.
825 1159 888 1224 Sed
912 1158 1113 1226 acerbissima
1135 1186 1212 1228 cum

151 1258 189 1322 T.
214 1260 322 1322 Annio
348 1261 452 1322 Lusco
479 1261 644 1325 contentio
660 1261 739 1343 fuit,
763 1262 820 1348 qui
844 1264 1018 1350 sponsione
1038 1286 1212 1352 provocare

150 1360 334 1423 Gracchum
355 1382 451 1423 ausus
469 1377 534 1439 est,
555 1363 592 1423 ni
601 1376 809 1425 sacrosancte
820 1366 985 1450 potestatis
996 1364 1129 1429 uiolatae
1141 1387 1213 1430 reus

150 1477 234 1526 esset.

194 1562 329 1626 XXXV.
357 1563 421 1643 lbi,
439 1563 548 1625 multis
574 1562 852 1652 adstrepentibus,
874 1565 1022 1629 Tiberius
1044 1568 1076 1629 in
1102 1566 1211 1630 forum

150 1686 336 1743 accurrens,
357 1680 530 1727 convocata
549 1665 707 1728 concione
727 1665 884 1755 prehendi
903 1669 1044 1731 Annium
1060 1669 1163 1747 jussit.
1180 1670 1211 1732 Is
1254 1712 1257 1719 ·

151 1767 206 1830 ubi
217 1766 376 1829 adductus
387 1781 486 1844 esset,
496 1766 702 1854 videretque,
712 1784 897 1831 accusatum
908 1791 941 1831 se
957 1769 995 1832 iri
1005 1768 1046 1833 ab
1061 1769 1211 1850 homine,

150 1871 203 1932 cui
222 1890 328 1955 neque
351 1867 517 1949 facundia,
537 1891 643 1956 neque
660 1869 761 1955 gratia
778 1891 835 1955 par
851 1892 919 1932 esse
938 1887 1064 1957 posset,
1081 1869 1122 1933 ad
1138 1892 1211 1935 suas

148 1987 231 2033 artes
248 1992 420 2033 conversus
438 1969 618 2054 (eratenim
636 1970 720 2032 utin
738 1968 876 2033 dicendo
893 1970 1026 2033 minime
1043 1971 1211 2059 copiosus,

149 2071 192 2134 ita
215 2071 256 2133 ad
280 2070 547 2159 interrogandum
573 2070 789 2158 acutissimus)
813 2072 912 2158 petit,
941 2085 977 2134 ut
989 2095 1097 2159 pauca
1121 2074 1213 2160 prrits

149 2175 299 2236 scalenum
308 2171 429 2250 bearet,
448 2195 543 2259 quam
559 2175 744 2235 concionari
755 2171 913 2235 Gracchus
925 2173 1071 2259 inciperet
1081 2196 1093 2234 :
1106 2194 1212 2259 neque

150 2277 313 2338 abnuente
327 2275 393 2352 illo,
405 2297 507 2360 quum
515 2273 644 2337 silentio
658 2273 699 2336 ab
710 2273 863 2336 omnibus
873 2271 1212 2355 audiretur,«Quaero,

150 2378 295 2464 «inquit,
312 2376 438 2454 Tiberi,
450 2375 475 2436 si
490 2373 622 2461 quidem
636 2397 654 2436 a
668 2391 701 2437 te
712 2375 905 2462 exagitatus,
922 2375 1099 2461 quemlibet
1114 2375 1212 2438 colle·

149 2501 287 2566 «garum
306 2493 438 2539 tuorum
459 2475 677 2562 appellavero,
695 2476 787 2560 isque
805 2475 924 2537 auxilio
940 2474 1020 2538 mihi
1036 2474 1151 2556 luerit,
1166 2475 1212 2537 ira

151 2594 361 2642 «commotus
381 2578 409 2639 ei
427 2598 560 2661 qnoque
578 2576 801 2664 magistratum
818 2576 1031 2663 abrogabislu

193 2680 343 2743 XXXVI.
356 2679 403 2741 td
414 2679 497 2739 banc
514 2677 799 2764 interrogationem
816 2678 925 2739 ferunt
938 2677 979 2740 ita
989 2677 1213 2764 perturbatum

148 2804 216 2847 esse
239 2781 421 2858 hominem,
442 2779 582 2864 alioquin
600 2777 641 2842 ad
659 2775 833 2842 dicendum
854 2775 944 2854 juxta
962 2776 1215 2865 audendumque

150 2884 385 2973 paratissimum
398 2930 406 2960 ,
417 2899 453 2943 ut
465 2902 597 2966 prorsus
608 2880 861 2957 obmutesceret,
877 2879 1135 2965 concionemque
1148 2896 1213 2943 sta·

149 2987 207 3048 tim
224 2984 408 3046 dimitteret.
427 2979 507 3044 Inde
523 2979 611 3043 haud
632 2980 769 3044 obscure
786 2979 1138 3066 perspiciens,-quantte
1153 2980 1213 3043 sibi

149 3086 273 3148 invidiae
287 3085 438 3170 abrogata
458 3081 592 3143 Octavio
613 3096 753 3167 potestas
774 3096 876 3161 csset3
894 3103 1000 3167 neque
1015 3080 1082 3158 jam
1099 3081 1213 3147 disites

149 3203 294 3262 tantum,
316 3182 371 3244 scd
392 3183 491 3266 ipsam
514 3201 646 3266 quoqne
659 3179 788 3266 plebem
805 3182 970 3244 molestius
989 3182 1093 3263 ferre,
1112 3185 1213 3273 magi·
1259 3200 1266 3217 ·

149 3302 299 3363 stratum,
318 3282 359 3345 ad
382 3305 456 3343 enm
474 3303 577 3365 usqne
601 3279 686 3342 diem
710 3281 926 3344 inviolabilem
944 3282 1109 3364 habitum,
1127 3309 1214 3350 novo

148 3408 281 3474 prorsus
300 3383 447 3467 exemplo
468 3381 677 3443 imminutum
702 3403 788 3462 esse3
815 3382 931 3445 referre
953 3399 1054 3464 ratus,
1080 3384 1121 3448 de
1140 3387 1214 3467 jule

147 3488 369 3560 tribunorum,
385 3497 416 3544 et
435 3504 532 3565 quam
551 3502 617 3543 non
641 3481 751 3568 inique
770 3481 922 3570 depulsus
940 3501 1096 3572 potestate
1115 3488 1212 3552 Octa·

147 3588 217 3650 vius
229 3599 325 3661 esset,
342 3580 499 3669 populum
518 3580 662 3661 edoceri,
673 3584 763 3647 hunc
778 3585 811 3645 in
827 3584 961 3648 modum
978 3609 1038 3672 pro
1055 3588 1213 3654 concione

147 3688 324 3752 disseruit:

191 3787 359 3852 XXXVII.
370 3816 381 3839 «ι
400 3785 566 3874 intelligo,
584 3785 742 3866 Quirites,
760 3788 876 3874 passim
893 3789 925 3850 in
940 3789 1029 3853 Urbe
1046 3810 1212 3855 sermones

152 3891 316 3953 ‹adversos
326 3876 412 3965 lesse,
424 3887 514 3972 quod
529 3887 679 3976 abrogata
690 3888 735 3950 Μ.
751 3889 885 3952 Octavio
902 3891 971 3978 lege
986 3914 1054 3953 mea
1071 3909 1212 3978 potestas

150 4008 218 4055 «est
230 4014 236 4053 :
249 4011 381 4075 quaeres
398 3987 437 4049 ud
454 4005 590 4052 vestram
605 3989 730 4074 potius,
749 4012 845 4076 quarn
863 4013 966 4053 meam
976 3993 1215 4058 accusationem

149 4093 332 4182 “pertincte
352 4105 447 4174 atque
472 4089 564 4169 ideo,
590 4091 646 4177 qui
670 4090 807 4177 privatas
830 4092 962 4171 injurias
984 4109 1214 4176 contemnere,

146 4228 155 4243 a
169 4217 266 4281 quam
278 4191 388 4253 ulcisci
409 4190 514 4268 soleo,
528 4212 594 4252 non
608 4213 741 4278 possum
757 4214 818 4280 pro
838 4216 909 4257 meo
927 4217 1002 4282 erga
1017 4195 1145 4282 plebem
1162 4220 1217 4262 ro·

182 4395 198 4458 ς
210 4397 236 4440 X
244 4393 340 4440 XXIV.
355 4390 407 4438 Cic.
421 4389 447 4435 in
461 4390 547 4447 Bruto,
558 4406 579 4437 c.
590 4406 628 4438 rr.
638 4417 674 4428 -
684 4394 746 4440 Fert.
759 4393 786 4440 in
799 4394 895 4441 alacrem.
908 4420 943 4431 —-
953 4395 1017 4443 Plnt.
1029 4423 1063 4432 -
1069 4394 1085 4459 S
1099 4399 1214 4450 xxxv·

144 4482 196 4527 tir.
211 4478 275 4539 Epir.
288 4502 321 4514 -
332 4474 394 4522 Plut.
409 4498 444 4507 —
461 4471 475 4535 §
494 4474 617 4523 xxxvl.
627 4475 701 4524 luet.
715 4476 746 4523 de
754 4477 807 4524 Vir.
819 4477 855 4525 ill.
866 4505 902 4514 -
914 4478 978 4527 Plut.
989 4480 1015 4526 iu
1025 4481 1146 4530 Graccho.
