2594 4980
291 712 346 781 tn
373 711 489 778 noc.
515 712 613 778 tin.
640 713 670 779 n
702 711 924 781 ntvtlm.
1076 712 1142 783 133

120 832 247 918 udaque
263 831 331 910 ejus
346 832 415 894 loca
431 829 663 918 depopulatus,
679 832 860 913 Thracum,
878 849 916 897 ut
933 830 974 897 ad
993 833 1142 898 fortuna-

118 951 164 997 tan
175 933 320 1014 militiam,
334 933 443 1020 plures
459 934 598 997 attraxit.

148 1036 275 1100 xxxtx.
290 1036 367 1100 Haec
380 1051 418 1099 ut
432 1037 543 1099 Romae
559 1051 637 1100 sunt
651 1035 777 1120 audita,
790 1035 831 1119 Q.
851 1036 1014 1101 Caecilium
1030 1039 1144 1103 Metel·
1220 1113 1222 1116 y

116 1137 166 1200 lun
175 1136 308 1201 intinere
320 1135 361 1201 ad
375 1136 507 1200 tutelam
519 1138 682 1203 sociorum
695 1153 824 1201 senatus
833 1138 938 1216 jussit.
954 1137 1146 1208 Advenienti

116 1238 173 1301 huic
187 1239 212 1302 in
227 1237 450 1305 Macedoniam
474 1237 651 1304 Andriscus
670 1262 745 1303 cum
762 1240 905 1303 exercitu
921 1255 1076 1303 statuerat
1091 1263 1145 1305 oc-

115 1362 231 1405 currere:
247 1339 304 1404 sed
323 1339 493 1405 distractus
516 1340 613 1405 Attali
633 1341 716 1429 regis
737 1363 853 1428 opera,
876 1341 933 1427 qui
954 1363 1029 1404 cum
1048 1341 1147 1410 classe

115 1438 142 1501 in
157 1440 288 1504 auxilium
309 1441 464 1505 Romanis
484 1456 631 1524 venerat,
657 1441 876 1528 sollicitusque
901 1440 942 1505 de
970 1463 1026 1506 ora
1051 1443 1148 1506 mari·

116 1539 251 1621 tina,non
266 1556 315 1604 est
325 1564 423 1606 ausus
434 1541 561 1630 longius
574 1564 780 1629 procurrere3
793 1540 851 1604 sed
863 1539 992 1604 modico
1005 1565 1023 1605 a
1034 1542 1146 1630 Pydna

116 1639 244 1706 intervallo
259 1659 363 1707 cestra
383 1643 585 1706 communiit.
606 1643 695 1706 Inter
711 1641 781 1705 haec
798 1664 902 1728 quum
918 1643 1054 1730 propius
1077 1666 1151 1732 sug·

119 1764 212 1830 gressus
226 1761 308 1810 esset
325 1745 508 1826 Romanus,
526 1760 673 1832 equestre
689 1743 836 1831 praelium
854 1759 964 1807 ortum
984 1768 992 1807 :
1010 1768 1077 1832 quo
1094 1768 1148 1808 su·

117 1843 195 1927 pen'or
201 1845 391 1927 Andriscus,
405 1862 494 1910 metu
502 1862 608 1910 tamen
618 1844 775 1933 pedestris
786 1845 961 1926 exercitus,
973 1844 1147 1909 desumma

117 1963 196 2009 remu
208 1946 357 2011 dimicare
374 1946 489 2012 noluit.
509 1946 599 2034 Saepe
619 1945 744 2010 modica
762 1947 895 2010 victoria
912 1969 1036 2035 magnae
1050 1945 1147 2010 cladis

117 2041 211 2110 initium
222 2048 281 2112 fuit
294 2073 302 2112 :
315 2046 396 2112 adeo
412 2048 578 2111 interdum
589 2047 739 2111 humanae
754 2062 880 2111 mentes
894 2047 1059 2129 nesciunt,
1077 2047 1148 2134 qui·

118 2141 161 2208 hus
171 2148 251 2213 rebus
264 2149 374 2214 dolere
389 2149 527 2213 laetat-ive
545 2164 703 2236 oporteat.
721 2148 830 2212 Crevit
851 2146 977 2211 animus
991 2148 1149 2235 equestris

119 2267 202 2336 pugne
219 2267 352 2333 eventu,
370 2250 594 2339 crediditque,
610 2274 644 2314 se
660 2274 770 2338 parem
788 2251 919 2316 Metello
939 2250 1149 2314 nihilominus

120 2343 181 2428 fore,
193 2353 313 2416 tametsi
328 2368 452 2439 partem
464 2352 631 2440 copiarum
645 2351 686 2415 ad
699 2350 884 2416 vastandam
896 2351 1092 2416 Thessaliam
1107 2350 1155 2414 di«
1213 2432 1216 2437 Ι

120 2447 230 2517 misisset.
249 2454 414 2535 Metellus,
432 2470 579 2542 tempore
598 2477 692 2534 usus,
710 2454 878 2517 stultitiam
891 2453 993 2516 hostis
1008 2453 1041 2515 in
1057 2475 1149 2516 suam

120 2553 284 2619 nationem
298 2556 411 2636 vertit;
425 2556 608 2642 copiisque,
621 2577 693 2641 quae
708 2554 905 2618 Macedoniae
918 2552 1149 2640 praesidebant,

119 2643 305 2743 heilinegotio
317 2654 412 2729 fnsis,
425 2672 556 2719 caeteros
565 2703 574 2736 ,
583 2657 671 2719 ultro
684 2656 875 2744 poenitentes
891 2655 1150 2737 commissorum,

122 2745 144 2810 in
157 2750 335 2820 deditionem
352 2756 483 2844 accepit.

151 2851 201 2920 lt.
216 2859 391 2921 Andriscus
401 2859 434 2919 in
447 2856 618 2918 Thraciam
630 2856 836 2942 profugerat,
848 2853 1036 2941 viribusque
1048 2854 1091 2917 ibi
1104 2879 1154 2917 re-

120 2957 220 3035 nnn,
233 2958 344 3023 denno
361 2981 435 3023 cum
452 2956 600 3036 Metello,
620 2956 694 3042 qui,
710 2955 850 3018 victoriae
868 2954 1026 3021 beneficio
1045 2970 1154 3042 aperta

121 3046 289 3140 Macedonia,
304 3058 493 3123 defectionis
515 3073 699 3136 auctorem,
717 3078 915 3144 quocunque
932 3078 965 3119 se
982 3056 1154 3144 reciperet,

121 3161 349 3245 persequebatur,
359 3156 531 3247 confligere
542 3174 591 3222 est
602 3181 709 3222 ausus.
725 3157 787 3221 Par
798 3156 897 3245 priori
911 3155 1007 3236 hujus
1023 3178 1155 3245 qnoque.

123 3255 353 3340 polluentes,
370 3259 603 3349 splendidaque
619 3259 740 3323 Metelli
756 3258 888 3322 victoria
904 3256 966 3320 fuit
984 3281 993 3322 2
1009 3258 1155 3345 quinque

124 3356 250 3446 ungari
267 3362 364 3425 millia
384 3361 527 3424 hostium
542 3360 668 3423 duabus
684 3361 802 3451 pugnis
818 3361 939 3442 occisa,
956 3360 1154 3449 provinciam

126 3447 258 3546 donanis,
272 3463 405 3528 Metello
420 3485 601 3551 cognomen
618 3461 820 3526 Macedonici
836 3461 1006 3525 reddidere
1023 3485 1031 3524 :
1049 3482 1156 3547 neque

126 3550 204 3621 minor
219 3567 299 3653 capti
323 3563 489 3645 Andrisci,
507 3586 604 3651 quam
621 3564 721 3652 ipsius
737 3562 877 3626 victoriae
893 3561 1000 3624 laetitia
1014 3561 1086 3622 fuit.
1109 3559 1156 3622 Ad

124 3649 210 3737 hymn
221 3667 363 3730 Thracias
380 3666 529 3754 regulum
543 3665 748 3754 confugerat,
765 3664 822 3750 qui
837 3664 973 3727 stultum
986 3684 1056 3725 esse
1073 3677 1159 3724 ratus

125 3746 198 3823 fidem
212 3787 330 3832 servare
347 3782 422 3855 post
439 3768 602 3831 fortunam
619 3767 670 3845 ei,
687 3786 785 3852 quern
799 3764 897 3826 unius
912 3764 1050 3827 fortunae
1066 3783 1161 3824 causa

124 3853 253 3949 ⁰0luerat,
276 3869 440 3958 hospitem
465 3885 498 3933 et
520 3867 698 3955 supplicem
722 3887 818 3928 suum
843 3865 997 3928 Romanis
1026 3858 1159 3925 dedidit.

122 3945 192 4021 Idem
205 3965 265 4033 fere
280 3972 382 4034 fatum
396 3986 429 4034 et
445 3969 576 4034 alterius
590 3991 667 4030 mox
684 3966 869 4055 impostoris
882 3965 962 4045 fuit,
978 3963 1079 4051 quiet
1093 3962 1161 4048 ipsc

122 4043 251 4132 P⁰¹⁸0um
269 4089 393 4159 patrem
417 4073 588 4154 mentitus,
613 4086 645 4134 et
664 4067 836 4134 Alexandri
861 4068 993 4131 nomine
1019 4080 1162 4135 tumens,

118 4156 388 4263 refl0lttn1,quam
399 4175 518 4238 Nestus
529 4170 644 4237 fluvius
660 4172 768 4252 alluit,
785 4185 948 4236 contracta
959 4164 1162 4253 perditorum

109 4361 291 4519 Kilizu}
310 4392 412 4455 Eutrop,
435 4417 469 4427 ·“
488 4393 588 4439 ΡΙΜ·
610 4389 636 4436 in
654 4386 774 4437 Achaicis.
793 4413 827 4424 --
850 4385 937 4432 zonat.
956 4407 991 4416 -—-
1014 4381 1091 4429 Strah.
1110 4379 1145 4425 tit

161 4483 167 4497 “
225 4483 247 4521 t.
281 4481 322 4530 24.
