2594 4980
163 719 231 803 354
266 816 268 820 Ι
337 719 402 783 JO.
431 717 769 784 FREINSHEMII
799 716 1042 784 SUPPLEM.

163 843 263 920 malo,
282 840 386 903 donee
403 856 489 900 totus
511 838 563 899 ille
580 839 737 900 exercitus
754 852 909 923 tanquam
925 836 1145 899 internecione
1162 836 1222 900 de·

162 946 291 1006 leretur.

206 1044 277 1104 XX.
304 1042 378 1102 Haec
396 1057 460 1102 taur
477 1039 578 1103 tristia
595 1062 662 1103 non
683 1038 802 1119 majore
826 1055 932 1101 tamen
957 1061 1034 1101 cura
1052 1054 1222 1120 serratum,

162 1165 257 1231 qnam
272 1141 405 1229 propior
419 1142 449 1202 in
468 1140 555 1202 Urbe
573 1141 689 1215 timor,
704 1141 898 1218 affecerunt,
918 1140 962 1203 M.
974 1140 1088 1203 Fulvio
1107 1141 1223 1203 trium·

161 1245 289 1307 vinalem
309 1243 468 1305 licentiam
490 1243 521 1303 in
542 1242 713 1305 consulatu
734 1241 946 1329 impotentius
965 1256 1143 1305 exercente.
1165 1240 1224 1303 Vir

162 1348 249 1410 enim
261 1346 397 1431 inquieti
409 1344 630 1431 praefractique
641 1343 788 1432 spilitns,
800 1343 924 1430 legibus
938 1343 1126 1430 perniciosis
1138 1359 1223 1406 tran·

161 1449 353 1536 quillitatem
367 1469 544 1532 pacemque
559 1447 721 1533 publicam
737 1445 908 1509 sollicitare
924 1443 1103 1509 videbatur.
1122 1444 1222 1508 Sociis

161 1550 266 1628 enim,
290 1549 345 1634 qui
365 1569 398 1609 se
417 1548 491 1634 pelli
516 1569 593 1636 agro
610 1546 848 1634 querebantur,
872 1547 1031 1610 civitatem
1055 1568 1221 1610 romanam

161 1651 264 1713 solatii
282 1672 376 1712 causa
398 1648 513 1729 dabat,
531 1649 608 1736 ipsis
625 1670 757 1737 quoque
775 1647 859 1710 hanc
881 1646 1084 1725 mercedem,
1101 1661 1139 1710 ut
1156 1668 1223 1709 am·
1285 1719 1287 1722 ¹

161 1751 296 1835 pliorem
312 1748 453 1827 amissis,
471 1747 588 1834 cupide
604 1747 881 1835 amplectentibus.
901 1747 1035 1811 Ferebat
1052 1762 1222 1834 praeterea,

161 1867 198 1913 ut
216 1871 392 1935 provocare
406 1850 516 1911 liceret
530 1848 569 1911 ad
579 1849 757 1935 populum,
775 1848 829 1921 iis,
847 1849 903 1933 qui
915 1850 985 1936 lege
998 1849 1099 1911 Penni
1112 1864 1223 1937 postu·

162 1949 214 2012 lati
231 1949 392 2010 civitatem
409 1963 534 2009 mutare
554 1963 782 2033 gravarentur:
798 1963 952 2033 tantaque
972 1949 1039 2010 haec
1052 1966 1221 2013 contuma-

162 2051 209 2113 cia
226 2049 354 2137 agehat,
373 2064 410 2109 ut
427 2049 537 2110 multis
558 2048 690 2111 Patrum
709 2047 859 2136 precibus
882 2047 1044 2135 minisque
1060 2050 1170 2112 venire
1187 2052 1221 2113 in

161 2151 282 2214 curiam
294 2149 347 2211 vix
360 2150 565 2235 compulsus,
578 2149 694 2237 partim
706 2149 870 2228 monenti,
885 2150 1001 2236 partim
1015 2151 1120 2214 oranti
1135 2174 1223 2216 sena-

161 2253 227 2330 tui,
241 2249 410 2313 desisteret
424 2249 571 2336 incepto,
589 2271 781 2336 responsum
796 2272 860 2312 non
879 2248 1014 2314 dederit.

205 2350 294 2413 XXI.
311 2351 425 2436 Neque
441 2367 547 2413 tamen
559 2352 687 2437 perlatoe
698 2353 784 2439 leges
794 2368 890 2431 sunt,
904 2352 992 2416 bona
1005 2352 1144 2439 quadam
1158 2356 1224 2418 fon

161 2470 238 2516 tuna
255 2453 502 2514 Massiliensium
518 2451 731 2530 interjiciente
751 2453 991 2533 necessitatem,
1007 2455 1065 2539 qui
1079 2455 1120 2517 ab
1136 2476 1225 2519 acco-

163 2553 403 2617 lentibusGallis
411 2539 733 2640 pressi,adauxilii1m
740 2555 852 2643 populi
861 2554 1104 2618 romanidenuo
1112 2556 1224 2620 confu-

162 2671 283 2742 gerant.
292 2655 406 2740 Neque
421 2654 547 2717 consuli
560 2677 610 2717 res
623 2655 693 2733 illa,
707 2678 813 2741 neque
823 2656 948 2718 senatui
957 2656 1082 2743 ingrata
1089 2656 1222 2720 accidit:

162 2757 217 2819 illo
238 2757 394 2841 triumphi
414 2779 504 2841 spem
526 2757 666 2843 agitante
686 2757 814 2835 animo,
832 2755 981 2819 Patribus
997 2757 1222 2843 importunum

162 2857 329 2919 consulem
347 2856 504 2944 probabili
524 2857 631 2943 aliquo
645 2870 800 2945 praetextu
816 2857 987 2923 extrudere
1003 2858 1221 2947 cupientibus.

206 2958 311 3020 XXII.
336 2959 443 3038 Quare
460 2980 527 3018 non
546 2957 719 3021 difficulter
735 2959 895 3040 obtinuit,
918 2974 953 3021 ut
969 2961 1039 3046 ipse
1057 2960 1153 3023 sociis
1166 2982 1222 3022 au·

162 3060 239 3122 xilio
261 3058 423 3121 mitterent
431 3084 453 3119 r.
472 3063 627 3121 Censores
645 3059 694 3120 liis
709 3060 899 3122 consulibus
915 3061 973 3121 Cn.
991 3058 1142 3123 Servilius
1160 3061 1221 3123 Cn.

163 3163 197 3222 F.
208 3162 269 3223 Cn.
282 3161 321 3222 N.
335 3161 460 3244 Caepio,
476 3160 509 3220 L.
521 3160 647 3221 Cassius
661 3160 702 3239 Q.
713 3160 749 3220 F.
758 3151 792 3221 L.
802 3161 841 3223 N.
851 3160 1018 3247 Longinus
1027 3157 1221 3247 produntur.

164 3261 204 3321 Hi
226 3282 360 3344 aquam,
385 3258 506 3343 Tepula
523 3274 675 3336 vocatur,
694 3260 830 3322 Romam
849 3275 880 3324 et
896 3261 928 3323 in
950 3260 1144 3349 CapitOIIum
1165 3260 1222 3324 ad·

164 3358 344 3421 ducendam
358 3372 552 3419 curaverunt
567 3380 574 3419 :
591 3358 716 3447 legibus
729 3360 892 3423 veteribus
907 3361 1061 3424 censoriis
1075 3359 1222 3449 qutedam

165 3459 368 3522 addiderunt.
382 3459 550 3521 sEmilium
562 3457 719 3545 Lepidum
733 3483 907 3550 augurem,
921 3462 1009 3549 quod
1021 3485 1080 3525 sex
1089 3460 1224 3525 millibus

165 3560 247 3622 oedes
263 3560 477 3637 conduxisset,
496 3559 639 3647 quodque
654 3559 814 3624 offlam-in
830 3562 956 3625 adami
968 3584 1048 3649 agro
1064 3564 1156 3624 mirus
1173 3583 1225 3624 su·

166 3659 257 3720 blime
266 3675 460 3722 exstructam
474 3661 609 3739 baberet,
621 3660 731 3725 adesse
739 3663 906 3742 jusserunt
920 3686 927 3724 ε
942 3662 1022 3726 adeo
1035 3679 1106 3726 tum
1116 3662 1225 3727 adhuc

166 3767 260 3828 luxus
279 3767 332 3828 hie
353 3765 522 3829 videbatur
546 3767 690 3830 censoria
711 3766 988 3831 animadversione
1007 3768 1225 3848 coercendum

166 3867 256 3953 quod
271 3868 296 3929 si
311 3869 382 3953 quis
399 3892 465 3930 non
483 3869 591 3931 multis
605 3885 680 3955 post
692 3870 783 3933 annis
798 3869 943 3948 lecisset,
955 3890 1033 3932 eum
1046 3868 1225 3950 sordidius,

167 3990 263 4052 quam
278 3985 456 4030 senatorem
470 3969 614 4047 deceret,
629 3969 791 4050 habitare,
805 3969 923 4034 dicturi
936 3970 1085 4033 homines
1098 3986 1203 4036 erant.

202 4194 218 4257 §
236 4198 294 4243 XX.
311 4196 441 4257 Angustia.
455 4196 484 4241 de
498 4195 551 4242 Cir.
562 4196 622 4252 Dei,
635 4197 686 4253 111,
698 4198 738 4244 31.
752 4223 786 4232 -
800 4196 923 4244 Plutarch.
935 4197 962 4244 in
974 4197 1002 4245 C.
1017 4196 1142 4251 Graccho,
1152 4215 1176 4249 c.
1188 4212 1229 4248 ta.

168 4303 202 4313 -
212 4279 318 4342 Appian.
331 4279 385 4325 Cir.
398 4279 438 4324 lib.
451 4282 469 4324 1.
480 4305 514 4313 -
522 4276 575 4325 Val.
585 4279 655 4325 Max.
666 4281 715 4337 11,
724 4280 747 4327 5.
762 4306 796 4318 -
806 4279 823 4343 S
833 4281 905 4328 XXI.
916 4279 969 4328 Liv.
980 4281 1046 4345 Epit.
1055 4307 1091 4317 —
1100 4282 1187 4331 tirone.
1196 4281 1230 4331 de

170 4362 477 4424 Aquaednct.-§XXII.
489 4362 861 4421 cic.vm.1,55.-vett.11.
877 4364 1186 4426 10.-vs1.nn.vm‚
1199 4382 1229 4427 ις

171 4445 377 4503 initantum.
1123 4440 1127 4449 ⁸
