2594 4980
312 834 364 903 m
397 834 507 902 noo.
534 834 624 900 mn.
651 832 738 901 mx
768 834 985 903 mvmru.
1111 835 1182 934 339

118 976 221 1042 quum
239 954 272 1015 in
290 976 420 1016 summo
436 953 546 1041 populi
566 953 642 1016 odio
662 977 695 1016 se
712 976 780 1017 csse
796 954 936 1036 videret,
957 959 1180 1044 gymnasium,

118 1058 377 1144 frequentissima
398 1060 570 1137 juventute
596 1057 755 1143 repletum
777 1075 909 1137 nactus,
926 1059 1184 1127 circumdederat

117 1161 264 1234 armatis,
281 1177 313 1222 et
332 1160 405 1246 igne
427 1159 589 1238 immisso,
607 1160 663 1245 qui
684 1157 817 1221 llamnrae
835 1159 899 1231 vim
919 1162 1109 1243 evasissent,
1127 1185 1182 1226 eos

120 1262 206 1325 Ierro
220 1259 426 1324 conciderat:
444 1282 579 1346 eamque
594 1259 717 1322 cladem
734 1275 844 1322 coorta
861 1260 974 1323 insano
989 1260 1101 1324 dolore
1117 1264 1184 1350 ple·

120 1363 194 1441 bes,
211 1362 341 1425 incensa
362 1362 500 1424 vicissim
522 1362 625 1449 regia,
643 1361 829 1423 vindicarat.
853 1361 957 1448 Igitur
978 1362 1185 1445 Ptolemaeus,

121 1462 294 1527 contractis
316 1461 463 1525 mercede
485 1463 602 1550 copiis,
622 1462 743 1524 bellum
763 1462 866 1524 soron'
886 1463 1062 1550 patriaeque
1079 1465 1185 1530 illatu-

122 1587 194 1643 rus,
210 1565 387 1626 maximum
402 1581 480 1627 nutu
497 1562 597 1626 lilium
616 1563 750 1650 Cyrenis
767 1564 914 1637 arcessit,
931 1566 1069 1641 veritus,
1087 1590 1128 1628 ne
1145 1565 1186 1631 ad

122 1688 196 1728 eum
214 1666 356 1752 populus
374 1664 600 1728 alexandrinus
621 1686 758 1752 reguum
778 1663 936 1728 deferret:
950 1664 1187 1752 juvenemque,

121 1767 220 1855 patris
230 1767 367 1853 imperio
379 1768 430 1853 pie
444 1767 675 1853 obsequutum,
688 1765 889 1828 facinorosus
903 1783 936 1829 et
950 1767 1069 1854 impius
1083 1784 1190 1854 tyran·

123 1891 186 1930 nus
206 1869 298 1931 solita
315 1868 503 1932 crudelitate
520 1884 551 1929 et
567 1869 705 1930 amentia
723 1884 824 1929 necat.

167 1971 314 2033 LXVIII.
330 1971 442 2033 Hac-re
453 1969 597 2057 cognita,
608 1985 721 2031 statuae
733 1969 833 2055 ipsius
844 1986 875 2032 et
888 1970 1043 2057 imagines
1055 1972 1191 2036 Alexan·

124 2071 200 2136 driae
229 2071 470 2135 detrahuntur:
496 2093 633 2158 regnum
660 2069 837 2157 Cleopatrae
867 2070 1013 2134 traditur.
1044 2074 1115 2159 Ipse
1141 2072 1191 2135 uti

124 2175 261 2237 vicissim
271 2174 340 2255 villis
355 2194 437 2262 aegre
453 2173 563 2251 faciat,
581 2172 782 2235 horrendum
796 2174 906 2234 furore
921 2189 952 2236 et
965 2174 1129 2260 impietate
1145 2175 1192 2238 fa·

125 2275 216 2337 cinus
240 2290 353 2361 patrat.
379 2275 553 2336 Communi
574 2274 662 2336 eninr
684 2273 770 2354 lilio,
790 2273 975 2362 Memphites
999 2276 1191 2357 vocabatur,

126 2376 201 2460 qui,
223 2376 345 2438 etiamsi
370 2390 458 2461 pater
482 2397 548 2436 non
571 2391 671 2455 essct,
696 2377 819 2455 forma,
838 2391 871 2438 et
893 2392 1000 2456 aetatc,
1025 2393 1057 2439 et
1082 2376 1192 2441 indole

126 2474 313 2537 miserabilis
340 2498 408 2538 esse
433 2475 534 2537 cuivis
557 2475 736 2562 potuissct;
760 2476 844 2550 hoc,
870 2477 1021 2563 inquam,
1051 2476 1133 2558 filio,
1158 2480 1203 2543 in'

127 2593 303 2663 conspectu
321 2599 381 2639 suo
394 2577 558 2664 jugulato,
578 2576 706 2662 proecidi
726 2592 822 2662 caput
843 2577 1006 2663 pedesque
1023 2595 1056 2640 et
1077 2602 1194 2644 manus

123 2677 237 2756 jubet:
257 2677 375 2740 deinde
397 2679 428 2739 in
454 2678 564 2739 cistam
586 2678 654 2739 lraec
672 2676 802 2755 condit,
819 2678 1054 2764 chlamydeque
1076 2680 1193 2760 injecta

128 2780 240 2866 operit.
263 2781 361 2841 Forte
384 2779 494 2840 natalis
517 2779 656 2840 instabat
677 2778 871 2863 Cleopatrae,
889 2801 948 2864 pro
971 2802 1061 2842 more
1079 2803 1193 2870 regum

128 2882 216 2943 festis
232 2878 334 2967 epulis
351 2880 523 2965 laetitiaque
541 2878 668 2964 publica
684 2875 906 2940 celebrandus.
924 2879 962 2941 Id
979 2903 1082 2965 quum
1100 2883 1194 2967 igno·

130 2997 197 3042 tum
217 2981 379 3067 Physconi
400 3002 464 3040 non
487 2994 586 3058 esset,
604 2978 731 3040 satelliti
755 2977 883 3041 cuidam
905 3002 966 3043 suo
983 2979 1074 3043 dedit
1095 3003 1194 3071 nego·

128 3083 227 3163 tium,
242 3098 279 3144 ut
296 3082 406 3144 cistam
423 3096 549 3143 curaret
567 3078 766 3143 Alexandria}
782 3079 814 3140 iu
831 3079 991 3142 vestibulo
1007 3081 1102 3168 regiae
1119 3103 1194 3169 pro·

129 3184 331 3270 ponendam,
352 3207 388 3246 ca
412 3183 479 3269 ipsa
503 3198 614 3261 nocte,
637 3197 709 3267 quas
732 3180 818 3243 diem
839 3181 957 3268 regiuae
980 3182 1191 3267 praecederet,

130 3287 219 3371 quasi
238 3286 416 3348 natalitium
434 3284 466 3346 in
482 3307 518 3347 ea
532 3305 653 3346 munus
670 3283 860 3345 mitteretur.

175 3387 290 3449 LXIX.
315 3389 362 3449 Ita
379 3389 497 3449 lactum
520 3402 585 3465 est,
600 3400 637 3446 ut
652 3406 728 3447 curu
751 3383 839 3464 aliis,
857 3405 929 3469 quae
945 3382 1051 3446 oblata
1074 3384 1193 3472 reginoe

133 3487 175 3547 ob
203 3487 419 3550 celebritatem
450 3487 605 3574 temporis
627 3486 775 3565 fuerant,
803 3485 854 3548 illa
882 3487 976 3549 etiam
1004 3485 1082 3549 cista
1110 3486 1195 3551 inter

133 3587 242 3672 epulas
262 3587 346 3648 illata
363 3588 550 3673 aperiretur.
568 3587 673 3650 Nemo
691 3586 901 3673 praesentium
913 3585 1079 3673 ignorare,
1097 3609 1195 3673 quam

134 3688 274 3751 belluina
291 3689 413 3750 feritate
430 3688 578 3775 Physcon
596 3703 696 3767 esset,
713 3705 777 3751 tarn
800 3687 908 3750 multis
927 3688 967 3749 ab
986 3710 1025 3750 co
1038 3689 1104 3768 jam
1121 3703 1197 3753 ante

134 3786 352 3852 crudelissime
376 3787 565 3877 designatis,
587 3806 735 3877 poterat:
760 3789 1003 3874 obstupuerunt
1026 3805 1134 3852 tamen
1157 3789 1200 3854 ad

135 3906 345 3977 conspectum
361 3890 423 3951 boc
438 3892 541 3969 nefas,
556 3914 623 3976 quo
640 3913 705 3953 non
724 3888 824 3952 modo
838 3889 944 3952 omnis
958 3891 1014 3952 aevi
1030 3892 1198 3971 saevitiam,

135 3993 191 4056 sed
210 4015 267 4055 sua
284 3992 352 4077 ipse
369 3992 512 4078 exempla
530 3992 659 4054 vicerat.
676 3990 832 4054 Conversi
847 3989 966 4053 deiude
987 3992 1027 4056 ad
1046 4008 1199 4079 questum

136 4110 168 4155 ct
190 4094 267 4165 iras,
286 4091 365 4178 quid
377 4089 469 4152 aliud
485 4093 584 4173 &itur
597 4105 741 4169 restaret,
759 4113 854 4177 quam
870 4106 904 4153 ut
924 4091 1003 4155 talia
1020 4105 1078 4154 aur
1092 4093 1200 4156 vindi·

135 4207 264 4270 carent,
292 4207 349 4255 aut
367 4193 576 4279 paterentur?
598 4191 736 4255 invicem
758 4192 1022 4280 interrogabant:
1047 4196 1101 4254 cui
1120 4196 1202 4257 enim

138 4296 318 4359 anomaliwn
334 4295 475 4381 deinceps
488 4296 651 4355 caritatem
663 4304 721 4356 aut
733 4294 974 4355 misericordiam
988 4297 1108 4379 speran‘
1114 4317 1205 4381 posto

75 4559 85 4580 ο
174 4496 610 4562 §van.vsl.uax.1x‚2.-
623 4496 677 4544 liv.
692 4457 1208 4563 epit.-Ju·iin.—§va111.1>tod.

141 4581 240 4628 ——val
256 4584 324 4630 Max.
343 4608 378 4619 -
395 4582 449 4630 Liv.
465 4581 531 4645 Epit.
547 4606 581 4618 -
597 4579 689 4630 lustin.

995 4699 1062 4744 ¹12.
