2594 4980
363 752 417 818 IN
447 751 559 819 LOC.
586 753 680 819 LIB.
709 752 797 819 LIX
826 754 1043 824 LIVlANI.
1122 767 1126 773 '
1161 754 1229 829 325

171 872 279 958 sugam
298 893 336 933 ex
351 870 431 933 urbe
449 871 656 935 circumsessa
674 871 822 953 molitus,
837 870 951 935 incidit
965 873 998 936 in
1013 874 1145 963 vigilum
1163 900 1233 942 ma·

171 995 251 1053 nus,
273 987 305 1035 ct
323 972 356 1034 in
373 971 553 1036 custodiam
569 973 706 1037 traditus
722 988 770 1037 est
787 997 795 1036 ι
814 972 918 1038 donec
935 974 1119 1061 proditione
1140 980 1234 1044 Sara·

171 1075 278 1162 pionis
306 1073 473 1152 cujusdam
500 1096 572 1138 arce
601 1091 710 1164 capta,
732 1076 900 1163 fugitivos,
925 1094 1090 1165 quotquot
1116 1083 1234 1169 reperti

171 1190 264 1255 sunt,
281 1175 479 1238 excruciatos
496 1177 610 1239 consul
625 1177 663 1238 in·
674 1198 814 1264 proeceps
826 1177 887 1257 jaci
898 1177 1001 1256 jussit.
1015 1180 1234 1247 Tauromenio

171 1291 317 1364 recepto,
337 1278 464 1339 Ennam
483 1279 655 1364 processit;
671 1279 804 1365 parique
822 1295 943 1343 conatu
960 1280 1165 1345 obsidionem
1180 1306 1236 1347 ur·

171 1399 266 1465 gens,
291 1377 336 1439 ibi
355 1400 487 1464 quoque
506 1401 614 1442 rerum
632 1379 672 1442 ad
690 1379 789 1443 vitam
805 1382 1054 1445 necessariarum
1068 1383 1234 1473 ingentem

170 1478 339 1566 penuriam
358 1480 446 1542 brevi
463 1479 581 1544 effecit.

215 1582 333 1644 XXVI.
348 1581 473 1670 Magnae
488 1582 575 1644 enim
588 1582 798 1671 fugitivorum
813 1583 913 1670 copiae
925 1584 1072 1647 inerant:
1088 1583 1234 1673 adeoque

170 1682 223 1744 hic
245 1697 277 1744 et
297 1683 506 1746 Tauromenii
530 1682 570 1746 ad
593 1684 707 1772 viginti
728 1707 843 1747 eorum
865 1684 963 1747 millia
980 1707 1049 1748 esse
1069 1686 1237 1752 interfecta

170 1782 365 1871 produntur.
382 1785 432 1848 Ad
447 1785 572 1848 Ennam
588 1787 687 1849 semel
702 1787 875 1874 eruptione
889 1787 1013 1875 maguis
1029 1787 1152 1851 viribus
1168 1810 1237 1852 cer·

170 1899 272 1946 tatum
290 1900 354 1965 cst,
373 1885 493 1949 Cleone
511 1909 586 1949 cum
603 1887 734 1951 delectis
751 1909 886 1951 suorum
905 1888 986 1951 urbe
1002 1911 1132 1981 egresso
1153 1913 1161 1954 ε
1179 1891 1235 1977 qui

170 1986 265 2048 etiam
287 1986 461 2050 fortissime
487 1988 664 2074 praeliatus,
688 2004 795 2052 tamen
818 1987 853 2049 in
876 2004 1067 2076 potestatem
1088 1990 1234 2054 hostium

169 2089 276 2166 venit3
296 2110 402 2175 neque
420 2089 524 2152 multo
542 2105 617 2176 post
633 2111 671 2153 ex
686 2089 877 2153 vulneribus
893 2089 985 2152 obiit.
1010 2091 1082 2153 Hoc
1102 2111 1236 2178 quoque

170 2189 406 2275 spectaculum,
427 2211 501 2252 nam
526 2188 790 2278 cognoscendum
814 2189 953 2254 obsessis
980 2213 1098 2279 corpus
1121 2193 1236 2257 consul

170 2289 351 2369 objecerat,
372 2291 497 2354 animos
514 2313 628 2354 eorum
650 2291 745 2380 fregit
765 2315 772 2355 :
798 2308 830 2354 et
846 2293 963 2379 reperti
983 2311 1078 2374 sunt,
1095 2294 1152 2381 qui
1167 2294 1234 2382 pri·

170 2406 248 2455 vatae
264 2392 374 2455 salutis
390 2393 539 2481 pactione
559 2392 722 2456 traderent
739 2392 872 2473 urbem,
893 2410 1009 2458 natura
1024 2411 1122 2482 atquc
1137 2417 1235 2483 opere

171 2491 212 2555 ita
229 2493 464 2579 permunitam‚
482 2509 519 2556 ut
533 2495 630 2557 armis
646 2494 905 2583 inexpugnabilis
922 2495 1107 2560 haberetur.

214 2595 351 2658 XXVll.
373 2595 486 2658 Eunus
509 2596 735 2684 praestigiator,
758 2593 912 2682 idemque
933 2619 989 2660 rex
1007 2597 1234 2685 imaginarius,

170 2695 248 2758 dum
263 2698 340 2761 urbs
355 2698 491 2784 capitur,
509 2720 585 2761 cum
597 2697 755 2761 sexcentis
769 2696 872 2759 ferme
888 2697 1097 2783 stipatoribus
1113 2699 1148 2761 in
1163 2699 1233 2767 loca

170 2814 329 2886 praerupta
352 2799 468 2886 cffugit
487 2822 494 2861 :
516 2799 621 2862 ceteri
647 2798 874 2885 comprehensi
900 2799 1087 2884 catenisque
1111 2799 1235 2888 religati

170 2917 261 2981 sunt,
280 2915 317 2962 ut
333 2900 438 2962 servili
451 2899 611 2986 supplicio
625 2897 730 2962 crucis
744 2913 1025 2962 consumerentur.
1046 2899 1103 2961 llis
1122 2900 1233 2963 Romu

170 3001 300 3081 auditis,
316 3000 432 3064 delecti
448 3023 488 3064 ex
503 2998 639 3087 collegio
656 2998 913 3062 decemvirorum
931 3000 964 3061 in
983 2998 1122 3062 Siciliam
1136 3021 1235 3063 vene-

170 3120 262 3179 runt,
287 3104 449 3190 sacrisque
473 3102 616 3165 Ennensi
637 3101 744 3165 Cereri
771 3100 877 3181 factis,
903 3100 994 3180 cujus
1024 3100 1233 3164 simulacrum

170 3207 430 3293 antiquissimum
451 3227 493 3268 ne
515 3204 641 3293 fugitivi
662 3202 794 3291 quidem
818 3217 850 3266 et
869 3201 996 3266 barbari
1020 3201 1232 3283 violaverant,

169 3308 352 3372 universam
369 3306 487 3372 deinde
505 3306 643 3370 insulam
666 3305 859 3386 obiverunt,
884 3320 923 3368 ut
937 3325 1006 3368 aras
1017 3304 1147 3396 AEtnteo
1162 3303 1234 3368 lovi

170 3407 302 3489 dicatas,
314 3425 484 3499 postquam
495 3407 536 3471 ad
550 3430 602 3471 eas
614 3406 858 3487 sacrificassent,
870 3403 1075 3471 circumdatis
1088 3405 1234 3469 maceriis

169 3510 372 3585 clauderent,
385 3509 559 3574 interdicto
572 3508 676 3590 aditu,
691 3509 753 3572 nisi
767 3509 887 3596 quibus
901 3507 942 3572 ad
956 3528 1089 3571 casuras
1103 3505 1234 3594 publica

170 3627 202 3672 et
218 3611 361 3673 solennia
379 3633 466 3674 sacra
484 3624 600 3674 essent.
624 3612 696 3674 Hoc
713 3630 801 3673 anno
821 3609 888 3673 duo
911 3607 1069 3695 triumphi
1092 3606 1233 3671 celebres

171 3731 209 3769 ex
229 3709 382 3796 Hispania
400 3711 490 3774 ducti
508 3734 515 3774 :
537 3709 578 3774 de
595 3711 739 3776 Gallaecis
758 3726 791 3774 et
807 3709 968 3773 Lusitanis
988 3711 1028 3773 D.
1044 3711 1178 3788 Brutus,
1192 3705 1233 3770 de

170 3808 377 3872 Numantinis
398 3811 432 3873 P.
445 3811 552 3898 Scipio
565 3812 736 3876 Africanus
753 3809 1007 3897 triumpharunt.

214 3909 368 3974 XXVlll.
384 3911 521 3998 Utrique
535 3912 720 3999 imperatori
738 3933 756 3976 a
772 3911 905 3975 devictis
923 3911 1073 4000 gentibus
1089 3908 1233 3974 vocabu·

170 4012 238 4074 lum
260 4010 428 4075 inditum:
449 4013 568 4075 Brutus
590 4012 727 4077 Callaici
744 4029 999 4102 cognomentum
1019 4011 1176 4092 retinuit3
1197 4009 1231 4073 in

205 4251 221 4316 5
235 4253 319 4299 XXV.
333 4253 404 4300 Oros.
414 4253 448 4311 V,
460 4265 486 4313 9.
497 4277 533 4289 --
542 4251 649 4301 Diodor.
665 4278 701 4289 -
715 4251 780 4300 Flor.
795 4253 848 4311 111,
861 4266 900 4315 ¹9·
919 4277 955 4290 -
969 4249 985 4315 5
1003 4248 1100 4298 xxvi.
1115 4248 1180 4299 Ποῖ.
1196 4277 1232 4289 -

169 4336 222 4386 cn.
236 4337 261 4382 in
271 4336 343 4385 Verr.
358 4338 401 4395 Ν,
418 4344 451 4397 49
465 4346 490 4384 et
504 4335 545 4384 to.
563 4361 598 4372 -
614 4334 631 4402 5
647 4336 757 4384 mn.
775 4333 879 4385 Diodor.
895 4333 961 4399 apud
976 4331 1059 4381 Valet.
1073 4357 1109 4370 -·
1127 4333 1230 4398 ΜΨ.

169 4420 213 4467 lib.
228 4421 272 4468 tv.
285 4448 319 4458 -
331 4419 453 4468 Plutarch.
464 4420 492 4468 in
500 4419 556 4468 Tib.
567 4419 694 4479 Graccho,
708 4435 762 4485 cap.
774 4432 818 4483 29.
828 4444 865 4457 -
872 4417 936 4466 Vell.
944 4418 986 4477 ll,
1001 4416 1026 4466 5.
1037 4441 1074 4454 —
1083 4416 1157 4466 oua
1168 4418 1232 4468 Fut.
1252 4422 1258 4433 “

173 4504 196 4560 l,
207 4504 461 4567 596.-1³ub1.vict.
473 4504 504 4554 de
512 4505 619 4571 Region.
628 4503 711 4554 Urbis.
