2594 4980
308 756 361 822 m
389 753 500 821 coe.
536 752 630 819 mn
657 754 803 853 varr
833 756 1048 828 arwam.
1141 788 1206 834 ω

141 920 166 980 l.
191 884 269 984 Cn.
294 916 394 979 Mallii
416 915 557 979 consulis
578 912 737 998 adventu,
760 938 863 1007 quum
886 919 1025 983 maxime
1035 920 1210 1012 jungendis

140 1018 262 1081 viribus
287 1034 385 1105 atque
409 1017 550 1081 consiliis
580 1033 694 1079 contra
718 1014 949 1084 validissimum
975 1022 1103 1088 hostem
1127 1049 1210 1119 opus

140 1136 240 1201 esset,
264 1118 349 1181 inter
372 1142 406 1183 se
424 1120 634 1207 imperatores
660 1120 786 1185 romani
810 1120 985 1188 discordias
1006 1125 1126 1215 agitare
1148 1152 1211 1196 coe·

140 1238 274 1306 perunt,
294 1222 454 1309 praecipua
476 1222 517 1303 Q.
538 1221 659 1284 Servilii
676 1222 814 1305 ferocia,
827 1226 884 1312 qui
901 1209 1090 1307 consulem,
1105 1246 1143 1295 ut
1159 1252 1210 1294 re·

140 1323 201 1385 bus
221 1323 375 1386 omnibus
396 1324 569 1412 imparem,
594 1322 801 1413 despiciebat.
822 1326 907 1390 Huic
926 1328 1011 1392 malo
1029 1328 1210 1395 remedium

139 1448 177 1486 ex
201 1424 378 1489 dividunda
396 1425 561 1514 provincia
584 1426 775 1515 quaesitum,
797 1444 833 1490 ut
852 1428 937 1491 inter
955 1428 1097 1494 duorum
1116 1454 1209 1497 cutu-

140 1527 261 1590 tionem
286 1527 465 1590 Rhodanus
489 1529 679 1610 interesset,
704 1529 851 1617 utrisque
876 1532 959 1618 pesti
987 1548 1019 1594 et
1040 1533 1210 1603 calamitati

138 1631 209 1694 fuit.
229 1631 351 1694 Cimbri
368 1632 472 1713 enim,
492 1655 593 1720 quum
607 1633 770 1721 plerisque
782 1634 948 1703 Gallorum
962 1635 1128 1699 benevolis
1140 1650 1211 1724 ute·

137 1752 269 1817 rentur,
294 1737 374 1799 nihil
397 1738 516 1802 horum
539 1739 745 1828 ignorantes,
768 1763 806 1803 eo
829 1741 943 1822 majori
966 1741 1126 1807 alacritate
1147 1741 1211 1804 mi·

137 1838 210 1901 litiae
228 1839 338 1902 munia
355 1839 512 1902 obibant:
534 1841 680 1927 profecto
699 1841 787 1905 enim
807 1842 929 1905 ultores
943 1841 1098 1931 sacrilegii
1116 1841 1211 1923 deos,

137 1963 203 2026 quo
230 1958 384 2005 nocentes
411 1941 452 2005 ad
477 1966 603 2030 poenam
627 1945 873 2032 pertraherent,
898 1961 1041 2008 mentem
1067 1943 1211 2009 romanis

137 2040 275 2105 ducibus
301 2043 478 2124 ademisse,
507 2062 561 2126 ut,
587 2044 678 2135 quod
701 2062 813 2134 optare
838 2047 938 2136 magis
960 2047 1091 2127 hostes,
1111 2067 1211 2135 quam

137 2142 289 2227 perficere
303 2147 501 2230 potuissent,
519 2146 742 2235 disjungerent
756 2149 933 2230 exercitus,
946 2167 978 2213 et
992 2166 1107 2215 neutra
1118 2163 1210 2238 parte

136 2244 210 2305 satis
226 2246 339 2326 validi,
352 2248 459 2311 l'aeiles
475 2273 509 2311 se
522 2250 764 2338 aggressoribus
780 2250 903 2315 darent.

179 2341 220 2408 ll.
248 2345 333 2410 Voto
359 2349 456 2438 igitur
481 2349 542 2412 diis
567 2351 633 2413 suis
657 2350 760 2425 lacto,
787 2353 881 2442 quale
904 2353 1095 2442 germanicis
1119 2353 1208 2441 galli·

135 2445 245 2533 cisque
275 2450 461 2513 nationibus
484 2452 772 2538 frequentabatur,
800 2469 837 2515 ut
863 2450 1025 2542 quidquid
1050 2475 1087 2515 ex
1114 2452 1209 2515 hoste

135 2549 312 2635 cepissent,
339 2574 465 2614 sacrum
487 2568 589 2632 esset,
616 2553 723 2639 primo
745 2554 886 2640 legatum
908 2553 1049 2616 consulis
1072 2552 1118 2616 M.
1141 2555 1210 2616 Au·

134 2649 248 2711 reliam
270 2654 447 2731 Scaurum,
466 2652 572 2713 virum
594 2652 815 2732 consularem,
834 2675 910 2713 cum
929 2668 1019 2738 parte
1040 2653 1206 2739 copiarum

136 2751 238 2829 nacti,
261 2752 339 2812 fusis
360 2752 530 2838 caesisque,
556 2773 640 2837 quos
667 2750 819 2830 duxerat,
842 2751 953 2813 vivum
974 2768 1142 2839 ceperunt.
1162 2752 1208 2817 Ea

135 2872 184 2911 res
198 2873 302 2935 quum
322 2865 445 2911 tantum
460 2851 559 2912 animi
575 2851 742 2931 hostibus,
760 2867 919 2939 quantum
940 2852 1064 2916 timoris
1081 2855 1206 2919 consuli

133 2951 323 3030 addidisset,
340 2952 424 3014 mitti
440 2951 479 3014 ad
495 2951 666 3016 Servilium
682 2953 821 3042 placuit,
840 2954 994 3042 petitum,
1012 2970 1048 3017 ut
1065 2971 1206 3045 quanto·

133 3057 201 3117 rius
219 3077 293 3117 cum
314 3055 456 3118 exercitu
475 3054 566 3118 adse
587 3053 764 3119 accederet.
785 3056 861 3135 Ille,
880 3078 971 3117 suam
993 3055 1111 3144 cuique
1127 3078 1205 3144 pro·

132 3156 270 3220 vinciam
295 3155 469 3237 tuendam,
500 3156 650 3219 ferociter
680 3155 877 3245 respondit:
905 3156 1063 3220 sententia
1088 3154 1207 3219 deinde

133 3277 274 3339 mutata,
301 3284 359 3340 ne,
386 3282 445 3347 per
471 3259 649 3323 absentiam
677 3282 768 3322 suam
793 3257 886 3322 victis
908 3256 1078 3332 hostibus,
1103 3278 1203 3344 penes

132 3361 298 3423 consulein
316 3360 454 3423 conlecti
471 3359 547 3423 belli
564 3359 663 3449 gloria
682 3360 785 3440 foret,
804 3360 970 3448 profectus
986 3374 1044 3422 est.

175 3463 233 3523 lll.
257 3464 415 3525 Caeterum
440 3486 547 3553 neque
568 3461 682 3525 iisdem
706 3462 786 3525 locis
814 3477 916 3526 castra
941 3461 1074 3540 metari,
1096 3483 1204 3551 neque

131 3563 283 3642 (tonsilia,
297 3580 353 3626 aut
367 3563 546 3653 quidquam
561 3587 669 3627 rerum
683 3563 834 3626 omnium
849 3585 1025 3625 commune
1039 3583 1115 3624 cum
1130 3568 1205 3624 con·

132 3664 199 3725 sule
227 3664 345 3727 habere
370 3666 493 3746 voluit3
513 3664 571 3730 sed
598 3662 706 3727 medio
732 3664 817 3726 inter
839 3685 972 3725 romana
996 3677 1028 3724 et
1051 3660 1202 3725 cimbrica

132 3781 232 3826 castra
247 3766 320 3827 loco
338 3765 500 3841 consedit,
524 3788 591 3855 quo
608 3764 698 3853 prior
710 3764 807 3827 iniret
819 3786 978 3852 pugnam,
995 3763 1202 3851 victoriaeque

131 3866 257 3929 laudem
275 3867 307 3928 in
325 3890 358 3929 se
373 3883 474 3931 totam
493 3883 659 3930 averteret.
680 3868 806 3929 Interea
823 3865 947 3929 Cimbri
966 3866 1066 3945 fama,
1085 3862 1203 3927 deinde

131 3985 308 4056 conspectu
329 3968 490 4058 ,venientis
518 3967 648 4032 alterius
675 3968 834 4030 exercitus
864 3965 1020 4055 permoti,
1045 3963 1133 4051 quod
1158 3964 1210 4026 ol».

131 4095 305 4134 commune
330 4070 510 4158 periculum
537 4068 706 4132 Servilium
731 4068 945 4155 Malliumque
965 4066 1102 4154 posthac
1120 4088 1199 4129 con-

130 4174 270 4237 corditer
292 4189 421 4236 acturos
441 4170 633 4251 credebant,
659 4171 755 4235 missa
780 4170 940 4260 legatione
963 4183 1086 4231 tentare
1109 4189 1196 4257 spent

164 4357 179 4418 ὃ
198 4360 215 4404 1.
231 4359 262 4405 tt.
278 4358 305 4404 C.
324 4358 387 4413 647:
402 4356 431 4402 h.
446 4355 590 4404 c.10.5.-
601 4341 711 4411 Orosv',
725 4357 767 4403 16.
783 4383 815 4392 —
826 4353 929 4402 Diodor.
943 4352 1008 4417 apud
1021 4353 1153 4401 Valesium.
1164 4381 1197 4389 --

130 4439 145 4500 S
158 4442 189 4484 tt.
201 4442 217 4486 J
219 4442 291 4487 nstin.
304 4441 420 4491 xxxo,
432 4442 455 4485 3.
467 4465 501 4475 -
512 4439 583 4485 Oros.
595 4466 598 4471 ·
614 4467 629 4473 -
641 4439 720 4488 Tacit.
732 4441 797 4488 Anu.
811 4441 889 4497 xm,
903 4440 945 4497 57.
957 4464 993 4475 -·
1006 4437 1068 4486 Car.
1084 4437 1115 4486 de
1125 4436 1194 4487 netto

131 4522 183 4567 Gal.
194 4525 227 4569 Vl
235 4558 241 4581 ‚
259 4522 591 4588 ¹7···1¹3⁸'·¹3ri¹·-V‘¹¹·
606 4525 643 4569 ll.
659 4539 696 4570 ra.
730 4552 746 4559 ·-
758 4522 863 4570 lliodor.
