2594 4980
1093 518 1109 535 δ

240 739 292 806 IN
325 739 438 806 LOC.
464 740 558 807 LIB.
584 738 753 809 LXVIII
783 740 1001 811 LIVIANI.
1080 739 1151 815 553

96 860 227 924 victoria
249 873 429 948 pugnatum
454 875 553 940 esset,
576 876 655 923 aestu
676 876 772 946 atque
796 861 984 926 lassitudine
1005 862 1152 929 fatiscere

96 963 322 1027 Teutonorum
338 960 420 1023 acies
444 961 550 1048 coepit.
568 961 620 1025 Sic
636 960 760 1024 affectis
776 961 941 1044 hostibus,
960 962 1017 1026 ubi
1036 963 1153 1029 decur-

95 1081 203 1143 rente,
218 1079 255 1127 ut
265 1062 391 1142 jussum
410 1077 498 1140 erat,
516 1061 688 1142 Marcello,
707 1078 810 1125 terror
826 1062 1012 1149 inoplnatus
1028 1086 1046 1126 a
1061 1078 1153 1154 tergo

95 1166 237 1253 ingruit,
261 1163 391 1251 ancipiti
413 1178 505 1227 metu
522 1163 664 1228 distracti
686 1180 762 1227 sunt
778 1161 909 1228 ordines
924 1187 932 1228 ε
947 1186 1054 1251 neque
1071 1188 1152 1253 prte-

96 1266 174 1328 liurn
190 1264 326 1345 deinde,
344 1262 401 1327 sed
417 1263 518 1327 caedes
534 1263 575 1328 ad
587 1265 720 1328 multam
736 1281 864 1328 noctem
879 1266 957 1345 luit,
974 1287 1076 1352 quum
1093 1289 1155 1332 nec

96 1366 137 1428 ad
147 1365 359 1453 pugnandum
368 1366 465 1447 ultra,
480 1388 540 1428 nec
548 1365 589 1429 ad
601 1365 808 1455 fugiendum,
822 1382 879 1429 aut
889 1366 973 1430 vires
985 1368 1151 1448 lassitudo,

97 1484 153 1530 aut
170 1467 294 1529 animos
311 1466 498 1553 reliquisset.

140 1568 261 1631 XXIII.
279 1570 483 1630 Armatorum
497 1568 593 1631 millia
610 1585 740 1632 centum
757 1568 807 1632 his
824 1567 954 1631 duobus
968 1567 1082 1655 praeliis
1097 1590 1162 1654 op,

96 1670 225 1756 petiisse
250 1685 403 1748 mortem,
425 1684 480 1731 aut
506 1686 596 1757 capta
617 1692 704 1750 csse,
728 1672 866 1734 relatum
882 1668 968 1758 apud
985 1685 1153 1749 auctores,

96 1770 153 1858 qui
170 1769 395 1832 modestissimi
413 1769 447 1830 in
464 1770 647 1834 aestimanda
664 1770 752 1835 clade
769 1773 922 1835 fuerunt:
938 1770 978 1833 ab
992 1771 1060 1835 aliis
1073 1792 1153 1834 caesa

97 1871 267 1935 traduntur
284 1870 423 1933 ducenta
443 1872 560 1952 millia,
580 1890 672 1960 capta
693 1874 868 1962 nonaginta
883 1897 892 1952 3
909 1874 995 1937 inter
1017 1894 1100 1958 quos
1118 1888 1151 1934 et

99 1996 150 2036 rex
165 1970 393 2051 Teutobodus,
406 1973 456 2035 vir
469 1975 666 2060 proceritatis
687 1971 830 2054 ¹eximiae,
850 1975 999 2063 proximo
1014 1973 1047 2036 in
1068 1973 1151 2036 saltu

95 2075 346 2161 comprehensus
360 2089 428 2153 est;
444 2074 495 2137 alii
512 2098 643 2163 quoque
657 2077 775 2164 reguli,
787 2099 845 2164 per
858 2076 1012 2164 Alpestria
1027 2075 1152 2162 bagien-

98 2190 160 2254 tes,
179 2175 364 2261 aSequanis
380 2177 506 2262 excepti
522 2177 724 2264 retractique.
742 2176 857 2262 Neque
870 2176 1005 2255 desunt,
1023 2175 1078 2262 qui
1096 2196 1151 2237 oc·

99 2276 200 2338 cisum
213 2276 256 2338 ibi
273 2277 504 2340 Teutobodum
518 2279 703 2365 scripserint
719 2301 726 2341 :
742 2278 830 2341 unde
848 2292 897 2340 tot
913 2292 1025 2364 postea
1038 2273 1154 2338 secubs

96 2394 322 2465 argumentum
352 2378 466 2441 fabular
488 2378 572 2459 fuit,
602 2402 665 2465 qua
693 2401 764 2442 ossa
788 2376 933 2465 quaedam
959 2390 1155 2463 portentose

96 2479 341 2567 magnitudinis,
361 2503 420 2567 pro
435 2479 619 2544 Teutobodi
638 2480 800 2566 reliquiis,
818 2478 1063 2565 quadragesimo
1078 2492 1154 2539 ante

96 2603 198 2661 anno,
216 2590 313 2667 qdam
328 2582 396 2643 haec
410 2582 600 2659 scriberem,
616 2580 769 2644 admirata
786 2579 886 2643 Gallia
900 2594 964 2657 est,
978 2576 1085 2641 donec
1097 2575 1154 2639 do·

96 2698 223 2745 ctorum
243 2683 415 2745 hominum
435 2681 561 2768 scriptis
577 2703 667 2766 paene
684 2680 815 2767 puerilis
834 2700 923 2741 error
938 2676 1152 2765 detegeretur.

140 2781 258 2842 XXIV.
278 2781 379 2841 Porro
393 2778 434 2841 de
444 2777 633 2842 mulieribus
645 2781 870 2843 Teutonorum
884 2776 1011 2857 eadem,
1029 2800 1100 2864 quae
1112 2776 1153 2840 de

97 2879 257 2942 cimbricis
273 2893 401 2965 postea,
419 2880 614 2942 referuntur.
630 2879 788 2958 llomani,
805 2902 907 2965 quum
927 2901 1042 2941 uxores
1056 2879 1152 2942 etiarn

96 2979 252 3066 liberique
277 2979 419 3041 hostiurn
445 2979 649 3060 interissent,
672 3001 779 3066 neque
796 2980 869 3066 plus
886 2979 989 3041 tribus
1013 2978 1153 3042 millibus

96 3081 237 3166 capitum
261 3079 381 3168 fugisse
400 3079 605 3161 crederetur,
628 3079 810 3144 universam
833 3103 852 3143 a
873 3103 907 3143 se
924 3080 1152 3144 Teutonorum

96 3198 223 3269 gentem
239 3204 307 3245 esse
324 3180 459 3245 deletam
474 3181 599 3270 gloriati
613 3199 699 3247 sunt.
718 3183 789 3247 Hoc
801 3179 900 3245 modo
916 3196 1097 3269 pugnatum
1113 3180 1154 3246 ad

96 3285 204 3368 Aquas
220 3283 339 3345 Sextias
356 3305 431 3345 cum
448 3283 604 3346 Teutonis
620 3307 707 3364 esse,
726 3305 791 3347 non
808 3281 907 3346 modo
920 3282 1029 3369 plures
1042 3298 1074 3345 et
1091 3305 1152 3346 no·

96 3384 225 3446 biliores
249 3401 396 3449 auctores
418 3385 565 3473 sequenti
588 3385 785 3472 probabilius
808 3384 933 3463 visum3
958 3382 1151 3470 quibusdam

98 3486 246 3548 Cimbros
269 3487 484 3572 ponentibus,
509 3487 802 3574 Teutonorumque
826 3486 858 3548 in
883 3485 1034 3574 quintum
1060 3483 1153 3547 Marii

96 3585 296 3647 consulatum
310 3588 575 3652 transferentibus
587 3588 709 3651 cladem
722 3612 730 3652 :
742 3586 798 3652 sed
813 3610 932 3651 nomen
947 3588 1053 3675 ipsum
1067 3587 1154 3649 Teu·
1254 3570 1261 3581 ’

97 3683 227 3762 tobodi,
241 3685 281 3748 ab
297 3687 335 3749 iis
357 3709 504 3776 quoque,
520 3689 577 3775 qui
601 3688 633 3750 in
652 3689 775 3752 caeteris
794 3686 990 3775 discrepant,
1008 3709 1152 3751 comme·

96 3799 278 3864 moratum,
295 3787 384 3873 quod
399 3790 542 3852 muneris
558 3789 682 3875 potius,
699 3811 798 3875 quam
813 3787 954 3850 hominis
968 3788 1067 3852 Iuisse
1082 3809 1152 3850 cre·

97 3884 249 3967 diderim,
262 3904 298 3949 ut
310 3888 472 3974 prioribus
483 3888 628 3968 credam,
642 3887 759 3970 elficit3
775 3911 835 3953 uec
847 3889 934 3952 enim
945 3889 1043 3970 aliud,
1055 3908 1152 3976 quam

96 3988 321 4051 Teutonorum
341 3989 585 4077 imperatorem,
612 3990 787 4079 significat,
814 4007 852 4054 ut
874 3991 1008 4056 honoris
1034 3990 1151 4079 magis,

96 4112 192 4175 quarn
209 4090 370 4170 hominis,
386 4091 580 4155 vocabulum
598 4092 697 4156 luisse
712 4091 868 4156 rideatur.

130 4318 145 4383 s
164 4320 260 4367 xxm.
280 4322 390 4367 Mercure
402 4318 530 4388 sranpair,
550 4334 609 4368 anu.
629 4320 702 4367 rora.
721 4346 757 4357 -
776 4319 916 4368 Gmeudus
933 4318 961 4365 in
981 4319 1031 4367 vita
1050 4320 1151 4367 Peirese.

95 4401 155 4450 libb.
171 4406 220 4461 III,
236 4405 280 4450 tv.
295 4431 328 4440 -
340 4402 357 4468 s
371 4404 467 4451 mv,
480 4404 553 4450 Oros.
571 4429 605 4439 -
616 4401 721 4451 DIodor.
734 4402 861 4467 ap.Vales.
882 4428 914 4438 -
932 4400 996 4449 Vell.
1008 4403 1046 4457 11,
1066 4418 1104 4449 ra.
1118 4429 1144 4437 --

97 4485 168 4533 duct.
182 4487 213 4535 de
221 4488 274 4536 Vir.
290 4487 323 4535 ill.
338 4503 360 4535 c.
372 4487 414 4545 67.
432 4514 466 4525 -
483 4485 569 4535 Sidou.
583 4488 664 4538 eum.
677 4488 783 4545 xxttt,
802 4488 840 4534 ¹3.
