2594 4980
208 1004 497 1096 JOANNIS
534 1004 1012 1100 FREINSHEMII

127 1254 1090 1394 SUPPLEMENTORUM

306 1533 931 1660 LIVIANORUM

463 1788 642 1897 surana
677 1791 754 1868 xn

244 1998 292 2052 IN
320 1997 477 2053 LOCUM
502 1999 625 2054 LIBRI
651 1990 774 2055 LXXV
800 2004 987 2060 LIVIANI.

416 2219 808 2251 ...ψ-ἅμ..

489 2400 732 2478 ΕΡΙΤΟΜΕ

243 2581 377 2636 nrnnl
406 2579 763 2636 ssrrnnonsrm
792 2581 977 2650 Qulnrn

79 2718 111 2770 Α.
131 2718 280 2770 Postumius
298 2718 411 2771 Albinus
428 2718 546 2788 legatus,
559 2735 644 2788 quum
660 2715 737 2769 classi
751 2731 890 2788 preesset,
912 2721 1019 2773 infamis
1036 2721 1146 2776 crimine

114 2800 287 2872 proditionis,
301 2801 336 2852 ab
348 2801 464 2852 exercitu
480 2818 529 2852 suo
542 2799 694 2852 interfectus
707 2811 756 2854 eat.
767 2802 797 2853 L.
808 2802 948 2855 Cornelius
960 2803 1034 2857 Sulla
1045 2805 1147 2877 legatus

113 2884 244 2937 Samnites
256 2883 346 2954 prelio
359 2882 435 2946 vicit,
448 2893 473 2934 et
486 2882 548 2934 bina
562 2893 647 2935 castra
661 2900 753 2936 eorum
766 2887 935 2957 expugnavit.
945 2888 995 2941 Cn.
1006 2890 1147 2962 Pompeius

114 2967 238 3019 Vestinos
259 2966 286 3018 in
307 2964 467 3018 deditionem
486 2966 595 3037 accepit.
617 2968 649 3020 L.
670 2967 779 3021 Porcius
798 2970 906 3033 consul,
922 2972 1002 3024 rebus
1021 2992 1147 3046 prospere

113 3051 209 3121 gestis,
221 3050 340 3122 fusisque
357 3049 495 3121 aliquoties
507 3049 617 3112 Marsis,
631 3049 696 3103 dum
708 3063 795 3105 castra
808 3071 900 3106 eorum
914 3067 1060 3126 expugnat,
1076 3057 1146 3108 ceci·

114 3136 153 3189 dit
168 3153 174 3187 :
192 3154 279 3188 cares
292 3134 412 3188 hostibus
424 3134 559 3188 victoriam
574 3136 632 3207 ejus
643 3126 726 3206 prelii
737 3122 820 3188 dedit.
832 3132 977 3190 Cosconius
991 3148 1016 3191 et
1032 3138 1146 3192 Luceius

113 3218 244 3273 Samnites
262 3217 317 3271 acie
336 3219 474 3281 vicerunt;
494 3218 610 3271 Marium
628 3216 790 3290 Egnatium,
812 3219 1005 3275 nobilissimum
1028 3222 1144 3276 hostium

114 3302 226 3365 ducem,
240 3300 409 3364 occiderunt,
423 3300 614 3373 compluraque
628 3320 721 3355 eorum
737 3301 836 3375 oppida
853 3302 882 3355 in
896 3301 1057 3359 deditionem
1071 3325 1147 3359 acce·

114 3397 220 3458 perunt.
237 3387 269 3438 L.
284 3384 358 3440 Sulla
373 3385 498 3456 Hirpinos
513 3383 633 3449 domuit,
648 3386 778 3440 Samnites
790 3386 881 3440 miultis
893 3388 988 3459 preliis
1002 3387 1086 3454 ludit,
1102 3389 1147 3442 ali·

114 3483 179 3544 quot
191 3470 305 3542 populos
318 3469 432 3541 recepit;
442 3469 600 3540 quantisque
608 3487 670 3522 raro
679 3469 822 3542 quisquam
832 3470 899 3523 alius
908 3483 969 3524 ante
978 3471 1145 3527 consulatum

115 3556 194 3607 rebus
206 3553 302 3625 gestis,
316 3552 350 3607 ad
364 3552 517 3625 petitionem
531 3552 684 3606 considatus
698 3555 809 3606 Romam
821 3565 860 3607 est
874 3556 1018 3626 profectus.

80 3748 105 3811 I.
128 3714 270 3814 lrsnsn
294 3749 394 3811 lerme
412 3746 546 3826 diebus,
566 3744 685 3833 quibus
701 3746 847 3832 praetoris
865 3746 982 3809 urbani
1003 3745 1095 3808 fusus
1113 3746 1145 3808 in

79 3849 151 3911 foro
172 3871 233 3912 suo
256 3848 386 3937 sanguis
403 3864 472 3928 est,
498 3847 594 3912 etiarn
619 3847 653 3909 in
683 3846 813 3927 castris,
840 3844 983 3933 nequid
1008 3867 1146 3933 usquam

79 3965 204 4012 castum
221 3964 409 4013 sanctumve
423 3950 525 4029 toret,
543 3947 730 4036 praetorium
746 3947 870 4028 virum,
890 3949 929 4011 Α.
942 3945 1147 4011 Postumium

78 4049 250 4129 Albinum,
269 4072 372 4137 quum
393 4050 515 4138 legatus
536 4048 628 4112 classi
651 4065 818 4135 praeesset,
844 4049 1023 4125 exercitus,
1049 4072 1147 4135 quem

78 4151 237 4231 ducebat,
254 4151 425 4215 interfecit.
441 4149 639 4216 Intolerabili
654 4151 804 4239 superbia
823 4150 962 4213 militum
974 4150 1007 4211 in
1027 4173 1061 4214 se
1074 4151 1149 4216 odia

78 4253 280 4317 suscitavisse
299 4251 458 4316 traditur:
480 4251 558 4334 sed,
583 4274 651 4340 quo
674 4253 850 4342 speciosior
868 4251 1052 4316 furentibus
1068 4276 1149 4342 prae-

79 4371 185 4418 textus
211 4370 316 4434 esset,
341 4353 475 4417 crimine
494 4352 688 4441 proditionis
708 4353 932 4419 insimulatum
954 4354 1034 4418 saxis
1052 4369 1149 4443 atque

79 4455 219 4520 fustibus
247 4472 488 4544 oppresserunt.
515 4455 632 4544 (Jopias
661 4455 731 4534 ejus
755 4478 858 4544 quum
884 4455 919 4522 L.
947 4455 1054 4538 Sulla,
1081 4456 1149 4545 ipse

910 4569 973 4657 45.
