2640 5046
301 703 356 772 IN
385 703 495 771 LOC.
522 704 616 770 LlB.
642 702 768 769 XLIX
799 700 1016 770 LlVlANl.
1148 699 1192 771 85

126 847 242 912 «pere,
255 825 345 903 justo
361 837 508 910 tempore
525 823 639 886 soluta.
653 823 695 885 Et
710 822 761 885 his
779 820 911 909 quidem
926 825 1070 886 contenti
1086 841 1193 911 patres

126 926 246 989 «vestri
269 926 377 1006 fuere,
395 925 593 1012 quibuscum
615 924 715 987 nostri
740 923 953 1003 bellaverant3
970 923 1138 1012 foedusque
1159 927 1193 989 in

126 1056 139 1081 «
150 1025 207 1090 has
222 1027 309 1115 leges
325 1026 465 1108 iactum,
477 1042 514 1090 ut
527 1027 612 1089 inter
622 1026 727 1089 socios
740 1025 943 1110 amicosque,
960 1025 1028 1112 pari
1040 1026 1193 1116 utrinque

125 1128 303 1217 «religione
322 1126 493 1194 firmatum.
513 1129 620 1215 Atque
638 1127 700 1208 illi,
719 1149 794 1191 cum
815 1125 901 1189 bello
921 1126 1034 1213 positis
1056 1127 1194 1192 inimici·
1258 1212 1261 1217 Ι

126 1230 215 1311 «tiis,
233 1229 362 1317 placitas
382 1231 481 1294 semel
501 1229 704 1294 conditiones
730 1225 898 1291 bonafide
919 1249 1083 1292 servavere
1107 1252 1115 1292 :
1135 1253 1194 1294 vos

126 1359 139 1384 ιι
148 1352 242 1411 vero,
253 1330 373 1418 quibus
386 1354 446 1396 nec
457 1331 605 1421 opposita
619 1353 765 1418 unquam
775 1352 864 1393 arma
873 1346 965 1411 sunt,
975 1353 1073 1418 quam
1084 1353 1193 1418 quasso

127 1446 334 1519 «temporum
353 1431 472 1496 horum
489 1455 607 1496 noxam
623 1431 756 1520 potestis
768 1429 963 1520 coarguere?

170 1532 260 1597 XIII.
285 1533 436 1597 «ldeone
453 1532 589 1616 bellum,
611 1548 644 1596 et
663 1532 852 1620 priusquam
876 1528 1065 1594 audiremur
1086 1529 1196 1596 decer·

127 1663 140 1688 a
150 1631 312 1714 nendum,
330 1651 362 1698 et
375 1635 564 1723 priusquam
578 1632 785 1714 indiceretur,
801 1630 1009 1697 inferendum
1026 1631 1104 1715 fuit,
1119 1635 1194 1720 quia

126 1733 269 1797 «tributa
285 1757 324 1798 ex
340 1734 404 1799 fide
421 1735 596 1799 solvimus?
613 1734 801 1823 elephantos
817 1756 884 1797 non
902 1732 1092 1797 domamus?
1113 1735 1195 1801 nihil

127 1865 140 1890 u
151 1851 263 1899 contra
273 1835 379 1902 fredus
390 1837 563 1925 antiquum
572 1835 778 1902 facimusi’an
790 1835 865 1924 quia
877 1833 976 1899 modo
988 1858 1086 1923 supra
1097 1837 1194 1923 quin·

125 1937 301 2026 «quaginta
317 1939 489 2003 hominum
503 1939 601 2003 millia
614 1937 699 2002 lame
716 1936 811 2001 nobis
829 1935 1018 2024 perierunt?
1035 1937 1078 1999 At
1093 1937 1193 2024 gessi·

124 2067 137 2091 a
148 2038 204 2102 stis
223 2055 336 2103 contra
351 2040 553 2104 Masinissam
569 2040 691 2104 bellum
705 2062 712 2104 :
728 2038 886 2128 gessimus
903 2038 1006 2118 enim,
1021 2037 1078 2101 sed
1091 2038 1191 2102 laces·

124 2137 222 2219 «siti,
240 2137 298 2203 sed
314 2141 416 2205 coacti
433 2164 441 2206 :
458 2140 516 2206 diu
530 2141 617 2205 enim
633 2139 866 2230 patientissime
882 2137 1042 2228 quidlibet
1057 2140 1192 2228 pertuli·

125 2260 242 2315 «mus,
259 2263 316 2305 vos
336 2243 486 2308 reveriti:
505 2242 610 2308 donec
628 2244 681 2309 ille
699 2258 813 2308 contra
830 2264 889 2306 nos
902 2289 911 2323 ,
926 2242 1117 2330 solumque,
1136 2241 1193 2306 ubi

124 2338 320 2423 «educatus,
338 2343 396 2408 ubi
412 2344 580 2410 institutus
597 2362 663 2427 est,
681 2346 809 2409 nullum
826 2344 1017 2425 injuriarum
1029 2341 1128 2407 finem
1143 2343 1191 2407 fa·

123 2438 252 2523 «ciens,
273 2445 439 2532 regionem
459 2447 543 2511 circa
561 2448 773 2535 Emporium,
796 2462 844 2529 et,
871 2447 931 2510 hac
953 2445 1093 2535 potitus,
1115 2445 1191 2509 alias

123 2541 287 2608 «subinde
299 2546 440 2635 aliasque
453 2546 638 2629 invaderet,
654 2571 691 2612 ac
706 2547 747 2612 ad
761 2548 826 2612 hoc
837 2545 964 2611 foederis
979 2546 1076 2609 vestri
1094 2560 1192 2632 caput

123 2644 377 2733 «negligendum
400 2649 432 2711 vi
454 2671 491 2712 ae
514 2650 701 2713 necessitate
720 2671 780 2712 nos
803 2650 975 2736 subigeret.
994 2648 1071 2711 Haec
1094 2645 1193 2735 igitur

123 2746 317 2809 «necessitas
331 2749 358 2810 si
372 2748 459 2836 apud
475 2771 533 2813 vos
547 2751 598 2812 vel
609 2751 644 2812 in
657 2771 786 2812 causam
798 2769 981 2829 armorum,
993 2747 1046 2811 vel
1062 2746 1095 2809 in
1111 2771 1192 2835 prae·

124 2857 272 2906 «textum
286 2846 438 2929 invainit,
454 2869 514 2910 nos
527 2864 614 2911 certe
626 2863 659 2911 et
673 2846 805 2933 publico
820 2847 982 2933 praeconio
994 2846 1192 2911 condemna-

125 2943 253 3007 «vimus
269 2967 344 3025 eos,
365 2946 423 3032 qui
440 2945 591 3011 Numidae
611 2947 676 3009 vim
692 2946 892 3033 repulerant,
911 2962 944 3008 et
960 2947 1098 3009 Romam
1119 2968 1192 3008 ora·

124 3060 232 3109 «tores
247 3045 420 3111 adfectum
434 3047 641 3136 purgandum
656 3047 820 3130 misimus;
837 3061 976 3134 postque
987 3046 1084 3135 paulo
1093 3047 1193 3126 alios,

122 3146 267 3233 «quibus
289 3149 396 3213 omnis
414 3165 554 3237 potestas
575 3148 754 3238 accipiendi
777 3149 881 3238 leges,
904 3171 983 3237 quas
1006 3149 1192 3236 imponere·

122 3249 201 3330 «tis,
221 3250 394 3314 commissa
411 3252 484 3315 fuit.
509 3252 676 3333 Quorsum
694 3251 792 3340 igitur
810 3252 916 3315 classis
934 3266 998 3314 tam
1015 3251 1191 3332 instructa,

121 3373 302 3437 «quorsum
324 3368 433 3417 tantus
451 3354 609 3418 exercitus
626 3352 785 3418 adductus
802 3368 865 3434 est,
883 3353 926 3428 si,
949 3368 982 3415 et
994 3350 1084 3439 quod
1100 3374 1190 3416 com·

123 3480 136 3505 «
148 3452 293 3517 misimus
302 3501 311 3535 ,
321 3454 411 3518 Poeni
420 3454 570 3536 fatemur,
580 3472 613 3519 et
621 3455 710 3518 luere
720 3454 930 3518 commissum
938 3453 1072 3518 arbitrio
1081 3469 1189 3517 vestro

122 3555 246 3641 «parati
266 3555 400 3619 sumus?
418 3557 507 3620 Nihil
526 3580 545 3620 a
567 3556 662 3620 nobis
686 3553 782 3645 fingi,
805 3556 902 3619 rebus
925 3554 1001 3642 ipsis
1021 3553 1190 3642 apparuit,

123 3676 249 3739 «quum
269 3655 397 3720 obsides
417 3658 485 3737 ejus
504 3657 698 3739 nobilitatis,
715 3673 805 3721 tanto
825 3678 984 3736 numero,
1003 3656 1098 3718 etiarn
1117 3670 1192 3717 ante

122 3754 231 3819 «diem
250 3756 387 3840 dictam,
407 3780 511 3845 quum
534 3759 753 3838 frumentum,
775 3758 902 3822 anobis
925 3757 975 3819 his
998 3754 1112 3820 diebus
1131 3755 1193 3817 im·

122 3864 316 3945 «peratum,
340 3881 468 3924 summo
493 3859 601 3925 studio
626 3861 784 3924 misimus.
809 3860 890 3940 Quae
914 3880 1016 3945 quum
1040 3856 1082 3919 ita
1108 3855 1192 3935 sint,

122 3990 135 4015 «ι
147 3982 274 4046 nosque
291 3958 434 4040 ejusdem
453 3962 724 4027 senatusconsulti
738 3977 862 4049 partem
878 3960 1010 4023 alteram
1028 3955 1193 4020 mittendis

121 4093 135 4117 a
144 4061 178 4124 in
196 4077 343 4149 tempore
355 4061 523 4127 obsidibus
534 4063 784 4150 expleverimus,
798 4062 931 4126 alteram
944 4075 1049 4122 utros
1066 4056 1193 4142 explea-

122 4192 135 4216 ιι
145 4161 185 4224 tis
198 4178 364 4249 superest,
375 4185 465 4251 quae,
475 4162 557 4230 datis
573 4162 760 4245 obsidibus,
770 4164 953 4228 libertatem
970 4159 1065 4223 nobis
1077 4179 1199 4243 resque

122 4292 135 4317 α
147 4277 272 4327 nostras
287 4263 452 4350 reliquit.»

158 4458 174 4522 5
187 4459 259 4506 xm.
272 4459 361 4507 Zomr.
