2594 4980
156 840 244 906 xlv.
269 840 389 903 «Hunc
409 837 531 902 scilicet
545 836 730 927 reipublicae
750 857 829 899 cura
844 834 938 917 duci,
956 859 1028 923 quae
1044 839 1127 905 nihil
1142 839 1183 904 ad

111 973 124 998 a
134 943 226 1007 illum
243 940 442 1029 pertineret,
457 954 515 1003 aut
529 938 593 1002 ulla
603 938 741 1002 honesta
755 959 866 1019 causa,
881 938 974 1017 cujus
989 939 1023 1002 in
1040 955 1108 1005 tota
1119 943 1183 1007 vita

111 1075 124 1099 «
136 1044 217 1107 nihil
231 1065 299 1105 non
313 1039 435 1105 soedum
453 1056 551 1127 atque
566 1040 764 1127 probrosum
778 1054 862 1103 esset
877 1061 885 1102 :
901 1039 1024 1126 quique
1038 1041 1108 1129 ipse
1121 1047 1184 1108 cri·

112 1145 233 1208 «minis
257 1142 371 1224 hujus,
391 1165 451 1230 per
470 1139 561 1229 quod
583 1140 751 1229 negotium
774 1139 843 1204 aliis
866 1140 1052 1223 facesseret,
1074 1147 1184 1209 multis

112 1263 171 1310 «et
192 1246 285 1309 bonis
303 1244 438 1308 testibus
461 1242 551 1331 argui
571 1242 697 1329 posset!
721 1242 881 1305 Caeterum
904 1242 957 1304 tali
974 1242 1104 1329 aliquo,
1121 1246 1185 1309 hoc
1231 1300 1235 1309 .

113 1365 200 1426 «est,
216 1347 288 1427 vili,
307 1344 516 1435 impudente,
536 1359 570 1406 et
582 1342 710 1432 perdito
725 1342 860 1406 homine
873 1344 973 1407 fuisse
991 1367 1074 1431 opus
1094 1369 1102 1409 :
1124 1370 1184 1410 nce

113 1451 226 1512 «enim
254 1447 353 1511 alium
375 1446 509 1534 reperiri
529 1445 696 1532 potuisse,
720 1445 778 1532 qui
799 1467 833 1506 se
852 1445 995 1509 romanis
1020 1447 1185 1534 equitibus

113 1548 337 1628 «venditaret,
368 1547 409 1610 ad
438 1547 556 1610 horum
581 1544 836 1609 confirmandam
863 1546 1089 1633 impotentiam
1119 1566 1182 1614 tam

114 1683 127 1708 e
138 1652 251 1716 infami
269 1650 437 1715 famulatu.

129 1798 133 1805 -
159 1756 231 1817 XV.
251 1754 407 1817 «Frustra
423 1751 562 1815 incusari
579 1751 680 1813 alios:
697 1749 845 1837 equitum
858 1750 943 1812 lianc
959 1750 1184 1839 intemperiem

113 1888 127 1914 «
138 1880 224 1937 esse,
244 1878 346 1944 regno
363 1853 561 1934 judiciorum
580 1851 830 1932 exsultantium,
845 1853 893 1915 vel
912 1853 1070 1939 usquead
1085 1855 1186 1918 inter-

114 1959 218 2022 «itum
236 1958 382 2021 civitatis.
400 1957 477 2020 Non
494 1977 589 2044 posse
607 1953 821 2037 dissimulari,
838 1970 896 2018 aut
912 1955 1046 2040 nesciri,
1064 1979 1136 2044 quoe
1153 1959 1185 2021 in

114 2091 127 2115 a
137 2075 317 2147 conspectu
333 2057 444 2147 populi
464 2056 591 2120 romani
606 2056 673 2120 sint
687 2071 757 2119 acta
771 2078 779 2119 :
794 2055 858 2118 hoc
876 2055 1083 2143 inspiciente,
1098 2059 1189 2146 cupi·

115 2159 269 2223 «dissime
286 2158 478 2238 damnatos,
497 2157 698 2245 quicumque
712 2172 768 2220 aut
784 2157 1034 2244 publicanorum
1055 2159 1187 2225 fraudes

115 2262 280 2326 «severius
298 2259 531 2340 vindicassent,
550 2274 607 2322 aut
629 2256 752 2339 judicia
775 2257 978 2321 studuissent
999 2260 1187 2344 emendare,

115 2380 195 2426 «aut
210 2384 417 2450 quacumque
431 2361 472 2424 de
484 2383 578 2424 cansa
588 2361 707 2423 iratum
718 2359 809 2421 hunc
823 2357 971 2421 ordinem
984 2359 1186 2426 habuissent.

160 2464 248 2527 XVI.
263 2494 275 2518 «ι
287 2463 395 2544 Quem
409 2463 496 2525 enim
509 2461 713 2525 comminisci
725 2482 854 2529 (ausam
867 2459 960 2522 aliam
973 2482 1081 2548 posse,
1097 2465 1200 2549 quod·

115 2566 183 2629 aM.
197 2565 336 2628 Scaurus
353 2563 503 2651 princeps
524 2579 671 2641 senatus,
687 2583 874 2648 quanquam
893 2561 988 2624 annis
1002 2578 1034 2624 et
1050 2585 1187 2652 corpore

116 2666 317 2745 «invalidus,
334 2666 377 2728 sit
397 2666 596 2753 postulatus,
615 2663 677 2726 nisi
696 2662 773 2749 quia
791 2678 825 2723 et
843 2661 919 2724 alias
939 2683 1068 2749 semper
1083 2665 1186 2729 obsti-

116 2797 128 2819 n
139 2768 214 2829 terit
236 2767 348 2851 iniqua
370 2763 610 2850 flagitantibus,
633 2777 667 2825 et
685 2785 789 2849 nuper
807 2778 921 2825 auctor
938 2763 1047 2826 Druso
1067 2766 1187 2850 fuerit,

116 2866 256 2946 «judicia
279 2866 320 2928 ad
345 2882 492 2929 senatum
517 2862 754 2928 transferendi?
780 2864 817 2927 C.
845 2866 992 2945 Cottam,
1013 2866 1187 2934 disertissi-

117 2991 229 3031 «mum
260 2967 517 3048 adolescentem,
543 2990 609 3054 quo
634 2966 697 3029 alio
725 2966 860 3029 critnine
887 2966 1060 3051 cecidisse,
1088 2995 1186 3058 quam

117 3101 128 3122 ιι
139 3069 229 3155 quod
245 3069 281 3131 P.
299 3068 457 3131 Rutilium
473 3069 672 3131 avunculum
689 3089 788 3130 suum
804 3067 965 3149 imitatus,
982 3087 1108 3135 rectum
1122 3075 1188 3138 ani·

116 3192 251 3250 «mum,
271 3186 303 3233 et
322 3168 492 3233 ambitioni
515 3169 793 3255 impenetrabilem
811 3169 1026 3256 praetulisset?
1045 3172 1119 3237 ideo
1136 3177 1187 3238 ni·

116 3271 259 3334 «mirum
285 3271 381 3334 tantis
408 3270 440 3333 in
468 3269 559 3332 illum
586 3270 702 3332 animis
728 3270 821 3334 ivisse
847 3271 945 3334 iratos
973 3275 1117 3360 equites,
1146 3300 1187 3342 ne

115 3395 229 3436 «suam
247 3371 378 3460 quidem
398 3372 579 3451 infamiam,
597 3371 718 3435 nedum
733 3372 895 3458 publicam
910 3373 1047 3455 veritos,
1064 3376 1091 3440 si
1105 3379 1188 3442 ruti·

117 3474 216 3537 «liant
235 3473 349 3552 judicii
373 3472 609 3561 turpitudinem
638 3496 750 3538 recens
775 3472 897 3536 invidia
922 3492 1103 3542 renovaret.
1127 3478 1186 3544 llis

114 3591 206 3639 stam
230 3576 396 3640 velocibus
415 3575 456 3639 ad
472 3575 648 3640 vindictam
671 3575 862 3639 hominibus
879 3574 1002 3656 judicia
1018 3578 1101 3643 tradi
1114 3604 1188 3669 per·

117 3676 216 3741 «inde
236 3700 323 3759 esse,
344 3700 381 3741 ac
405 3679 432 3741 si
454 3678 578 3742 furioso
604 3674 729 3766 gladius
757 3675 855 3740 detur
879 3676 964 3741 inter
986 3679 1126 3745 inermes
1154 3700 1186 3747 et

117 3779 328 3843 «imbecillos.
1133 3846 1137 3855 ,

160 3882 266 3944 XVll.
284 3913 296 3935 «
307 3881 389 3943 Tam
401 3880 490 3944 brevi
504 3898 650 3968 tempore
662 3881 770 3967 plures
783 3878 919 3942 consilio
931 3896 964 3944 et
975 3881 1095 3947 virtute
1109 3908 1187 3972 prae·

116 3999 261 4048 «stantes
278 3983 362 4047 cives
379 3983 511 4047 amissos
530 4006 616 4061 esse,
633 4005 732 4070 quam
749 3980 892 4044 fortassis
906 3981 1006 4071 longo
1024 3983 1111 4047 bello
1126 3986 1184 4049 ab·

116 4106 267 4148 «sumere
280 4083 409 4148 hostilia
423 4107 511 4147 arma
525 4084 729 4171 potuissent:
743 4104 850 4168 neque
868 4081 965 4145 finem
980 4084 1065 4165 fore,
1080 4084 1185 4153 donec

117 4187 253 4250 «eadem
270 4185 443 4250 accusandi
461 4185 589 4249 licentia
605 4184 712 4249 duret.
732 4184 841 4264 Quem
859 4183 945 4246 enim
964 4206 1035 4247 esse
1050 4209 1117 4250 non
1132 4213 1185 4254 se.
1286 4184 1288 4189 ’

118 4304 288 4352 «natorem
300 4303 446 4365 tantum,
460 4285 518 4350 sed
530 4286 667 4349 omnino
679 4286 901 4350 honestiorem
911 4284 1051 4372 aliquem
1065 4290 1184 4374 civem,

118 4391 192 4451 «cui
215 4412 281 4451 non
301 4389 397 4452 fuerit
417 4412 493 4452 cum
511 4387 578 4466 his,
595 4404 650 4450 aut
667 4385 911 4451 illis'sociomm
930 4388 1031 4451 multa
1050 4393 1185 4457 familia·

241 4509 302 4572 m.
942 4501 988 4587 [β
