2594 4980
262 715 316 782 IN
347 714 461 782 LOC.
488 715 584 781 LIB.
612 713 736 783 LXXI
769 715 987 787 LIVIANI.
1088 717 1159 804 643

91 850 211 923 strages
231 834 403 907 hominum
422 834 523 915 facta,
544 835 712 922 lacrymari
728 835 877 900 animalia
895 838 961 900 risa
978 856 1078 905 sunt:
1099 866 1161 909 cte·

90 938 158 1001 lum
177 935 339 1017 discessit,
356 956 393 998 ex
413 935 542 999 occulto
558 958 653 999 voces
668 933 804 1015 auditae,
826 959 898 1024 quae
921 938 1063 1025 pericula
1084 942 1162 1008 belli

91 1040 296 1117 nuntiarent;
316 1037 472 1125 quodque
489 1037 709 1101 tristissimum
725 1036 953 1126 haruspicibus
967 1041 1089 1121 visum,
1107 1047 1161 1110 La·

91 1141 179 1204 nuvii
201 1129 402 1228 clypei'sunt
419 1163 437 1202 a
457 1139 605 1202 muribus
625 1140 737 1204 arrosi.
756 1139 857 1220 Quod
877 1143 1041 1227 sequitur,
1060 1147 1161 1236 magis

90 1260 220 1309 senatus
236 1242 361 1305 romani
377 1241 466 1304 fatua
483 1257 515 1305 et
529 1239 653 1305 crudeli
666 1242 912 1330 superstitione,
927 1266 1024 1330 quam
1040 1248 1087 1309 rei
1100 1249 1162 1312 mi·
1188 1274 1191 1281 ·

90 1347 216 1424 raculo,
233 1343 455 1433 prodigiosum
473 1343 546 1407 fuit.
566 1344 602 1406 ln
620 1366 698 1431 agro
712 1365 849 1409 romano
862 1344 1073 1434 androgynus
1089 1350 1160 1414 viro

90 1463 265 1534 nupserat:
284 1445 352 1510 ida
373 1445 488 1509 marito
511 1443 552 1508 ad
573 1461 740 1525 senatum,
762 1444 804 1508 ab
825 1463 940 1510 senatu
960 1446 1001 1511 ad
1019 1471 1158 1538 augures

90 1548 231 1612 delatum
248 1571 349 1636 quum
365 1547 493 1628 luisset,
509 1568 548 1610 ex
564 1546 754 1611 auctoritate
768 1562 936 1612 tuscorum
949 1548 1158 1638 haruspicum

89 1671 180 1731 arvus
197 1665 246 1711 est
262 1664 433 1711 crematus.

134 1750 302 1814 XXXVII.
318 1750 360 1812 Et
375 1771 416 1811 ne
430 1770 530 1837 graeca
543 1747 672 1837 ingenia
687 1747 760 1835 plus
776 1747 895 1814 vidisse
912 1767 1082 1839 putemus,
1096 1752 1160 1817 sub

88 1851 200 1915 eadem
223 1852 325 1915 ferme
349 1867 495 1939 tempora
515 1848 649 1914 Athenis
672 1849 754 1912 alius
777 1849 873 1914 simili
898 1853 1056 1940 supplicio
1079 1876 1159 1919 con·

88 1971 238 2042 sumptus
248 1970 315 2017 est:
333 1969 422 2016 tanta
435 1975 475 2016 eo
489 1952 599 2016 seculo
611 1951 792 2039 ignorantia
802 1954 884 2034 veri,
897 1952 985 2042 apud
995 1955 1160 2043 sapientis·

88 2056 204 2135 simos,
222 2071 258 2118 ut
275 2054 445 2135 rebantur,
462 2052 620 2141 populos;
640 2068 793 2140 tantaque
807 2053 1024 2120 humanarum
1038 2057 1160 2122 anima·

89 2181 161 2221 rum
172 2157 273 2220 vilitas
289 2157 365 2219 fuit!
379 2157 538 2221 Caeterum
552 2153 697 2236 sublato,
708 2155 986 2242 quemadmodum
999 2155 1159 2238 diximus,

87 2260 214 2339 Druso,
232 2258 355 2323 inimici
372 2273 476 2322 morte
497 2255 594 2336 hujus
617 2255 752 2320 minime
769 2256 891 2335 satiati,
909 2250 1038 2345 plenam
1058 2261 1161 2326 victo·
1237 2344 1242 2349 .

87 2361 166 2423 riam
186 2359 454 2448 concupiverunt.
476 2357 706 2446 lamprimum,
727 2358 763 2423 L.
783 2356 934 2448 Philippo
954 2361 1089 2427 consule
1107 2384 1159 2427 re·

86 2460 226 2542 ferente,
244 2459 405 2548 quidquid
429 2459 480 2523 ille
502 2459 612 2546 legum
636 2458 769 2540 tulerat,
787 2482 854 2523 uno
875 2463 1159 2530 senatusconsulto

86 2562 211 2626 tollitur
223 2586 231 2626 ε
243 2576 355 2626 contra
372 2563 512 2647 ampicr'a
524 2557 624 2638 latas,
642 2581 740 2647 neque
753 2559 800 2623 lu's
814 2562 914 2623 teneri
920 2560 1090 2649 populum,
1107 2563 1159 2628 di.

85 2663 251 2727 ctitabant.
266 2664 314 2725 Er
331 2661 459 2726 diverso
473 2659 598 2745 equites
611 2660 755 2738 romani,
773 2660 910 2745 quibus,
927 2684 1000 2747 que
1014 2688 1032 2727 a
1050 2665 1158 2731 Druso

86 2764 247 2850 patefacta„
261 2763 350 2825 curia
378 2764 501 2838 suerat,
524 2759 643 2821 iterum
667 2756 919 2841 occludebatur,
946 2763 988 2844 Q.
1003 2763 1158 2850 Varium,

86 2884 185 2948 quem
208 2877 342 2949 propter
364 2860 540 2923 obscurum
562 2858 615 2938 jus
639 2858 775 2922 civitatis
795 2862 1072 2950 cognominabant
1090 2866 1158 2957 Hy-

86 2961 233 3038 bridam,
258 2977 385 3025 vastum
411 2959 580 3024 hominem
603 2976 700 3048 atque
723 2958 864 3041 foedum,
888 2961 945 3028 sed
971 2987 1039 3029 non
1064 2990 1157 3057 sper·

86 3063 192 3128 nenda
216 3062 345 3127 dicendi
369 3061 519 3125 facultate
538 3082 687 3151 magnam
708 3061 806 3151 vulgo
829 3065 962 3153 gratiam
985 3065 1157 3156 adeptum,
1257 3082 1262 3093 '

85 3165 286 3254 rogationem
303 3164 387 3228 ferre
405 3163 622 3250 impulerunt,
640 3177 675 3225 ut
690 3177 881 3250 quaereretur
894 3166 934 3231 de
951 3169 988 3232 iis
994 3217 1005 3249 ,
1023 3193 1156 3259 quorum

84 3265 158 3330 dolo
173 3267 261 3331 ›nalo
275 3268 354 3331 socii
368 3265 415 3329 ad
428 3286 520 3329 mma
538 3267 582 3328 ire
598 3267 704 3328 coacti
718 3277 825 3329 essent.

130 3369 313 3434 XXXVIII.
331 3369 380 3432 Eo
397 3352 532 3431 crimine
550 3365 686 3430 civitatis
706 3367 868 3456 principes
884 3369 930 3432 rei
949 3369 1155 3439 destinaban-

85 3485 155 3549 tur,
173 3493 191 3532 a
212 3470 348 3556 quibus,
371 3493 431 3558 pro
453 3484 566 3531 navata
588 3484 699 3531 contra
721 3469 893 3557 populares
912 3487 1017 3561 partes
1036 3497 1151 3563 opera,
1223 3550 1226 3557 Ι

84 3571 241 3655 promissa
255 3571 350 3635 sociis
365 3571 474 3634 civitas
486 3569 665 3634 dicebatur.
680 3566 806 3635 Idcirco
821 3572 961 3658 equites,
973 3574 1000 3637 si
1012 3573 1088 3657 hos,
1106 3577 1153 3640 uti

84 3670 175 3739 facile
190 3688 257 3734 erat
268 3671 468 3753 judiciorum
482 3685 641 3759 potestate
657 3669 815 3757 praeditis,
832 3670 1001 3739 damnatos
1013 3676 1153 3762 expulis-

84 3789 173 3850 sent,
187 3772 307 3852 majore
323 3772 475 3861 deinceps
489 3772 635 3854 licentia,
649 3771 812 3861 quidquid
824 3775 1035 3858 collibuisset,
1049 3777 1153 3842 acturi

82 3872 286 3937 videbantur.
308 3872 531 3938 Intercedebat
548 3896 620 3962 pars
636 3873 866 3939 tribunorum:
883 3876 940 3941 sed
959 3877 1008 3942 his
1026 3879 1152 3964 equites

83 3973 200 4037 strictis
223 3973 295 4036 sicis
320 3973 564 4038 circumstantes
592 3975 772 4055 injecerunt
797 3991 940 4058 metum,
967 3978 1152 4068 perlataque

117 4220 270 4286 §XXXVL
286 4220 334 4268 Jul.
353 4219 444 4283 Obseq.
467 4246 502 4257 -
523 4220 575 4267 cte.
593 4219 624 4268 de
638 4218 747 4267 Diviuat.
766 4221 791 4278 1,
807 4228 849 4277 st.
877 4248 912 4260 -
936 4220 1041 4270 Diodor.
1064 4225 1149 4290 Eclog.

83 4305 125 4354 lib.
140 4307 248 4352 XXXII.
271 4330 304 4340 -
321 4303 337 4366 S
356 4303 488 4351 XXXVII.
503 4305 595 4351 Aaron.
609 4304 637 4351 iu
651 4303 750 4353 comet.
767 4332 802 4344 -
823 4307 930 4371 Appiam
947 4307 1002 4356 civ.
1017 4307 1061 4356 lib.
1077 4313 1098 4358 I.
1114 4337 1149 4349 .-

54 4454 57 4463 .
82 4389 137 4436 val.
152 4392 218 4438 Max.
229 4390 304 4443 VIII,
319 4391 345 4434 6.
357 4415 391 4425 -
404 4388 457 4436 Cic.
473 4387 503 4435 de
517 4388 584 4435 Orat.
597 4389 621 4446 I,
636 4388 683 4446 25,
693 4388 720 4436 iu
733 4390 824 4449 Bruto,
838 4406 892 4454 esp.
903 4391 950 4449 lla,
964 4403 988 4440 et
997 4409 1045 4458 pro
1056 4393 1150 4454 domo,

83 4487 139 4537 cap.
151 4477 189 4522 16.
207 4501 238 4511 -·
248 4472 324 4522 Diod.
340 4471 423 4536 Eclog.
437 4470 481 4520 lib.
492 4471 626 4519 mvn.

919 4571 960 4652 41
974 4622 982 4638 .
