2594 4980
293 701 346 769 IN
375 699 486 768 LOC.
511 700 605 768 LIB.
632 698 760 770 LXIX
786 698 1001 767 LIVIANI.
1109 692 1183 771 585¹
1215 742 1220 747 ·
1244 694 1253 709 ’

118 816 170 881 dic
189 832 319 881 senatus
342 820 376 881 in
399 820 504 900 curia,
528 840 627 907 eques
653 835 685 882 et
707 814 869 906 quidquid
889 817 926 880 in
945 818 1070 906 populo
1092 820 1181 885 iute-

118 942 211 1009 grum
228 935 312 1000 erat,
330 921 364 983 in
381 921 470 1001 loro,
492 921 683 985 convulsum
703 918 839 984 civitatis
862 932 997 1000 statum,
1014 918 1130 986 fructas
1145 936 1179 989 ct

117 1021 256 1101 abjectas
283 1023 390 1111 leges,
421 1023 556 1085 salutem
586 1022 748 1086 bonorum
779 1017 993 1083 scelestissimi
1020 1019 1188 1109 cujusque

118 1122 256 1186 audaciae
274 1123 447 1187 obnoxiam
463 1123 577 1188 acerbe
588 1122 753 1212 queritur,
767 1118 942 1184 vindictam
955 1120 1073 1208 poscit,
1089 1123 1185 1219 Apu·-

117 1222 180 1285 leio
196 1224 382 1311 caeterisque
398 1224 574 1288 minitatur.
677 1236 680 1247 '

160 1324 279 1387 XXVI.
296 1325 347 1387 Fit
362 1326 696 1405 senatusconsultum,
713 1338 751 1388 ut
766 1323 802 1388 C.
820 1323 959 1403 Murrus,
979 1321 1014 1387 C.
1032 1322 1182 1387 Valerus

115 1423 273 1506 consules,
293 1424 476 1488 adhiberent
489 1426 627 1490 tribunos
639 1424 739 1514 plebis
752 1438 782 1488 ct
792 1438 942 1513 pratores
949 1471 959 1503 ‚
977 1445 1053 1512 quos
1065 1425 1108 1487 cis
1125 1426 1183 1487 α’·

116 1524 240 1588 deretur
245 1552 259 1606 ;
274 1548 459 1615 operumque
469 1525 600 1604 dorent,
617 1539 653 1590 ut
664 1528 824 1614 impertitur
831 1524 948 1614 populi
957 1526 1095 1603 romani,
1111 1544 1181 1587 ma-

104 1627 267 1715 jestasque
276 1643 518 1693 conservaretur.
533 1628 695 1693 Omnibus
704 1626 943 1716 promptissime
952 1624 1189 1707 offerentibus,

117 1728 227 1792 Marco
243 1728 338 1792 etiam
355 1732 475 1794 Scauro
492 1731 701 1794 vehementer
715 1729 884 1808 hortante,
903 1727 1027 1791 Marius
1042 1727 1177 1806 consul,

116 1826 216 1891 homo
233 1830 396 1894 mutabilis
410 1830 550 1920 ingenii,
568 1853 671 1918 quum
685 1853 719 1894 se
737 1828 889 1893 adversus
904 1851 1099 1893 consensum
1114 1827 1180 1892 Ur.

116 1926 166 1991 bis
185 1951 312 1993 causam
330 1931 554 2019 improborum
570 1932 692 1995 civium
710 1931 795 1994 tueri
811 1952 877 1994 non
900 1951 995 2017 posse
1011 1943 1177 2007 cerneret,

116 2029 230 2092 transit
248 2032 352 2117 palam
374 2030 415 2094 a‹l
435 2032 555 2112 bonos,
575 2032 770 2120 plebemque
785 2031 849 2094 leni
869 2030 1014 2095 oratione
1035 2027 1177 2094 sedatam

115 2130 290 2212 centuriat,
307 2155 394 2196 arma
409 2154 448 2195 ex
461 2131 602 2196 aediliciis
616 2132 753 2221 publicis
767 2131 948 2211 distribuit,
965 2145 1074 2219 portas
1088 2152 1180 2195 com·

116 2231 239 2312 munit,
259 2233 407 2297 Flaccum
424 2235 580 2323 collegam
598 2257 673 2298 cum
689 2232 844 2322 praesidiis
867 2234 901 2297 in
923 2233 1020 2312 colle,
1040 2232 1086 2297 Μ.
1108 2234 1180 2298 Au·

115 2333 242 2396 tunium
258 2337 424 2400 consulem
441 2336 644 2426 designatum
659 2352 748 2400 extra
765 2336 888 2400 Urbem
901 2334 1060 2399 ncubare
1071 2333 1175 2413 jubet.

158 2435 294 2501 XXVII.
318 2437 353 2501 L.
372 2439 526 2525 Apuleius
547 2461 621 2502 cum
642 2438 726 2518 suis,
745 2452 778 2501 et
795 2459 877 2524 quos
895 2452 1047 2524 praeterea
1068 2434 1179 2498 subito

115 2537 244 2599 concire
262 2559 301 2599 ex
322 2539 405 2626 agris
427 2540 582 2626 proximis
604 2551 770 2626 potuerat,
793 2538 828 2599 in
848 2538 956 2598 forum
980 2535 1086 2596 venit:
1110 2533 1176 2613 ibi,

114 2638 359 2701 occurrentibus
380 2639 552 2717 Marianis,
568 2653 680 2724 aperto
699 2637 809 2724 praelio
828 2635 1043 2697 concurritur.
1063 2633 1178 2696 Victus

114 2741 287 2825 Apuleius,
302 2763 377 2802 cum
389 2764 450 2804 suo
461 2740 573 2803 fictitio
587 2740 752 2817 Graccho,
765 2739 910 2825 itemque
922 2753 1059 2825 praetore
1073 2736 1174 2801 Glsu-

114 2840 176 2918 cia,
194 2855 225 2901 et
243 2842 280 2902 C.
302 2839 431 2903 Saufeio
447 2856 606 2928 quaestore
621 2840 656 2902 in
678 2839 871 2926 Capitolium
893 2837 1016 2902 evadit:
1036 2837 1177 2902 Marium

114 2938 271 3002 consulem
286 2940 347 3002 sibi
357 2943 565 3027 cogitatorum
577 2954 780 3027 actorumque
792 2941 930 3003 omnium
943 2954 1103 3003 auctorem
1116 2962 1180 3003 esse

114 3039 307 3125 proclamat:
334 3055 366 3103 et
391 3039 432 3104 ad
460 3040 588 3105 servitia
615 3040 805 3105 concitanda
831 3041 952 3129 pileum
977 3041 1010 3103 in
1040 3039 1177 3104 modum

112 3139 217 3203 vexilli
235 3141 368 3206 extollit.
385 3141 481 3206 Multi
503 3158 609 3207 tamen
630 3143 816 3224 rebellium,
833 3140 1072 3232 priusquam'se
1093 3143 1178 3206 reci·

112 3262 209 3327 pere,
231 3264 297 3329 quo
314 3242 539 3322 intenderant,
555 3260 705 3332 possent,
722 3245 755 3307 in
774 3245 856 3309 clivo
876 3245 1050 3333 capitolino
1066 3244 1176 3308 conci·

113 3340 256 3407 duntur:
275 3344 319 3408 ob
335 3345 404 3408 haec
424 3360 456 3409 et
471 3346 578 3434 priora
597 3369 700 3435 quum
720 3347 893 3435 Apuleius,
914 3362 946 3410 et
964 3347 1114 3434 quicum
1135 3368 1176 3409 eo

113 3460 222 3523 erant,
238 3444 346 3510 hostes
357 3447 397 3511 ab
408 3462 523 3511 senatu
534 3446 669 3528 judicati
681 3463 804 3530 essent,
820 3446 1001 3511 incredibili
1012 3468 1175 3510 consensu

113 3541 245 3606 Parrum
262 3546 475 3636 equitumque
488 3570 700 3612 romanorum
714 3550 841 3613 armatis
854 3549 1036 3637 completur
1048 3549 1175 3612 forum:

112 3662 195 3727 quos
213 3644 298 3708 inter
317 3662 349 3710 et
369 3647 415 3713 M.
436 3649 593 3730 Scaums,
615 3664 648 3713 et
666 3648 707 3730 Q.
729 3649 883 3728 Scaevola,
903 3648 1072 3713 hastilibus
1093 3670 1174 3712 con·

112 3741 192 3807 fecta
212 3768 281 3809 aevo
300 3748 488 3837 morbisque
508 3771 644 3837 corpora
665 3750 880 3830 sustinentes,
902 3750 936 3811 in
957 3748 1090 3813 comitio
1108 3764 1175 3812 sta·

111 3841 201 3908 bant.

155 3945 307 4011 XXVIII.
341 3948 531 4031 Postremo,
558 3954 624 4015 sivo
653 3951 746 4031 jussu
772 3950 888 4031 Marii,
917 3952 983 4015 sive
1010 3950 1089 4013 dum
1118 3950 1175 4013 ille

111 4049 261 4111 consulto
277 4065 466 4130 cunctatur,
484 4068 601 4140 sponte
618 4052 755 4115 oliorum
777 4051 908 4133 fistulae,
924 4053 1043 4140 quibus
1060 4051 1092 4112 in
1108 4051 1170 4115 Ca·

144 4270 160 4335 g
174 4274 257 4320 XXV.
273 4273 335 4322 Flor.
349 4300 385 4312 -
397 4275 520 4324 Plutarch.
534 4303 568 4313 -
580 4277 686 4341 Appiam
696 4304 731 4314 -
744 4277 796 4326 cie.
806 4294 853 4345 pro
864 4278 947 4327 habit.
957 4294 1010 4342 cap.
1023 4292 1051 4338 73
1064 4278 1171 4345 Philipp.

111 4353 172 4402 VIII
178 4387 185 4412 ,
198 4356 226 4413 5,
240 4367 265 4403 et
278 4356 349 4405 Cutil.
362 4359 387 4413 1,
402 4373 427 4404 a.
439 4358 534 4407 -vst
547 4360 615 4408 Max.
628 4363 683 4417 111,
698 4376 723 4409 u.
734 4389 768 4399 -
778 4363 831 4410 le.
845 4362 912 4437 Eplt.
924 4390 958 4399 κ-
971 4362 1042 4410 Oros.
1053 4389 1088 4399 -
1098 4363 1173 4413 Λυσι.

112 4435 203 4485 dsVir.
216 4438 302 4489 illustr.
314 4458 366 4506 cap.
383 4443 424 4500 73.
1152 4446 1159 4463 “
