2594 4980
288 722 341 790 IN
374 722 488 791 LOC.
516 724 609 790 LIB.
637 726 783 793 LXVII
813 722 1024 800 LIVIANI.
1120 734 1184 807 531

124 853 220 927 caput
237 863 280 902 cr
296 844 333 902 iis
349 843 526 906 nationibus
541 867 581 906 ac
596 849 715 930 regnis,
733 849 913 934 quibuscum
922 854 1042 941 populo
1058 880 1189 923 romano

124 945 251 1005 societas
280 958 310 1005 et
333 946 474 1007 amicitia
496 959 591 1024 esset,
618 949 651 1008 in
669 950 837 1034 provincias
858 955 996 1037 romarus
1018 960 1190 1024 servitutem

124 1047 266 1106 servr'mt:
286 1047 389 1132 utique
401 1059 550 1131 proetores
560 1052 797 1134 provt'rtcinrnm
816 1075 866 1115 eos
875 1099 886 1130 ,
908 1059 965 1140 qui
985 1058 1018 1118 in
1035 1079 1072 1119 ea
1090 1081 1191 1125 causo

124 1160 240 1222 essent,
258 1148 443 1232 quantocius
458 1147 634 1213 liberarent.

168 1247 273 1310 XXX.
289 1247 426 1310 Siciliam
445 1262 513 1309 tum
531 1264 647 1333 praetor
662 1248 696 1311 P.
715 1249 856 1314 Licinius
874 1252 978 1316 Nerva
998 1256 1149 1345 regebat:
1164 1260 1190 1324 is

124 1344 266 1408 edictum
281 1347 471 1434 proposuit,
490 1351 605 1436 ntiqui
616 1373 659 1411 ear
670 1353 936 1416 sertatusconsnlto
951 1354 1044 1418 liberi
1060 1381 1121 1420 esse
1135 1359 1191 1424 de·

124 1446 242 1524 herent,
262 1449 432 1531 &recusus
444 1449 492 1509 ad
503 1472 534 1510 se
541 1450 720 1536 probamin
736 1473 842 1516 cnusoe
858 1458 1001 1519 uenirent
1013 1481 1024 1519 :
1038 1481 1111 1522 neve
1124 1462 1194 1548 qttt's

124 1547 340 1634 impedimento
362 1550 554 1612 vestientibus
571 1552 617 1612 ad
624 1564 795 1638 praetorem
815 1569 897 1618 esset.
917 1557 1034 1646 Magna
1052 1581 1088 1622 ea
1105 1562 1191 1625 mul·

124 1646 230 1709 titudo
249 1670 307 1733 prr
322 1663 421 1711 totam
443 1649 580 1713 insulam
597 1652 676 1734 suit;
698 1674 883 1741 paucosque
898 1657 982 1720 intra
998 1659 1067 1722 dies
1084 1662 1190 1725 octiu-

123 1749 209 1835 genti
236 1751 374 1838 amplius
398 1751 430 1812 in
463 1751 642 1815 libertatern
668 1753 831 1818 vindicati.
853 1757 897 1818 Ea
918 1780 970 1821 res
995 1760 1069 1844 quia
1089 1761 1191 1825 facul·

118 1864 202 1918 ,tates
227 1849 364 1913 divitum
391 1851 482 1914 valde
506 1853 697 1933 minuebat,
724 1854 790 1916 sive
817 1858 937 1944 gratia,
962 1859 1028 1922 sive
1056 1861 1192 1951 pecunia

123 1951 208 2034 (nec
225 1951 312 2013 enim
333 1953 471 2016 avaritiae
491 1954 674 2042 suspicione
697 1956 838 2019 Licinius
857 1960 1006 2046 carebat)
1023 1962 1191 2028 hominem

122 2075 138 2114 a
157 2054 323 2140 proposito
342 2072 534 2135 moverunt3
555 2080 661 2143 neque
685 2059 768 2120 nItra
789 2058 935 2122 vindIcioe
956 2062 1137 2127 secundum
1154 2064 1191 2127 Ii·
1276 2131 1281 2143 ,

122 2152 279 2215 bertatem
299 2153 481 2219 dabantur:
504 2156 561 2220 sed
582 2159 638 2245 qui
663 2156 703 2220 ad
727 2180 796 2221 eam
820 2181 909 2246 spem
927 2162 1112 2249 frequentes
1129 2186 1192 2229 un·

123 2252 221 2339 dique
246 2254 286 2316 ad
314 2273 483 2342 praetorem
509 2258 750 2334 conduxerant,
773 2281 848 2321 curn
870 2261 966 2324 minis
991 2264 1131 2351 repulsi,
1150 2265 1191 2329 ad

123 2352 272 2416 dominos
290 2359 547 2421 remittebantur.

166 2457 287 2521 XXXI.
313 2461 389 2523 Haec
418 2460 533 2538 injuria
561 2461 736 2539 conjuncta
762 2484 836 2524 cum
863 2463 996 2542 timore,
1023 2485 1064 2525 ne
1081 2465 1122 2528 ab
1139 2468 1189 2529 ot-

122 2560 219 2622 fensis
238 2560 323 2624 beris
342 2563 442 2624 multa
465 2563 572 2649 gravia
591 2578 797 2648 paterentur,
818 2563 995 2650 confugere
1010 2563 1051 2625 ad
1067 2565 1189 2629 Palico-

122 2684 194 2726 rum
218 2665 326 2726 Iucum
351 2685 458 2725 servos
478 2664 599 2748 coegit,
622 2662 712 2747 quasi
736 2662 801 2722 Ioci·
822 2661 1032 2723 sanctimonia
1057 2660 1190 2728 fidcma

123 2763 262 2824 dominis
280 2763 524 2847 impetraturos,
544 2762 697 2846 t‘mpnm‘m
709 2759 784 2835 fore
794 2807 803 2836 ,
822 2782 894 2844 qnae
909 2775 1018 2823 contra
1039 2763 1192 2827 volunta·

122 2879 182 2925 tent
202 2863 346 2937 illorum,
371 2859 519 2922 libertatis
542 2860 765 2945 recuperandoe
787 2861 896 2944 gratia
903 2857 1066 2946 secesserat.
1086 2865 1192 2951 Atque

122 2963 154 3026 id
172 2987 238 3050 quo
263 2962 386 3024 Iirmius
403 2977 503 3040 esset,
527 2961 624 3022 etiam
645 2976 762 3047 praetor
782 2961 1008 3024 auctoritatem
1031 2986 1121 3026 suam
1140 2966 1191 3028 in·

123 3064 298 3152 terposuit,
325 3086 391 3150 quo
420 3063 465 3123 sic
491 3061 621 3145 utrique
643 3062 753 3148 generi
776 3060 989 3141 satisfaceret,
1011 3063 1190 3149 periculum

121 3192 160 3230 ex
184 3167 344 3230 ambobus
372 3180 546 3226 metuens:
577 3183 684 3248 neque
713 3163 800 3225 eninr
825 3184 934 3224 servos
957 3165 1000 3226 ita
1019 3163 1190 3252 dissipatos

120 3285 231 3354 postea
242 3267 445 3332 occasionem
459 3280 515 3328 aut
526 3264 672 3327 animum
688 3263 833 3328 tentandi
848 3286 898 3326 res
913 3286 1011 3328 novas
1022 3265 1188 3331 babituros

121 3372 261 3434 rebatur.
285 3369 348 3435 Sed
364 3370 430 3448 ibi,
447 3368 552 3430 donec
568 3389 633 3429 una
650 3367 795 3446 fuerant,
814 3366 934 3429 crebris
953 3366 1088 3430 Invicem
1107 3390 1187 3433 con·

120 3472 345 3535 subationibus
368 3495 402 3534 re
425 3471 559 3558 agitata,
583 3469 781 3545 libertatem,
801 3489 897 3553 quam
926 3489 983 3554 per
1010 3467 1185 3533 factionem

121 3572 309 3657 iniquorum
327 3572 535 3635 dominorum
552 3571 625 3650 jure
644 3568 778 3657 adipisci
795 3591 861 3631 non
880 3568 1091 3655 potuissent,
1107 3570 1137 3632 vi
1154 3585 1187 3633 et

122 3695 220 3734 manu
237 3674 387 3735 asserturi
407 3672 629 3735 discesserant.

165 3775 302 3836 XXXII.
329 3774 457 3835 Primus
480 3774 513 3835 in
541 3771 677 3858 Ancylio
703 3791 781 3857 agro
807 3782 916 3831 motus
940 3767 1020 3847 fuit,
1046 3767 1185 3831 duorum

120 3875 256 3936 fratrum
278 3873 479 3961 praedivitum
505 3874 602 3936 servis
628 3871 758 3958 triginta
783 3867 993 3931 auctoribus:
1015 3865 1072 3952 qui
1091 3867 1186 3931 beros

120 3999 236 4040 sonmo
259 3976 380 4062 sopitos
399 3997 500 4060 quum
521 3974 737 4062 jugulassem,
760 3970 870 4034 eadem
888 3986 984 4032 nocte
1004 3965 1187 4029 accedenti·

120 4079 182 4142 bus
198 4078 266 4140 abis
283 4098 386 4163 usque
406 4075 445 4138 ad
464 4096 638 4137 numerum
658 4087 789 4136 centum
804 4070 934 4158 viginti,
950 4069 1058 4130 Iocum
1073 4081 1187 4130 natura

121 4180 250 4243 firmum
268 4179 401 4264 insuper
419 4176 571 4263 operibus
589 4175 752 4239 muniunt.
770 4173 884 4258 Neque
900 4167 1041 4232 Licinius
1058 4182 1184 4254 proetor,

120 4302 304 4367 quanquam
327 4277 516 4341 festinanter
532 4296 697 4363 egressus,
716 4290 790 4337 ante
810 4269 977 4360 peruenire
994 4267 1035 4331 ad
1052 4288 1107 4331 eos
1125 4290 1185 4356 po·

157 4448 267 4512 sm.
278 4452 309 4497 U.
319 4450 347 4499 C.
358 4450 423 4507 64&
433 4450 463 4496 Δ.
479 4448 506 4497 C.
521 4455 576 4503 tot.
590 4474 622 4484 ·-
638 4445 741 4495 Diodor.
751 4462 791 4509 ap.
799 4442 878 4491 vates.
891 4466 925 4476 -
935 4438 950 4503 5
960 4440 1057 4488 xm.
1067 4440 1170 4489 Diodor.
