2594 4980
114 684 184 732 ano
283 664 353 729 JO.
380 660 725 729 FREINSHEMII
755 660 1004 729 SUPPLEM.

113 784 248 872 egatus,
263 805 366 869 quum
385 805 404 845 a
422 782 528 845 multo
542 781 749 869 paucioribus
767 779 856 869 carpi
871 802 950 845 suas
965 780 1076 869 copim
1088 782 1158 847 unilt

113 906 220 971 operae
233 884 337 971 pretio
347 882 485 965 rideret,
495 884 714 963 Termantiam
724 882 903 949 faciliorem
913 882 1159 973 oppugnantibus

115 986 185 1049 fore
198 1000 304 1066 ratus,
320 1007 360 1048 eo
376 983 559 1049 transduxit
573 984 760 1050 exercitum.
780 982 846 1049 Sed
860 1000 896 1049 et
907 984 956 1049 ibi
973 1006 1082 1073 neque
1095 984 1159 1049 uoi-

116 1088 179 1152 lior
199 1088 318 1170 hostis,
343 1110 452 1174 neque
475 1086 635 1152 faventior
655 1086 788 1151 fortuna
809 1086 963 1168 inventa,
991 1084 1105 1151 eodem
1120 1082 1159 1151 ὦ

116 1189 221 1254 tribus
244 1188 461 1253 incommodis
481 1188 619 1277 acceptis
634 1212 642 1253 :
660 1202 786 1253 namet
803 1208 916 1276 pugna
934 1186 1049 1251 amissi
1062 1184 1155 1253 mii&

118 1290 313 1379 septingenti
329 1290 472 1371 fuerant3
485 1307 519 1354 et
536 1289 689 1355 tribunus
709 1288 867 1370 militum,
886 1288 946 1377 qui
966 1302 1156 1353 comment!

118 1392 153 1454 in
177 1406 279 1455 castra
298 1389 492 1473 advehebat,
511 1391 678 1480 repulsus,
696 1406 730 1455 et
748 1412 853 1477 quum
871 1390 921 1453 ira
943 1410 985 1453 ac
1009 1386 1156 1477 cupidita!

121 1492 253 1555 ultiouis
281 1491 436 1556 fervidius
463 1491 649 1573 institisset,
672 1490 833 1580 protrusit
853 1488 896 1554 cd
917 1487 1093 1581 praecipitit
1108 1486 1155 1553 b·

117 1595 341 1657 Romanorum
359 1592 548 1675 ordinibus,
562 1594 657 1657 multi
669 1591 794 1681 pedites
811 1590 1007 1679 equitesque
1020 1610 1093 1655 cum
1102 1586 1154 1679 ip'

117 1695 226 1781 equis,
251 1716 308 1780 per
332 1696 507 1782 praecipitia
531 1693 693 1775 devoluti,
712 1694 890 1783 perierunt.
909 1692 1069 1757 Tenebrte
1081 1690 1152 1757 inu·

117 1794 284 1857 venientes
298 1796 400 1884 magis
413 1795 612 1882 periculum,
626 1818 724 1883 quarn
736 1794 872 1883 periculi
884 1793 1074 1883 opinionem
1082 1790 1153 1857 <bn

118 1894 185 1957 lere
202 1917 209 1956 :
226 1911 360 1983 totaque
373 1919 439 1960 nox
450 1897 485 1960 in
499 1897 597 1961 armis
612 1912 723 1962 exacta
735 1912 793 1961 est.

163 1995 219 2058 1v.
236 1995 351 2083 Neque
363 2020 471 2079 secus,
483 2013 581 2086 atque
596 1998 819 2079 conjecerant,
832 2020 910 2063 cunt
926 1998 1003 2063 luce
1014 1994 1151 2063 simulbo·

120 2111 185 2159 stes
208 2095 331 2159 affuere
353 2120 360 2161 :
382 2099 407 2162 is
427 2120 559 2187 qnoque
584 2098 652 2164 dies
672 2115 760 2165 totus
782 2097 937 2163 certando
955 2110 1151 2185 oonsumpm

122 2212 155 2259 et
170 2213 288 2260 neutro
304 2198 480 2265 inclinante
496 2200 646 2283 victoria,
664 2199 811 2289 prelium
828 2221 896 2263 nox
913 2198 1056 2265 diremit.
1072 2194 1152 2263 Adit

121 2315 247 2380 tamen,
259 2315 297 2361 ut
311 2300 345 2363 in
359 2303 546 2390 angustiore
556 2324 715 2383 numero,
728 2299 839 2365 damni
850 2322 968 2365 seusus
981 2290 1153 2365 Tene&

122 2399 185 2462 fuit
206 2423 214 2463 ι
233 2423 300 2487 quo
317 2426 420 2491 prope
441 2405 589 2469 ultimam
605 2403 865 2493 desperationem
881 2402 989 2469 adacti
1005 2416 1088 2469 suut.
1099 2394 1153 2465 iob

121 2500 298 2588 Pompeius
316 2503 357 2567 ad
372 2528 509 2592 parvum
524 2505 684 2595 oppidum
699 2505 829 2570 Maiiam
844 2504 960 2569 movit.
976 2504 1041 2571 Sed
1054 2500 1155 2583 litii*

123 2624 193 2681 ses,
210 2603 317 2668 occiso
335 2607 484 2694 praesidio
504 2608 801 2689 Numantinorum,
821 2606 931 2671 locmn
949 2604 1100 2697 Pompeio
1114 2616 1157 2667 ΙΙ·
1198 2618 1201 2657 ῑ

123 2701 288 2768 diderunt.
307 2707 385 2789 Ille,
401 2709 499 2773 armis
517 2707 752 2796 obsidibusque
769 2706 923 2796 acceptis,
938 2706 974 2770 in
990 2700 1157 2773 Sedm'-
1199 2728 1201 2733 '

123 2804 280 2892 perrexit,
299 2823 336 2870 ut
350 2831 419 2872 earn
438 2811 603 2899 regionem
616 2810 658 2875 ab
673 2808 915 2874 incursionibus
928 2806 1067 2899 'Paugiui
1079 2804 1157 2885 etti*

126 2906 218 2986 dam,
246 2907 409 2975 latronum
432 2910 545 2992 ducis,
569 2911 729 2977 liberaret.
756 2911 807 2975 Ibi
826 2909 902 2974 felix
921 2908 1084 2999 expeditio
1097 2902 1159 2973 hit:

126 3011 221 3074 multi
242 3013 382 3077 latrones
399 3013 514 3094 occisi,
532 3012 626 3077 multi
643 3000 738 3102 capti.
759 3010 823 3077 Sed
838 3026 927 3076 tanta
941 3008 1007 3076 fuit
1021 3008 1161 3075 bomin·

128 3112 258 3195 feritas,
274 3130 312 3178 ut
330 3114 517 3181 servitutem
535 3136 633 3178 uerno
648 3115 768 3179 ferret:
783 3113 837 3177 alii
854 3112 1061 3203 semetipsos,
1073 3110 1162 3177 ndu

129 3216 283 3299 gentibus
304 3215 365 3277 illis
383 3214 540 3296 facinore,
555 3216 608 3279 alii
628 3232 791 3304 emptores
815 3213 1023 3297 occiderent;
1044 3208 1163 3304 quibs

128 3312 209 3377 dum
228 3329 500 3403 transportantur,
518 3314 655 3381 navibus
667 3315 854 3403 perforatis,
869 3336 989 3403 seque,
1008 3330 1043 3381 et
1063 3326 1164 3379 ntem

128 3415 294 3502 profundo
312 3432 505 3505 mergerent.
523 3418 566 3481 At
577 3416 752 3505 Pompeius
760 3415 899 3497 urbem,
912 3438 1014 3502 quam
1028 3412 1169 3481 tanen

128 3534 221 3597 cant,
234 3516 323 3581 haud
336 3518 451 3604 procul
464 3518 606 3583 Maliacis
612 3541 739 3605 ,quum
750 3517 900 3583 obsidere
913 3532 999 3583 esset
1009 3532 1168 3607 aggresus

130 3618 370 3682 Numantini
341 3619 454 3683 vicinis
480 3619 670 3684 auxilium
658 3642 794 3699 juvenes
815 3606 1071 3707 quadringentos
1092 3626 1171 3681 nott!

129 3720 361 3784 submiserunt.
379 3722 447 3786 Hos
466 3721 513 3785 illi
532 3721 676 3809 primum
692 3736 869 3785 servatores
890 3740 968 3783 suos
985 3716 1172 3809 appellum,

131 3820 291 3908 donisque
310 3838 560 3910 prosequentes,
586 3844 712 3887 summa
736 3820 846 3885 laetitia
865 3841 1053 3909 excepere:
1075 3828 1173 3935 penu

131 3937 206 4013 post
224 3919 311 4000 dies,
333 3945 437 4009 quum
460 3922 709 3987 vehementius
700 3932 835 3987 instaret
849 3920 968 4002 hostis,
987 3921 1030 3987 de
1046 3906 1177 3991 annm

131 4025 280 4091 dubitare
295 4040 478 4111 coeperunt,
497 4023 667 4113 missisque
682 4025 811 4113 legatis,
825 4023 942 4089 urbem
959 4022 1118 4093 deditum
1132 4010 1180 4079 ¹¹¹·

132 4150 220 4209 cere,
238 4126 431 4213 corporibus
447 4125 550 4190 salvis

168 4325 240 4389 sin.
252 4328 359 4392 appan.
369 4326 476 4374 -Veu
488 4328 526 4383 11,
538 4342 559 4373 ι.
574 4326 669 4374 -ne
686 4326 754 4389 npn.
764 4323 827 4389 -s
841 4325 886 4372 iv.
898 4324 952 4375 uv.
966 4324 1034 4391 epit.
1044 4311 1187 4383 -tnim

134 4436 170 4447 —-
179 4411 258 4463 Strah.
273 4412 288 4458 ii
293 4412 316 4458 b.
331 4414 374 4461 111.
386 4439 420 4448 -
435 4409 538 4461 Ptolem.
549 4436 584 4447 -
593 4409 668 4457 Diod.
677 4408 744 4477 apud
754 4408 883 4458 vnenum.
