2594 4980
312 717 364 786 ΙΝ
395 717 509 784 LOC.
535 717 628 784 LlB.
657 717 724 783 LX
756 714 969 783 LlVlANl.
1099 705 1166 805 357

111 857 237 897 causam
253 858 342 898 suam
357 837 479 924 ingenti
492 836 656 916 facundia,
671 835 861 924 magnisque
871 834 1035 898 rationum
1047 833 1170 921 ponde·

110 936 200 998 ribus
216 937 348 1025 egisset,
366 937 472 999 statim
488 937 516 999 ei
530 960 597 1000 non
614 938 795 1000 restitutam
809 934 909 998 modo
924 933 1036 1021 populi
1053 934 1169 997 volun·

110 1053 226 1118 tatem,
242 1037 407 1101 sedetiam
423 1054 549 1102 auctam
565 1062 633 1103 esse
649 1038 817 1127 apparuit,
833 1059 936 1124 quum
953 1036 1070 1114 injuria
1086 1035 1168 1099 facta

110 1141 276 1202 innocenti
300 1139 473 1204 videretur.
499 1141 662 1229 Stipendia
687 1141 773 1204 enim
799 1162 830 1200 sc
840 1135 958 1225 secisse
982 1135 1164 1213 duodecim,

110 1242 308 1323 ostenderat,
325 1265 421 1330 quum
436 1267 459 1306 a
471 1246 590 1308 caeteris
603 1242 694 1306 laud
704 1241 838 1331 ampliss
852 1240 934 1303 dena
944 1252 1165 1326 poscerentur:

109 1346 142 1405 iu
157 1347 280 1409 tertium
291 1367 384 1432 usquc
400 1369 521 1409 anama
536 1349 568 1408 ia
580 1346 743 1433 provincio
748 1342 871 1433 faisse,
893 1361 989 1428 quum
999 1338 1077 1401 alios
1087 1360 1166 1401 exa·

108 1458 176 1509 etus
190 1460 356 1533 qaoesturae
373 1470 474 1511 anates
491 1451 523 1511 ia
544 1448 656 1514 Urbem
670 1451 843 1512 recuteret.

153 1547 275 1610 XXIX.
293 1547 361 1612 Alia
375 1547 492 1612 deinde
502 1549 542 1612 tle
552 1549 697 1613 moribus
712 1548 968 1634 abstinentiaque
979 1570 1039 1610 sua
1054 1545 1169 1632 loquu-

109 1664 182 1728 tus,
204 1648 347 1732 addidit,
370 1672 402 1713 sc
420 1650 538 1714 loculos
552 1655 689 1740 pecunia
707 1663 832 1714 onustos
849 1664 989 1738 portasse
1009 1649 1042 1710 in
1060 1645 1169 1709 Sardi·

72 1811 73 1815 ,
109 1753 213 1831 marn,
230 1774 346 1816 vacuos
362 1767 529 1841 reportasse
541 1778 553 1816 :
567 1752 646 1817 alios
657 1753 842 1841 amphoras,
859 1773 938 1839 quas
952 1763 1079 1812 onustas
1090 1750 1167 1810 vino

106 1850 300 1932 detulissent,
326 1877 404 1917 auro
428 1869 522 1942 atque
544 1869 675 1941 argento
697 1853 829 1942 refertas
853 1853 982 1916 domum
1007 1852 1162 1912 remisisse.

108 1952 222 2038 Neque
235 1953 392 2018 infelicius
409 1954 527 2019 deinde
539 1957 755 2044 suspicionem
770 1956 950 2043 fregellana
964 1951 1167 2030 rebellionis,

107 2053 336 2142 sociorumque
348 2057 381 2118 in
397 2080 492 2144 prava
503 2058 636 2122 consilia
651 2057 731 2120 clam
744 2057 960 2144 impulsorum
973 2053 1077 2117 diluit.
1093 2051 1170 2133 Qui·

109 2155 169 2217 lsus
186 2157 366 2229 actionibus
379 2175 448 2221 tum
465 2159 552 2246 apud
565 2182 680 2223 omnes
695 2158 827 2239 clarior,
842 2173 912 2222 tum
926 2155 1088 2218 incitatior
1100 2153 1169 2240 ipse

109 2256 201 2338 (nam
217 2256 379 2344 frequenti
390 2261 600 2324 contentione
616 2262 743 2324 animus
756 2258 948 2346 incaluerat)
966 2257 1169 2320 tribunatum

108 2354 226 2440 plebis,
247 2374 347 2421 matre
364 2361 541 2448 plurimum
567 2361 778 2442 dehortante,
796 2360 939 2424 instituit
960 2373 1079 2446 petere.
1098 2356 1170 2419 Hoc

108 2456 195 2519 aliud
211 2461 341 2523 maximi
356 2479 464 2525 motus
481 2462 609 2526 initium
624 2464 703 2543 fuit,
719 2477 788 2525 toto
803 2462 921 2524 virium
936 2480 1068 2523 suarum
1083 2480 1169 2544 pon·

108 2557 184 2621 dere
205 2561 443 2644 resistentibus,
466 2579 629 2651 quotquot
646 2564 697 2627 vel
718 2562 848 2626 Tiberio
869 2563 1002 2623 fuerunt
1026 2558 1169 2640 inimici,

108 2661 158 2721 vel
180 2661 263 2724 illius
285 2663 409 2751 legibus
431 2665 550 2728 similes
570 2665 646 2726 alias
668 2662 863 2727 metuebant.
883 2660 945 2724 Sed
970 2661 1089 2723 horum
1106 2682 1168 2746 pu⁴

108 2763 248 2848 gnacitas
267 2764 475 2827 incitamento
489 2765 575 2851 plebi
593 2765 671 2843 fuit,
688 2785 755 2849 quo
769 2761 918 2849 cupidius
935 2759 1167 2824 contenderet:

109 2877 281 2949 tantusque
295 2863 347 2926 die
361 2866 568 2926 comitiorum
584 2862 754 2927 confluxus
767 2885 805 2925 ex
819 2863 968 2924 universa
981 2861 1090 2940 ltalia,
1103 2875 1170 2922 tan·

109 2978 178 3025 tum
191 2964 361 3027 bominum
375 2964 520 3028 studium
531 2965 610 3044 fuit,
622 2981 660 3026 ut
670 2962 828 3025 infinitam
843 2960 1087 3024 multitudinem
1099 2983 1167 3024 non

108 3066 253 3151 capiente
270 3089 403 3154 campo,
424 3089 539 3154 magna
558 3088 631 3153 pars
648 3088 686 3129 ex
704 3065 796 3128 tectis
814 3079 847 3126 et
867 3062 1000 3149 fastigiis
1020 3060 1170 3125 aedificio·

108 3188 180 3226 rum
197 3167 394 3232 acclamaret.

152 3267 258 3329 XXX.
275 3268 371 3354 Spem
390 3269 477 3333 enim
496 3291 648 3357 agrorum
666 3268 752 3331 varie
767 3268 884 3355 partim
901 3267 1003 3355 ipsius
1018 3266 1064 3329 rei
1081 3264 1169 3329 diffi-

108 3366 281 3431 cultatibus
296 3370 499 3457 impeditam,
514 3371 629 3458 partim
644 3370 843 3456 locupletum
859 3369 982 3433 artibus
995 3382 1168 3432 extractam

110 3467 312 3550 iniquissimo
328 3472 436 3534 animo
449 3474 602 3552 f'erentes,
617 3473 706 3535 hunc
722 3471 783 3535 sibi
798 3472 905 3534 virum
920 3470 1076 3534 divinitus
1093 3468 1170 3534 mis·

109 3589 182 3627 sum
196 3566 382 3652 credebant,
397 3573 453 3658 qui
468 3573 679 3662 fraternarum
697 3573 821 3660 legum,
836 3594 1034 3658 suarumque
1050 3573 1118 3658 ipse
1134 3572 1169 3635 in

110 3668 313 3731 triumviratu
331 3673 495 3737 actionum
519 3676 694 3738 acerrimus
711 3673 849 3756 vindex,
869 3688 900 3737 et
925 3672 1015 3760 quod
1036 3674 1168 3736 intrica-

110 3786 180 3830 tum
197 3786 293 3850 esset,
307 3772 462 3858 explicare
475 3775 623 3862 ingenio,
640 3791 673 3838 et
688 3773 778 3861 quod
792 3774 985 3836 convulsum
999 3776 1169 3838 restituere

109 3872 218 3933 animo
240 3894 277 3934 ac
301 3873 489 3937 auctoritate
510 3891 629 3962 posset.
655 3874 760 3962 Igitur
778 3873 858 3959 quin
883 3872 1033 3937 tribunus
1057 3873 1171 3949 fieret,

110 3971 197 4034 baud
217 3995 332 4062 magna
347 3972 506 4037 dubitatio
525 3976 587 4038 fuit
604 3998 611 4038 :
629 3974 663 4036 in
680 3975 744 4036 hoc
764 3989 893 4036 tantum
911 3974 1046 4038 feliciter
1062 3974 1169 4038 obnisi

110 4072 218 4135 Patres
231 4089 323 4151 sunt,
337 4074 386 4136 uti
400 4095 466 4137 non
478 4097 538 4161 pro
550 4074 789 4161 exspectatione
800 4096 859 4137 sua
872 4075 1015 4163 primus,
1029 4074 1085 4138 sed
1100 4097 1170 4138 om·

145 4298 160 4359 s
174 4297 295 4343 XXVIII.
309 4296 403 4344 Charis.
418 4296 448 4344 de
462 4296 567 4360 Amlog.
581 4295 625 4344 lib.
639 4299 668 4357 1,
682 4311 737 4360 pag.
753 4297 795 4343 δι.
806 4325 839 4338 -ν-
849 4297 971 4345 Plutarch.
987 4322 1018 4331 ·-
1039 4294 1167 4360 sunt.

110 4379 189 4441 Agell.
206 4381 265 4438 XV,
283 4397 323 4429 ra.
339 4408 372 4418 -
388 4384 528 4444 Fragment·
540 4380 617 4445 Epist.
636 4378 756 4429 Corneliae
773 4380 838 4446 apud
855 4379 974 4444 Pighlum.
995 4405 1028 4418 -
1047 4378 1168 4431 Plutarch.

111 4488 144 4495 —
158 4460 268 4524 §XXX
283 4464 389 4528 Appian.
403 4464 474 4513 civit.
486 4463 529 4511 lib.
543 4466 563 4511 1.
577 4491 611 4501 -
625 4463 747 4512 Plutarch.
