2594 4980
342 773 395 841 m
424 757 536 841 noc.
563 720 656 840 tra.
682 773 772 839 mx
803 771 1015 839 Liviani.
1140 769 1211 869 329

150 894 290 961 tribunis
309 894 429 982 plebis,
448 894 575 983 quoties
591 893 714 983 populo
727 891 907 973 videretur,
926 890 1120 973 reficiendis,
1136 915 1212 982 pm·

149 996 314 1085 mulgavit.

192 1099 360 1162 XXXVII.
384 1098 459 1162 Non
484 1115 552 1162 erat
570 1099 764 1177 obscurum,
787 1096 905 1184 quibus
926 1097 1066 1160 consiliis
1083 1097 1132 1161 via
1147 1097 1212 1164 hoe

149 1200 308 1289 principio
325 1201 526 1264 muniretur:
546 1200 644 1288 igitur
659 1199 820 1289 principes
839 1197 972 1260 civitatis
990 1196 1212 1263 dissuaserunt

150 1304 272 1392 legem,
290 1304 325 1365 C.
341 1302 474 1384 Lrelius,
493 1317 525 1364 et
543 1301 727 1390 gravissima
741 1300 887 1363 oratione
902 1299 938 1363 P.
953 1300 1134 1364 Africanus.
1148 1302 1213 1365 Ita·

149 1429 212 1491 que
224 1406 273 1467 lex
284 1421 349 1467 tam
363 1404 526 1492 popularis
538 1403 699 1492 suffragiis
711 1402 824 1490 populi
833 1390 1001 1490 repudiata
1011 1419 1073 1482 est,
1082 1393 1212 1466 licetdi·

149 1508 313 1570 sertissimi
334 1507 620 1595 gratiosissimique
632 1505 781 1569 homines
792 1506 824 1566 in
837 1503 999 1568 diversum
1012 1504 1210 1567 niterentur:

149 1605 222 1671 narn
239 1626 271 1672 et
279 1609 378 1696 ipsius
389 1608 511 1671 tribuni
519 1606 636 1671 blanda
648 1629 750 1694 quum
760 1629 811 1689 re,
821 1621 892 1670 turn
904 1604 1062 1669 facundiae
1070 1604 1209 1687 viribus,

148 1710 353 1790 cratonum,
378 1724 409 1771 et
426 1711 463 1773 C.
485 1708 670 1789 Gracchus,
691 1724 876 1796 temporum
893 1728 1007 1771 eorum
1028 1707 1212 1773 uberrimus

148 1826 273 1887 orator,
290 1809 441 1898 plebique
456 1810 552 1900 longe
566 1811 824 1899 acceptissimus,
837 1810 940 1899 legem
958 1808 1128 1899 diligenter
1141 1831 1211 1872 ma·

147 1933 273 1996 gnaque
297 1911 396 1973 animi
421 1927 518 1998 atque
543 1912 638 1976 etiam
665 1910 784 1975 doloris
807 1911 1018 1975 contentione
1040 1909 1213 1991 suadebat,

148 2011 197 2074 his
215 2013 315 2075 ferme
331 2013 437 2076 verbis
454 2035 551 2076 usus:
818 2022 822 2029 '

191 2113 378 2177 XXXVIII.
398 2113 453 2177 «Si
475 2112 541 2177 lieri
557 2130 684 2201 posset,
704 2113 864 2195 Quirites,
887 2128 923 2175 ut
941 2111 1077 2190 majores
1095 2113 1212 2196 vestri,

147 2246 158 2267 «
174 2215 229 2301 qui
244 2231 309 2277 tarn
324 2214 535 2279 necessariam
546 2215 685 2278 libertati
698 2229 907 2303 potestatem,
918 2213 1016 2276 veluti
1028 2235 1086 2300 per
1096 2235 1212 2278 manus

147 2348 157 2369 ιι
173 2314 213 2378 ad
234 2317 300 2380 haec
320 2333 465 2405 tempora
485 2317 750 2398 transmiserunt,
767 2314 979 2404 presentibus
1000 2314 1140 2378 comitiis
1160 2315 1212 2379 in·

147 2432 346 2498 11teressent,
369 2436 444 2481 ante
468 2418 598 2498 omnia,
620 2417 735 2498 credo,
755 2417 965 2495 mirarentur,
987 2415 1106 2502 ecquid
1128 2437 1212 2505 opus

146 2551 156 2569 ·‹
172 2534 254 2582 esset
277 2520 374 2599 ferri,
399 2536 436 2580 ut
459 2518 582 2606 populo
607 2516 763 2596 faciundi,
786 2516 876 2603 quod
897 2515 1010 2596 vellet,
1028 2520 1082 2595 jus
1105 2532 1209 2580 esset:

146 2644 276 2706 «quum
301 2621 410 2705 omnia
432 2621 535 2683 civilia
551 2619 624 2698 jura
644 2642 710 2682 non
733 2617 881 2696 aliunde,
898 2639 995 2703 quam
1012 2641 1030 2680 a
1045 2618 1212 2681 voluntate

145 2752 157 2772 «ι
174 2719 304 2806 ρορυΙί,
323 2717 586 2806 proficiscantur,
605 2720 697 2799 cujus
712 2741 877 2783 summum
896 2719 929 2780 in
948 2719 1075 2782 civitate
1086 2718 1138 2798 jus
1152 2732 1212 2782 est.

146 2819 298 2884 «Deinde
319 2821 345 2882 si
367 2821 439 2906 quis
463 2817 614 2899 doceret,
638 2819 702 2882 hoc
722 2819 796 2882 ideo
813 2819 880 2906 agl,
900 2817 989 2906 quod
1012 2818 1136 2907 legibus
1156 2832 1213 2888 aut

145 2954 157 2976 a
172 2923 318 2985 moribus
332 2920 400 2984 aliis
414 2936 599 3001 uteremur,
618 2936 726 2982 tamen
742 2920 796 2982 vix
812 2917 1045 3008 intelligerent,
1062 2917 1214 3004 quemad·

144 3055 155 3074 ··
170 3024 305 3087 modum
325 3039 381 3085 aut
401 3022 571 3110 plebiscito
589 3021 701 3110 populi
723 3019 776 3100 jus
796 3020 961 3109 abrogari,
979 3035 1034 3082 aut
1049 3019 1212 3083 obliterari

145 3158 155 3179 a
172 3125 409 3189 consuetudine
424 3141 542 3212 posset.
566 3124 655 3205 Quin
667 3123 825 3209 ,remotis
848 3122 897 3185 his
919 3120 1085 3195 ludibriis,
1104 3121 1154 3209 agi
1170 3120 1211 3185 de

142 3225 307 3289 «utilitate
328 3225 456 3314 publica
479 3224 650 3306 juberent,
674 3241 711 3287 ut
738 3224 866 3289 tandem
895 3225 1024 3313 explosa
1045 3223 1156 3312 iniqua
1179 3239 1213 3289 et

78 3368 80 3372 ι
144 3354 154 3375 «
171 3327 403 3390 contumeliosa
418 3326 646 3414 inquisitione,
659 3343 818 3415 quantum
835 3325 965 3392 decerni
977 3349 995 3390 a
1007 3326 1130 3417 populo
1142 3349 1213 3418 pos·

143 3455 154 3475 ·ι
169 3441 233 3504 set,
252 3427 284 3489 id
302 3429 409 3514 potius
424 3429 661 3515 requireretur,
679 3446 838 3517 quantum
854 3442 1028 3516 oporteret.

187 3526 339 3590 XXXIX.
358 3530 422 3592 «In
440 3529 501 3592 hac
520 3545 629 3594 autem
651 3531 906 3611 consultatione,
927 3546 1082 3593 utrumne
1102 3529 1212 3616 potius

143 3657 154 3677 ιι
169 3625 208 3686 ad
226 3627 297 3689 illos
313 3629 509 3716 respicietis,
525 3632 690 3713 Quirites,
708 3632 827 3720 quibus
843 3646 964 3695 vestras
976 3631 1117 3694 miserias
1132 3631 1210 3696 loeti·

143 3758 154 3779 ·‹
170 3727 239 3807 tiae,
256 3743 288 3788 et
303 3728 483 3795 libertatern
503 3731 608 3796 dolori
622 3754 692 3796 esse
708 3733 923 3821 cognovistis5
939 3753 980 3792 an
996 3753 1090 3812 vero,
1106 3731 1211 3796 valere

142 3862 153 3881 «ι
165 3829 261 3906 jussis
274 3828 408 3908 invidis,
425 3847 529 3896 vestra
545 3833 717 3897 commoda
737 3835 866 3922 ponetis
885 3832 928 3895 ob
950 3833 1081 3916 oculos,
1100 3832 1210 3896 vobis·

142 3952 235 4016 «que
256 3929 455 3994 consuletis?
474 3933 596 3996 'l’otum
619 3935 702 4014 hoc,
720 3932 809 4020 quod
827 3934 859 3995 in
880 3935 1048 4021 presentia
1064 3934 1208 4022 agimus,

143 4061 155 4084 ιι
169 4031 325 4119 populare
341 4046 399 4094 est.
422 4031 643 4098 Tribunorum
662 4034 748 4097 enim
767 4033 868 4124 plebis
886 4035 1100 4099 creandorum
1120 4035 1210 4123 quod

143 4134 235 4213 «jus,
255 4154 419 4220 quemque
434 4155 558 4198 morem
575 4158 644 4199 esse
659 4151 825 4223 oporteat,
841 4135 1017 4224 quaeritur;
1034 4158 1131 4223 quam
1149 4158 1208 4226 po-

175 4344 391 4409 §xxxvttvat
403 4348 471 4396 Mu.
477 4349 539 4395 VIII
549 4383 557 4408 ,
571 4363 593 4394 1.
604 4348 697 4397 -cte
711 4346 741 4396 de
755 4351 827 4414 legg.
842 4349 893 4408 111,
904 4351 951 4407 ιθ,
960 4348 1019 4397 etin
1029 4348 1086 4397 Lael.
1098 4365 1152 4417 cap.
1161 4351 1205 4400 25.

140 4455 174 4465 -
184 4429 237 4475 Liv.
251 4429 316 4494 Eplt.
333 4456 367 4465 -
381 4430 492 4479 Macrob.
503 4432 599 4479 satum.
610 4433 749 4490 11t‚14.-
761 4430 779 4497 S
793 4434 939 4482 XXXVIII.
952 4432 1003 4483 cte.
1017 4433 1043 4480 in
1056 4434 1208 4511 brumaep-

140 4527 171 4570 ²7
185 4513 474 4564 01³3.-P1uureh.in
485 4515 611 4577 (inethe,
620 4532 674 4583 esp.
685 4518 830 4567 33.-1.l=.
843 4520 910 4587 Epir.
922 4547 957 4557 —
967 4518 1070 4569 Diodor.
