2594 4980
10 39 1256 327 u

686 76 694 97 1

305 709 359 776 ΙΝ
391 709 505 777 LOC.
533 712 629 781 LlB.
658 714 759 781 LXV
790 713 1005 782 LIVIANI.
1119 709 1189 796 485

118 831 265 895 omnium
293 829 415 917 oppido
447 831 556 895 clauso
586 833 726 897 intactus
756 830 963 921 profugerat,
993 829 1186 918 proditionis

117 931 336 995 accusabatur.
952 987 955 992 .

160 1032 296 1095 XXXV.
320 1032 545 1097 Intercedebat
562 1034 640 1098 huic
657 1057 732 1098 cum
750 1033 881 1099 Metello
900 1033 1057 1113 amicitia,
1076 1049 1108 1098 et
1123 1033 1186 1097 bo·

116 1134 201 1221 spitii
220 1134 446 1199 necessitudo:
471 1158 577 1223 neque
597 1137 786 1216 manifestus
813 1135 957 1198 criminis
967 1184 978 1223 ,
1000 1135 1057 1199 sed
1077 1135 1187 1224 potius

117 1235 336 1299 misericordia
364 1235 626 1324 oppidanorum,
654 1258 736 1325 quos
768 1236 954 1300 humaniter
985 1252 1017 1299 et
1045 1235 1186 1325 benigne

116 1353 319 1420 tractaverat,
334 1337 525 1402 credebatur
538 1328 814 1403 emissus.Tamen
826 1336 866 1400 de
877 1337 1002 1400 consilii
1016 1336 1187 1419 sententia,

115 1454 272 1527 urgente,
297 1457 330 1504 et
361 1440 439 1504 alios
465 1439 685 1505 inflammante
709 1439 832 1515 Mario,
862 1439 1071 1527 proconsul
1063 1438 1185 1503 mvitua

116 1541 310 1630 supplicium
327 1541 368 1605 de
385 1565 424 1606 eo
441 1543 774 1653 sumpsit,verberat0
791 1540 881 1629 prius
898 1562 989 1604 more
1008 1538 1187 1623 majorum3

116 1665 176 1705 nec
192 1643 280 1704 enim
294 1643 372 1706 civis
385 1665 554 1727 romanus,
569 1644 626 1710 sed
640 1669 657 1709 e
671 1646 763 1709 Latio
777 1659 855 1707 erat.
867 1641 982 1730 Neque
994 1643 1099 1706 multo
1111 1657 1187 1730 post

114 1743 235 1830 patuit,
256 1744 335 1807 lalso
362 1744 403 1809 de
430 1694 615 1835 proditione
640 1762 826 1839 ¹suspectum
854 1743 976 1827 luisse-3
998 1743 1055 1807 ubi
1080 1766 1184 1830 quum
1243 1776 1246 1781 ¹

115 1844 237 1925 caeteri,
254 1845 386 1910 Metello
402 1848 567 1935 aegerrime
583 1870 652 1911 rem
669 1848 810 1926 ferente,
828 1843 1059 1926 condolerent,
1076 1845 1185 1909 exsul·

115 1959 196 2007 tasse
210 1945 332 2009 Marius
347 1946 463 2024 fertur,
474 1964 510 2011 et
521 1950 625 2037 palam
637 1949 670 2012 in
685 1948 812 2013 circulis
823 1970 916 2011 suum
931 1947 989 2025 hoc
1003 1968 1080 2035 opus
1091 1947 1187 2028 jacta·

113 2046 219 2110 visse:
242 2069 263 2108 a
286 2071 317 2110 se
338 2048 464 2137 hospitis
481 2049 674 2136 interfiatori
689 2049 821 2116 Metello
843 2049 930 2113 diras
954 2047 1078 2113 ultrices
1100 2072 1185 2112 com·

110 2162 258 2233 paratas.

157 2248 309 2314 XXXVI.
326 2251 396 2316 Iam
412 2255 500 2318 enirn
517 2255 678 2344 professas
695 2277 770 2319 cum
786 2255 982 2344 imperatore
999 2253 1183 2317 inimicitias

115 2351 261 2437 gerebat,
278 2353 453 2419 inevitabili
467 2355 555 2446 apud
568 2358 728 2447 superbos
739 2358 938 2439 offensione,
955 2355 1036 2421 dum
1050 2356 1130 2419 alter
1144 2376 1185 2420 ex

112 2447 225 2514 infimo
249 2453 322 2517 loco
348 2453 388 2518 ad
413 2479 559 2522 summos
586 2459 728 2523 honores
754 2459 884 2540 nititur,
904 2459 983 2522 alter
1005 2457 1092 2521 idem
1116 2478 1186 2521 esto

111 2555 228 2639 aequari
239 2603 247 2634 ,
259 2555 349 2641 quod
360 2556 515 2646 deprimi,
528 2575 630 2648 putat.
645 2561 777 2648 Quippe
789 2559 930 2639 Marius,
943 2581 1046 2646 quum
1059 2559 1184 2646 legatus

112 2678 130 2715 a
146 2655 276 2721 Metello
292 2657 408 2723 ductus
431 2661 463 2722 in
481 2660 621 2724 Africam
636 2675 736 2740 esset,
756 2659 863 2722 statim
880 2681 898 2722 a
914 2659 1092 2746 principio,
1113 2678 1182 2721 non

112 2770 148 2814 ut
168 2755 235 2834 alii,
254 2755 295 2819 ad
315 2756 560 2844 imperatorem,
580 2758 638 2823 sed
660 2760 701 2822 ad
722 2782 756 2822 se
778 2760 927 2822 consulta
951 2759 1099 2844 factaque
1122 2779 1182 2822 sua

112 2854 220 2916 omnia
247 2855 427 2921 referebat:
453 2874 485 2921 et
513 2881 616 2945 quum
642 2859 686 2922 ob
714 2858 949 2948 ignobilitatem
978 2859 1182 2946 contemptui

112 2955 243 3019 Metello
266 2975 367 3035 esset,
388 2982 490 3046 eaque
512 2959 571 3023 sibi
595 2958 719 3023 rideret
743 2960 886 3046 imponi,
907 2982 980 3047 quse
1002 2960 1182 3047 plurimum

111 3057 228 3121 laboris
246 3083 283 3122 ac
299 3061 450 3149 periculi,
470 3061 579 3149 gloriae
601 3061 689 3125 haud
707 3082 833 3148 aequam
858 3076 982 3149 partem
1003 3060 1181 3141 haberent,

112 3160 143 3220 in
159 3163 298 3247 speciem
315 3162 357 3227 de
372 3163 490 3242 injuria
506 3163 719 3251 querebatur,
736 3178 890 3227 caeterum
904 3161 1040 3250 praeberi
1051 3162 1180 3226 virtutis

111 3263 312 3344 exercenda,
330 3266 513 3354 vulgusque
531 3266 671 3330 militum
693 3263 888 3330 conciliandi
905 3265 1110 3329 occasionem
1128 3287 1183 3353 pe·

111 3365 197 3427 nitus
215 3366 386 3453 gaudebat.
409 3367 510 3449 Quod
535 3368 622 3431 eninr
646 3368 756 3431 animo
781 3383 879 3455 atque
904 3390 1042 3456 corpore
1065 3365 1179 3431 lirmus

110 3466 287 3548 quamlibet
299 3468 400 3533 duros
414 3469 540 3533 labores
556 3469 648 3534 facile
662 3469 836 3556 perferret,
859 3468 939 3532 nihil
957 3485 1022 3533 tam
1037 3485 1094 3533 aut
1110 3491 1180 3534 ma·

110 3587 227 3650 gnum,
240 3584 296 3630 aut
314 3592 449 3656 parvum
466 3586 550 3653 erat,
567 3570 658 3659 quod
680 3592 748 3634 non
774 3570 968 3657 susciperet3
990 3592 1118 3658 semper
1135 3571 1180 3635 ita

110 3687 143 3727 re
159 3683 264 3753 gesta,
278 3685 317 3732 ut
333 3693 408 3734 cunr
424 3672 627 3737 incremento
645 3669 750 3735 laudis
763 3670 1065 3758 benevolentiaque
1079 3671 1179 3735 mani·

108 3765 270 3851 pularium
285 3786 507 3837 reverteretur.

147 3866 315 3932 XXXVll.
338 3870 421 3932 Nam
444 3871 477 3934 in
499 3872 645 3959 imperiis
667 3871 808 3960 benigne
831 3886 863 3935 et
883 3872 1020 3936 comiter
1035 3895 1069 3936 se
1087 3893 1177 3960 gere·

108 3967 180 4047 bat;
202 3991 309 4056 neque
332 3985 453 4034 temere
468 3971 604 4051 jubebat
621 3972 815 4061 quidquam,
833 3972 924 4061 quod
945 3974 1030 4037 inter
1052 3974 1176 4060 primos

107 4069 176 4156 ipse
188 4092 255 4133 non
271 4088 521 4158 exsequeretur:
536 4089 689 4159 preterea
703 4074 907 4163 voluptatum
923 4072 1176 4163 divitiarumque

108 4169 228 4251 victor,
246 4170 360 4235 eodem
389 4172 456 4237 lere
486 4173 573 4238 victu
599 4175 774 4262 cultuque,
792 4197 859 4264 quo
879 4174 1015 4266 gregarii
1040 4175 1176 4257 milites,

141 4354 158 4419 ς
177 4356 286 4405 XXXV.
300 4356 407 4420 Appias.
422 4356 488 4422 apud
503 4357 585 4406 Valet.
604 4384 640 4396 -
660 4359 757 4410 Sallust.
775 4387 811 4399 —
829 4360 953 4410 Plutarch.
971 4387 1005 4399 -·
1018 4361 1038 4427 S
1050 4364 1173 4414 XXXVI.

110 4436 211 4488 Diodor.
225 4439 292 4505 apud
303 4440 384 4488 vates.
394 4466 430 4477 -
442 4440 540 4490 stltuut.
557 4467 592 4478 —
606 4442 729 4495 Plutarch.
773 4442 778 4453 '
