2594 4980
319 736 371 801 IN
399 736 509 801 LOC.
536 735 630 802 LIB.
657 736 760 802 LVII
790 732 1007 803 LIVIANl.
1124 754 1194 832 ²79

131 876 205 919 nam
228 876 320 919 secus
339 857 365 918 si
385 853 495 934 fieret,
513 853 776 919 distrahebantur
791 853 939 935 ordines,
959 855 1050 942 quod
1066 879 1195 927 summa

129 957 338 1019 contentione
349 957 507 1037 Rutilius,
525 973 679 1043 tanquam
694 956 858 1043 praesentis
870 957 974 1036 exitii,
988 957 1117 1022 vitabat.
1129 958 1195 1027 Sed

129 1058 255 1121 immoti
272 1058 395 1143 equites
413 1080 431 1121 a
446 1057 597 1121 velitibus
616 1059 758 1147 hispanis
776 1059 911 1146 impune
924 1059 1084 1127 vulnerari
1100 1075 1194 1147 pote·

130 1176 223 1224 rant:
241 1181 347 1246 neque
361 1158 420 1223 diu
433 1159 643 1241 restitissent,
661 1159 723 1223 nisi
740 1159 976 1248 diligentissimi
992 1161 1196 1248 imperaton's

130 1259 331 1349 providentia
357 1260 496 1325 fuissent
523 1262 635 1349 erepti.
667 1263 798 1350 Quippe
821 1263 947 1350 Scipio,
977 1263 1195 1350 simulatque

131 1362 288 1427 Rutilium
313 1363 443 1452 longius
463 1364 550 1441 justo
574 1380 764 1451 provectum
786 1362 936 1443 vidisset,
960 1363 994 1427 id
1018 1363 1108 1450 quod
1127 1381 1196 1434 em

129 1464 324 1549 suspicatus,
336 1465 507 1528 confestim
522 1466 615 1552 sequi
631 1466 824 1533 instituerat.
841 1466 919 1528 Viso
934 1464 1034 1554 igitur
1049 1466 1197 1552 presenti

129 1582 213 1628 statu
231 1588 358 1645 rerum,
375 1565 529 1654 bipartito
548 1565 657 1631 divisis
671 1567 854 1653 equitibus,
871 1565 1054 1633 alternatim
1067 1573 1199 1653 procur

130 1690 215 1746 rere,
231 1683 264 1728 et
281 1667 455 1730 confertim
472 1668 535 1731 tela
548 1667 727 1748 conjicere,
743 1664 863 1737 deinde
878 1690 913 1730 se
928 1666 1071 1753 recipere
1083 1656 1197 1746 juben

131 1791 195 1832 non
219 1768 370 1832 eumdem
391 1770 424 1833 in
445 1770 573 1849 locum,
591 1768 679 1837 unde
695 1770 938 1856 prorupissent,
957 1766 1015 1833 sed
1030 1767 1197 1854 aliquanto

129 1892 240 1937 versus
256 1891 408 1956 campum
421 1870 552 1957 longius
567 1893 575 1933 ε
593 1871 636 1935 ita
652 1891 755 1956 quum
770 1892 899 1957 semper
913 1869 1011 1935 altera
1028 1892 1101 1957 pers
1118 1869 1196 1940 sul)-

130 1986 273 2036 moveret
289 1971 435 2050 hostem,
452 1971 551 2037 altera
569 1988 658 2035 retro
672 1972 794 2059 legeret
808 1972 907 2046 nam,
925 1972 1043 2034 evolvit
1059 1992 1094 2041 se
1107 1971 1196 2042 loeo„

132 2094 202 2137 rum
220 2072 478 2155 difficultatibus,
501 2073 700 2159 planitieque
717 2088 905 2160 recuperata
923 2073 1103 2143 incolumes
1118 2088 1196 2142 suot

129 2173 273 2239 abduxit.
1158 2230 1160 2235 .
1180 2236 1183 2241 .

174 2278 244 2339 XV.
271 2276 417 2340 Moventi
443 2275 561 2341 deinde
586 2292 707 2354 castra,
731 2298 834 2362 quum
859 2275 1044 2341 edredum
1072 2274 1196 2353 amuis.
1250 2356 1254 2361 ¹

130 2399 228 2463 quern
243 2377 437 2440 transiturus
448 2375 629 2458 videbatur,
641 2394 824 2463 exspectare
836 2400 912 2447 eum
928 2375 1060 2443 hostiles
1073 2373 1197 2447 insidiae

130 2476 331 2559 dicerentur3
345 2479 460 2542 nolens
474 2478 508 2543 iu
522 2477 647 2543 difficili
661 2494 694 2541 et
708 2499 840 2543 coenoso
855 2479 993 2557 trajectu
1003 2499 1080 2555 oum
1093 2476 1196 2550 besil*

129 2577 190 2642 bus
202 2577 390 2666 confligere,
405 2575 492 2643 flexit
503 2578 575 2658 iter,
592 2594 625 2643 et
638 2579 785 2667 longiore
801 2580 866 2658 via,
882 2580 1056 2664 minusque
1069 2575 1195 2641 insidiis

129 2697 329 2767 opportuna,
342 2682 512 2743 nocturnis
525 2679 695 2745 itineribus
706 2702 869 2767 regressus
879 2698 946 2744 est:
960 2677 1096 2768 urgebat
1106 2678 1196 2750 eain,

129 2796 223 2845 ustus
238 2798 270 2845 et
286 2804 444 2868 aquarum
460 2781 611 2867 penuria,
624 2781 678 2845 cui
692 2796 730 2844 ut
742 2781 981 2861 subveniretur,
994 2780 1112 2869 passim
1125 2776 1196 2849 fudi

129 2899 244 2969 puteos
257 2882 443 2970 impe'ravit,
457 2882 492 2944 in
509 2881 629 2967 quibus
641 2903 748 2946 amara
761 2882 954 2969 plerumque
964 2902 1048 2965 aqua
1059 2892 1194 2964 reperta.

131 2982 239 3063 Quare
257 3006 376 3072 magno
394 3005 469 3047 cum
488 2982 599 3047 labore
617 2983 748 3047 servatis
770 2983 943 3061 militibus,
967 3001 1128 3066 equorum
1146 2994 1195 3050 te·-

130 3106 205 3149 men
222 3086 425 3171 aliorumque
438 3084 662 3163 jumentorum
679 3107 751 3170 pars
767 3084 899 3152 interiit.

174 3187 262 3255 XVI.
285 3189 370 3251 Hine
392 3186 433 3251 ad
457 3187 668 3253 Caucaeorum
693 3185 772 3250 fines
796 3202 1012 3272 perventum:
1030 3182 1099 3258 hio,
1118 3180 1197 3268 quia

131 3289 342 3374 profugerant
363 3288 495 3369 incolae,
520 3288 645 3351 Luculli
668 3310 847 3367 memores,
869 3311 886 3350 a
910 3308 977 3372 quo
995 3282 1122 3370 decepti
1140 3302 1196 3365 terr

130 3389 268 3475 stetique
285 3390 431 3470 fuerant,
447 3391 682 3477 pruelamatum
697 3406 763 3470 est,
783 3389 931 3454 Caucoem
949 3387 1060 3456 reverti
1076 3383 1123 3455 ad
1137 3404 1209 3448 tua·

116 3483 193 3569 fide
208 3489 357 3578 Scipionis
366 3513 467 3578 posse.
479 3491 620 3561 Transiit
631 3490 749 3555 deinde
761 3492 795 3555 in
808 3490 1083 3559 Numantinorum
1098 3487 1197 3570 linu,

130 3606 168 3654 ut
182 3585 460 3677 eos'potissimurn
473 3592 618 3659 hibernis
631 3608 812 3680 premeret:
831 3593 877 3658 ibi
892 3592 1052 3680 Iugurtha
1062 3589 1108 3659 ad
1118 3613 1197 3660 eum

129 3691 219 3752 venit
231 3692 408 3757 Masinissae
422 3715 543 3781 nepos,
560 3715 659 3780 quern
674 3696 794 3759 auxilio
814 3694 957 3781 Scipioni
976 3716 1051 3759 curu
1069 3693 1197 3761 duodo·-¹

130 3791 193 3854 cim
219 3793 412 3880 elephantis,
433 3810 466 3858 et
485 3795 672 3859 contributo
695 3795 745 3859 his
769 3794 1007 3883 sagittariorum
1028 3809 1061 3860 et
1083 3792 1195 3861 fundi·

130 3906 239 3955 torum
257 3916 396 3958 numero
415 3895 549 3982 Micipsa
567 3895 719 3961 miserat:
737 3917 804 3959 non
823 3895 942 3963 honori
960 3896 1028 3976 ejus
1044 3893 1195 3975 studens,

130 3992 187 4056 sed
202 4010 239 4057 ut
251 4018 381 4083 gravem
394 3997 480 4061 aetati
494 4020 560 4062 sues
574 3997 821 4084 liberorumque
830 3996 999 4077 juvenem,
1013 3997 1196 4083 asperrimis

131 4094 279 4163 hostibus
311 4097 495 4177 objectum,
524 4098 605 4161 citra
637 4096 792 4163 invidiam
824 4119 917 4163 suam
948 4097 1196 4185 periculumque

130 4198 329 4262 amoliretur.
354 4198 417 4265 Sed
434 4198 468 4263 id
487 4200 660 4267 consilium
675 4200 745 4267 seui
761 4199 795 4270 in
814 4198 1013 4265 ceutronum
1031 4197 1148 4265 uertite
1163 4214 1197 4263 at

131 4299 146 4360 l
151 4300 290 4385 ugurtha
309 4300 445 4365 consilio
463 4322 628 4386 manuque
643 4316 797 4369 strenuus
810 4299 901 4367 brevi
914 4320 1123 4386 permagnam
1135 4299 1196 4365 virh

166 4494 181 4551 S
201 4497 268 4542 ivl.
286 4498 345 4544 vell.
362 4500 397 4545 ll.
413 4514 438 4560 9.
455 4526 489 4535 -
503 4501 610 4563 Appiau.
628 4527 661 4536 ·-
681 4499 777 4548 sulus
793 4498 911 4562 sagum.
926 4513 978 4559 cup.
998 4513 1019 4554 ς.
