2594 4980
295 719 348 786 IN
380 718 491 787 LOC.
520 720 612 786 LIB.
640 721 734 788 12111
767 721 985 792 LlVlANl.
1098 747 1172 819 209

99 838 304 902 circumfusa
322 838 498 903 multitudo
512 838 805 904 Alexandrinorum
824 842 967 930 rogavit,
988 859 1026 906 ut
1045 846 1174 933 conspi-

100 939 262 1005 ciendum
277 963 311 1003 se
326 939 483 1028 praeberet
497 940 687 1005 hominibus
707 963 715 1004 :
732 941 985 1030 impetratoque,
1005 945 1170 1034 ingentem

101 1040 280 1107 chmorem
295 1057 394 1129 atque
409 1043 559 1129 plausum
575 1065 640 1129 prae
656 1042 762 1105 laetitia
778 1040 890 1106 edidit.

147 1145 225 1208 XX.
248 1146 333 1225 Rex,
355 1166 458 1231 quum
477 1128 740 1232 ad'excipiendo's
758 1143 1038 1239 honorandosque
1053 1147 1173 1236 legatos

108 1242 189 1308 nibil
200 1244 296 1310 studii
308 1245 586 1333 praetermitteret,
597 1266 747 1333 magnam
757 1243 917 1333 impendit
929 1267 1040 1310 curam
1050 1295 1060 1329 ,
1070 1264 1109 1312 ut
1119 1271 1174 1314 ex·

111 1345 234 1430 quisitis
252 1346 355 1434 epulis
375 1345 615 1434 acciperentur,
638 1360 671 1409 et
691 1344 852 1432 quidquid
873 1346 907 1408 in
925 1346 1012 1436 regia
1030 1348 1103 1412 visu
1125 1349 1175 1413 di·

115 1466 229 1533 gnum,
248 1446 448 1534 artificioque
470 1462 526 1510 aut
546 1446 712 1534 opulentia
732 1447 887 1511 eximium
913 1464 1015 1530 esset,
1037 1449 1175 1539 inspice·

118 1565 194 1612 rent
209 1550 277 1637 lpse
293 1549 390 1613 etiam
408 1571 484 1612 cum
502 1549 540 1612 iis
554 1548 764 1629 circumibat,
778 1546 953 1612 ostendens
967 1550 1108 1639 singula,
1126 1553 1175 1616 vir

122 1644 261 1714 deformis
282 1650 418 1732 habitu,
440 1651 619 1737 vultuque,
647 1666 680 1715 et
708 1649 799 1714 obesi
826 1650 947 1715 ventris
975 1652 1174 1739 prominenti

125 1749 215 1831 mole,
227 1751 357 1827 bellum,
379 1773 478 1839 qnam
498 1751 645 1831 homini,
662 1752 797 1816 similior
814 1776 822 1816 ε
842 1751 932 1816 unde
957 1753 1123 1840 Physconis
1144 1756 1189 1820 ei>
1257 1759 1259 1762 ’

130 1870 288 1939 cognomen
307 1853 497 1941 impositum
513 1854 629 1918 fuerat.
651 1853 704 1918 Ob
717 1877 788 1917 eam
804 1853 950 1941 corporis
968 1855 1173 1942 gravimtem,

133 1970 217 2036 quum
227 1954 388 2018 vacillante
401 1975 514 2041 gressu
527 1955 691 2019 Romanos
708 1953 953 2018 obambulantes
967 1978 1050 2044 aegre
1061 1979 1174 2022 conse·

136 2069 271 2135 queretur,
285 2052 442 2118 ridiculus
455 2054 494 2117 iis
510 2070 559 2118 est
572 2055 675 2136 visus,
690 2055 898 2141 Panaetioque
909 2055 943 2118 in
961 2079 1073 2121 aurem
1087 2059 1176 2124 insu·

137 2155 249 2219 amavit
268 2156 391 2244 Scipio:
406 2158 482 2221 Iam
504 2171 570 2220 tum
589 2157 727 2245 aliquem
746 2156 897 2221 adventus
917 2162 1016 2221 nostri
1023 2158 1174 2247 fructum

138 2270 253 2339 ceperam
262 2257 478 2322 Alexandrini
483 2282 497 2336 ,·
511 2258 598 2321 nobis
613 2260 694 2322 enim
710 2258 821 2321 debent
826 2305 837 2336 ,
862 2257 949 2345 quod
963 2281 1063 2346 regem
1084 2284 1173 2327 suum

139 2354 318 2423 Manum
335 2358 452 2423 vadere.

175 2452 244 2525 xxi.
260 2463 419 2526 Caeterum
437 2461 649 2548 contemptis,
668 2483 739 2547 quae
757 2462 895 2524 maxima
913 2461 1067 2550 AEgyptio
1089 2462 1176 2527 vide·

140 2549 244 2641 bintur,
259 2564 338 2652 gulae
355 2578 453 2648 atque
466 2561 637 2625 oculorum
659 2560 798 2642 deliciis,
819 2559 861 2624 ad
877 2583 930 2638 ea,
945 2583 1018 2648 quae
1036 2584 1111 2626 vere
1123 2562 1177 2632 ¹di·

140 2675 321 2746 gutpectatu
330 2679 435 2739 erant,
444 2661 678 2726 consideranda
685 2661 1033 2749 haudperfunctoriam
1041 2685 1173 2751 operam

141 2761 273 2829 mamere
288 2788 296 2829 :
313 2765 444 2851 situque
456 2779 487 2826 et
505 2762 728 2853 magnitudine
742 2763 850 2841 urbis,
861 2778 893 2826 et
905 2786 978 2849 quae
990 2763 1074 2826 circa
1088 2765 1174 2828 Pha·

140 2874 196 2920 nm
209 2863 384 2929 admiranda
402 2882 512 2946 erant,
531 2864 749 2954 perlustratis,
764 2864 934 2950 Memphin
950 2862 1085 2928 adverso
1098 2865 1176 2931 Nilo

140 2960 217 3043 Mi,
239 2967 413 3032 bonitatem
439 2966 526 3056 agri,
552 2963 723 3029 commoda
746 2963 905 3045 fluminis,
931 2962 1176 3030 multitudinem

141 3056 258 3149 urbium,
276 3069 491 3157 frequentiam
515 3065 784 3130 innumerabilem
810 3064 941 3152 populi,
972 3063 1176 3130 munimenta

141 3160 263 3251 reponis,
286 3172 387 3235 totius
407 3169 550 3256 denique
565 3191 656 3257 tegni
648 3165 893 3231 excellentiam
911 3181 1034 3228 tantam
1052 3188 1177 3254 repere·

142 3275 213 3344 nun,
225 3286 257 3332 ut
271 3272 406 3335 minime
421 3269 609 3333 dubitarent
615 3267 810 3350 ,cujuslibet
824 3266 1078 3357 magnitudinis
1070 3292 1172 3358 tmpe-

144 3355 181 3419 ri⁰
192 3367 280 3435 sedem
294 3394 365 3435 eam
379 3370 531 3435 idoneam
549 3391 619 3434 esse
631 3369 795 3456 potuisse,
812 3392 839 3434 ss
830 3368 971 3458 dignos
983 3393 1017 3434 se
1033 3385 1173 3436 rectores

143 3468 288 3538 ¹1¹'‘ltisset.

175 3560 256 3638 llll.
268 3576 316 3638 Ex
326 3575 469 3663 AEgypto
482 3573 517 3635 in
528 3574 690 3659 Cyprum,
707 3569 825 3634 deinde
837 3594 895 3658 per
907 3571 1032 3658 Syriam
1047 3587 1079 3635 et
1092 3594 1172 3634 con-

143 3657 248 3738 latntes
256 3679 402 3766 regiones
414 3674 550 3739 domum
559 3672 697 3754 reversi,
709 3671 750 3735 de
761 3671 857 3735 rebus
869 3672 936 3736 suis
947 3673 981 3736 in
994 3689 1108 3744 senatu
1116 3696 1171 3737 ex·

141 3778 294 3844 nanum.
314 3777 472 3842 Plurimas
488 3774 633 3840 adierant
648 3790 780 3863 gentes,
798 3772 903 3836 ubivis
919 3774 1045 3860 excepti
1060 3771 1171 3837 dimis-

141 3859 209 3949 tique
226 3900 295 3944 cum
319 3879 545 3945 benevolentia
568 3892 601 3939 et
620 3874 784 3939 laudibus
810 3875 1072 3962 Controversias,
1096 3873 1172 3936 alias

139 3978 227 4046 ‘nate
236 3983 372 4068 partium
387 3993 652 4067 composuerant,
667 3975 742 4038 alias
753 3973 873 4039 adactis
886 3973 927 4037 ad
940 3975 1098 4061 aequiora,
1115 3974 1171 4059 qui

163 4205 242 4272 δὶα
255 4230 285 4276 n.
298 4229 404 4290 cam
418 4228 448 4274 a
462 4227 490 4276 c.
505 4226 607 4281 ns.-
616 4223 739 4273 erueres.
750 4224 850 4287 apopu
869 4231 912 4277 n.
923 4221 1069 4280 -v0u.,1
1084 4223 1172 4269 13-

138 4279 295 4370 ΜΕΝ,
306 4312 330 4358 3.
339 4313 458 4358 -Διιοῑ,
468 4308 568 4357 deVir.
581 4308 617 4356 ill.
628 4324 651 4355 c.
666 4307 707 4356 st.
722 4307 861 4355 -Athen
875 4305 1024 4353 linw-
1039 4305 1174 4353 lustin.-

138 4361 361 4460 3¹¹·1tionapud
375 4393 444 4442 Fulv.
458 4393 541 4441 Unin.
556 4391 693 4442 —Justin
699 4390 856 4440 -l’osidon.
870 4388 936 4453 apud
950 4389 1043 4438 Athen.
1057 4387 1100 4438 lib.
1115 4390 1178 4441 xu

138 4454 236 4518 ΒΜ
249 4476 313 4540 apud
328 4477 454 4526 Valea.—
468 4473 589 4527 Plutarch.

238 4573 295 4640 n
415 4674 417 4679 ι
963 4528 1022 4648 n
