<?xml version="1.0" encoding="UTF-8"?>
<!DOCTYPE html PUBLIC "-//W3C//DTD XHTML 1.0 Transitional//EN"
    "http://www.w3.org/TR/xhtml1/DTD/xhtml1-transitional.dtd">
<html xmlns="http://www.w3.org/1999/xhtml" xml:lang="en" lang="en">
 <head>
  <title>
</title>
<meta http-equiv="Content-Type" content="text/html;charset=utf-8" />
  <meta name='ocr-system' content='tesseract 3.04.00' />
  <meta name='ocr-capabilities' content='ocr_page ocr_carea ocr_par ocr_line ocrx_word'/>
</head>
<body>
  <div class='ocr_page' id='page_1' title='image "./titusliviuspata00freigoog_0358.png"; bbox 0 0 2594 4980; ppageno 0'>
   <div class='ocr_carea' id='block_1_1' title="bbox 328 695 1181 793">
    <p class='ocr_par' dir='ltr' id='par_1_1' title="bbox 328 695 1181 793">
     <span class='ocr_line' id='line_1_1' title="bbox 328 695 1181 793; baseline 0.007 -32"><span class='ocrx_word' id='word_1_1' title='bbox 328 698 375 764; x_wconf 88' lang='lat' dir='ltr'><strong>IN</strong></span> <span class='ocrx_word' id='word_1_2' title='bbox 409 697 520 763; x_wconf 74' lang='lat' dir='ltr'><strong>Luc,</strong></span> <span class='ocrx_word' id='word_1_3' title='bbox 547 695 641 761; x_wconf 89' lang='lat' dir='ltr'><strong>LIB.</strong></span> <span class='ocrx_word' id='word_1_4' title='bbox 670 697 734 762; x_wconf 83' lang='lat' dir='ltr'><strong>LX</strong></span> <span class='ocrx_word' id='word_1_5' title='bbox 766 695 977 764; x_wconf 79' lang='lat' dir='ltr'><strong>LIVIANI.</strong></span> <span class='ocrx_word' id='word_1_6' title='bbox 1071 757 1073 761; x_wconf 67' lang='grc'>,</span> <span class='ocrx_word' id='word_1_7' title='bbox 1112 697 1181 793; x_wconf 77' lang='lat'><strong>367</strong></span> 
     </span>
    </p>
   </div>
   <div class='ocr_carea' id='block_1_2' title="bbox 60 812 1247 4337">
    <p class='ocr_par' dir='ltr' id='par_1_2' title="bbox 122 812 1247 1109">
     <span class='ocr_line' id='line_1_2' title="bbox 122 812 1184 906; baseline 0.002 -26"><span class='ocrx_word' id='word_1_8' title='bbox 122 821 195 906; x_wconf 83' lang='lat' dir='ltr'><strong>gine</strong></span> <span class='ocrx_word' id='word_1_9' title='bbox 206 818 376 903; x_wconf 89' lang='lat' dir='ltr'><strong>causisque</strong></span> <span class='ocrx_word' id='word_1_10' title='bbox 386 815 596 879; x_wconf 88' lang='lat' dir='ltr'><strong>delectantur.</strong></span> <span class='ocrx_word' id='word_1_11' title='bbox 604 814 737 902; x_wconf 84' lang='lat' dir='ltr'><strong>Scythas</strong></span> <span class='ocrx_word' id='word_1_12' title='bbox 747 812 923 878; x_wconf 89' lang='lat' dir='ltr'><strong>Phrahates</strong></span> <span class='ocrx_word' id='word_1_13' title='bbox 934 836 1011 877; x_wconf 88' lang='lat' dir='ltr'><strong>cum</strong></span> <span class='ocrx_word' id='word_1_14' title='bbox 1021 816 1184 882; x_wconf 86' lang='lat' dir='ltr'><strong>Antiocho</strong></span> 
     </span>
     <span class='ocr_line' id='line_1_3' title="bbox 123 906 1247 1003; baseline 0.002 -21"><span class='ocrx_word' id='word_1_15' title='bbox 123 921 244 983; x_wconf 84' lang='lat' dir='ltr'><strong>bellans</strong></span> <span class='ocrx_word' id='word_1_16' title='bbox 264 906 436 995; x_wconf 83' lang='lat' dir='ltr'><strong>exciverat3</strong></span> <span class='ocrx_word' id='word_1_17' title='bbox 455 932 488 978; x_wconf 91' lang='lat' dir='ltr'><strong>et</strong></span> <span class='ocrx_word' id='word_1_18' title='bbox 507 931 582 1003; x_wconf 88' lang='lat' dir='ltr'><strong>post</strong></span> <span class='ocrx_word' id='word_1_19' title='bbox 599 915 767 978; x_wconf 82' lang='lat' dir='ltr'><strong>victoriam</strong></span> <span class='ocrx_word' id='word_1_20' title='bbox 782 915 987 979; x_wconf 88' lang='lat' dir='ltr'><strong>venientibus</strong></span> <span class='ocrx_word' id='word_1_21' title='bbox 1003 917 1184 984; x_wconf 87' lang='lat' dir='ltr'><strong>mercedem</strong></span> <span class='ocrx_word' id='word_1_22' title='bbox 1236 970 1247 989; x_wconf 83' lang='lat'><strong>.</strong></span> 
     </span>
     <span class='ocr_line' id='line_1_4' title="bbox 122 1019 1092 1109; baseline -0.002 -26"><span class='ocrx_word' id='word_1_23' title='bbox 122 1019 328 1109; x_wconf 81' lang='lat' dir='ltr'><strong>pernegabat.</strong></span> <span class='ocrx_word' id='word_1_24' title='bbox 632 1094 635 1101; x_wconf 35' lang='lat'><em>,</em></span> <span class='ocrx_word' id='word_1_25' title='bbox 1088 1090 1092 1099; x_wconf 33' lang='grc' dir='ltr'>Ι</span> 
     </span>
    </p>

    <p class='ocr_par' dir='ltr' id='par_1_3' title="bbox 125 1118 1186 1509">
     <span class='ocr_line' id='line_1_5' title="bbox 167 1118 1186 1209; baseline 0.002 -25"><span class='ocrx_word' id='word_1_26' title='bbox 167 1122 279 1184; x_wconf 83' lang='lat' dir='ltr'><strong>LVIII.</strong></span> <span class='ocrx_word' id='word_1_27' title='bbox 293 1120 395 1209; x_wconf 83' lang='lat' dir='ltr'><strong>Igitur</strong></span> <span class='ocrx_word' id='word_1_28' title='bbox 408 1119 538 1182; x_wconf 87' lang='lat' dir='ltr'><strong>illorum</strong></span> <span class='ocrx_word' id='word_1_29' title='bbox 552 1119 692 1207; x_wconf 85' lang='lat' dir='ltr'><strong>legatus,</strong></span> <span class='ocrx_word' id='word_1_30' title='bbox 706 1141 765 1206; x_wconf 90' lang='lat' dir='ltr'><strong>pro</strong></span> <span class='ocrx_word' id='word_1_31' title='bbox 783 1140 873 1182; x_wconf 91' lang='lat' dir='ltr'><strong>more</strong></span> <span class='ocrx_word' id='word_1_32' title='bbox 887 1118 991 1205; x_wconf 89' lang='lat' dir='ltr'><strong>gentis</strong></span> <span class='ocrx_word' id='word_1_33' title='bbox 1006 1119 1138 1184; x_wconf 87' lang='lat' dir='ltr'><strong>horrida</strong></span> <span class='ocrx_word' id='word_1_34' title='bbox 1153 1137 1186 1186; x_wconf 90' lang='lat' dir='ltr'><strong>et</strong></span> 
     </span>
     <span class='ocr_line' id='line_1_6' title="bbox 125 1219 1185 1306; baseline 0.002 -21"><span class='ocrx_word' id='word_1_35' title='bbox 125 1222 207 1285; x_wconf 88' lang='lat' dir='ltr'><strong>truci</strong></span> <span class='ocrx_word' id='word_1_36' title='bbox 222 1221 382 1300; x_wconf 78' lang='lat' dir='ltr'><strong>oratione,</strong></span> <span class='ocrx_word' id='word_1_37' title='bbox 395 1220 574 1283; x_wconf 86' lang='lat' dir='ltr'><strong>«Venimus</strong></span> <span class='ocrx_word' id='word_1_38' title='bbox 587 1219 628 1282; x_wconf 87' lang='lat' dir='ltr'><strong>ad</strong></span> <span class='ocrx_word' id='word_1_39' title='bbox 641 1236 690 1299; x_wconf 90' lang='lat' dir='ltr'><strong>te,</strong></span> <span class='ocrx_word' id='word_1_40' title='bbox 704 1219 827 1306; x_wconf 81' lang='lat' dir='ltr'><strong>inquit,</strong></span> <span class='ocrx_word' id='word_1_41' title='bbox 844 1241 900 1282; x_wconf 82' lang='lat' dir='ltr'><strong>rex</strong></span> <span class='ocrx_word' id='word_1_42' title='bbox 915 1219 1107 1302; x_wconf 85' lang='lat' dir='ltr'><strong>Phrahates,</strong></span> <span class='ocrx_word' id='word_1_43' title='bbox 1121 1222 1185 1287; x_wconf 87' lang='lat' dir='ltr'><strong>tuis</strong></span> 
     </span>
     <span class='ocr_line' id='line_1_7' title="bbox 126 1319 1186 1410; baseline 0.008 -31"><span class='ocrx_word' id='word_1_44' title='bbox 126 1322 316 1410; x_wconf 59' lang='lat' dir='ltr'><strong>«promissis</strong></span> <span class='ocrx_word' id='word_1_45' title='bbox 333 1320 444 1396; x_wconf 80' lang='lat' dir='ltr'><strong>exciti,</strong></span> <span class='ocrx_word' id='word_1_46' title='bbox 463 1337 622 1409; x_wconf 90' lang='lat' dir='ltr'><strong>pactoque</strong></span> <span class='ocrx_word' id='word_1_47' title='bbox 640 1319 816 1408; x_wconf 88' lang='lat' dir='ltr'><strong>stipendio,</strong></span> <span class='ocrx_word' id='word_1_48' title='bbox 833 1319 923 1407; x_wconf 86' lang='lat' dir='ltr'><strong>quod</strong></span> <span class='ocrx_word' id='word_1_49' title='bbox 943 1323 1053 1410; x_wconf 91' lang='lat' dir='ltr'><strong>negari</strong></span> <span class='ocrx_word' id='word_1_50' title='bbox 1073 1322 1186 1387; x_wconf 91' lang='lat' dir='ltr'><strong>condi·</strong></span> 
     </span>
     <span class='ocr_line' id='line_1_8' title="bbox 125 1420 1186 1509; baseline 0.002 -23"><span class='ocrx_word' id='word_1_51' title='bbox 125 1456 137 1479; x_wconf 74' lang='grc' dir='ltr'><strong><em>κ</em></strong></span> <span class='ocrx_word' id='word_1_52' title='bbox 150 1425 289 1503; x_wconf 92' lang='lat' dir='ltr'><strong>tionem,</strong></span> <span class='ocrx_word' id='word_1_53' title='bbox 304 1421 510 1509; x_wconf 90' lang='lat' dir='ltr'><strong>quantumin</strong></span> <span class='ocrx_word' id='word_1_54' title='bbox 524 1421 618 1485; x_wconf 87' lang='lat' dir='ltr'><strong>nobis</strong></span> <span class='ocrx_word' id='word_1_55' title='bbox 631 1437 696 1501; x_wconf 85' lang='lat' dir='ltr'><strong>est,</strong></span> <span class='ocrx_word' id='word_1_56' title='bbox 710 1420 937 1507; x_wconf 81' lang='lat' dir='ltr'>implentibus,</span> <span class='ocrx_word' id='word_1_57' title='bbox 952 1444 1018 1484; x_wconf 93' lang='lat' dir='ltr'><strong>non</strong></span> <span class='ocrx_word' id='word_1_58' title='bbox 1033 1421 1139 1488; x_wconf 86' lang='lat' dir='ltr'><strong>debet.</strong></span> <span class='ocrx_word' id='word_1_59' title='bbox 1152 1423 1186 1488; x_wconf 91' lang='lat' dir='ltr'><strong>Si</strong></span> 
     </span>
    </p>

    <p class='ocr_par' dir='ltr' id='par_1_4' title="bbox 60 1520 1187 1611">
     <span class='ocr_line' id='line_1_9' title="bbox 60 1520 1187 1611; baseline -0.002 -22"><span class='ocrx_word' id='word_1_60' title='bbox 60 1571 66 1588; x_wconf 40' lang='lat' dir='ltr'><strong><em>s</em></strong></span> <span class='ocrx_word' id='word_1_61' title='bbox 125 1558 137 1581; x_wconf 86' lang='lat'>«</span> <span class='ocrx_word' id='word_1_62' title='bbox 150 1526 260 1604; x_wconf 90' lang='lat' dir='ltr'><strong>citius,</strong></span> <span class='ocrx_word' id='word_1_63' title='bbox 280 1547 376 1611; x_wconf 91' lang='lat' dir='ltr'><strong>quam</strong></span> <span class='ocrx_word' id='word_1_64' title='bbox 394 1545 592 1610; x_wconf 80' lang='lat' dir='ltr'>speraveras,</span> <span class='ocrx_word' id='word_1_65' title='bbox 607 1521 729 1585; x_wconf 88' lang='lat' dir='ltr'><strong>bellum</strong></span> <span class='ocrx_word' id='word_1_66' title='bbox 748 1520 932 1601; x_wconf 82' lang='lat' dir='ltr'><strong>confecisti3</strong></span> <span class='ocrx_word' id='word_1_67' title='bbox 951 1544 1017 1585; x_wconf 92' lang='lat' dir='ltr'><strong>non</strong></span> <span class='ocrx_word' id='word_1_68' title='bbox 1034 1520 1108 1585; x_wconf 88' lang='lat' dir='ltr'><strong>ideo</strong></span> <span class='ocrx_word' id='word_1_69' title='bbox 1124 1523 1187 1587; x_wconf 91' lang='lat' dir='ltr'><strong>mi·</strong></span> 
     </span>
    </p>

    <p class='ocr_par' dir='ltr' id='par_1_5' title="bbox 126 1620 1192 2421">
     <span class='ocr_line' id='line_1_10' title="bbox 126 1620 1188 1710; baseline 0 -22"><span class='ocrx_word' id='word_1_70' title='bbox 126 1648 212 1688; x_wconf 77' lang='lat' dir='ltr'><strong>«nus</strong></span> <span class='ocrx_word' id='word_1_71' title='bbox 231 1620 393 1688; x_wconf 85' lang='lat' dir='ltr'><strong>delectum</strong></span> <span class='ocrx_word' id='word_1_72' title='bbox 410 1622 596 1686; x_wconf 88' lang='lat' dir='ltr'><strong>habuerunt</strong></span> <span class='ocrx_word' id='word_1_73' title='bbox 611 1622 756 1710; x_wconf 80' lang='lat' dir='ltr'><strong>Scythae,</strong></span> <span class='ocrx_word' id='word_1_74' title='bbox 772 1622 904 1709; x_wconf 88' lang='lat' dir='ltr'><strong>suisque</strong></span> <span class='ocrx_word' id='word_1_75' title='bbox 920 1620 1055 1703; x_wconf 87' lang='lat' dir='ltr'><strong>finibus,</strong></span> <span class='ocrx_word' id='word_1_76' title='bbox 1073 1639 1112 1686; x_wconf 87' lang='lat' dir='ltr'><strong>ut</strong></span> <span class='ocrx_word' id='word_1_77' title='bbox 1127 1625 1188 1688; x_wconf 88' lang='lat' dir='ltr'><strong>tibi</strong></span> 
     </span>
     <span class='ocr_line' id='line_1_11' title="bbox 127 1724 1189 1814; baseline 0.001 -25"><span class='ocrx_word' id='word_1_78' title='bbox 127 1727 342 1806; x_wconf 66' lang='lat' dir='ltr'><strong>«militarent,</strong></span> <span class='ocrx_word' id='word_1_79' title='bbox 363 1740 440 1788; x_wconf 90' lang='lat' dir='ltr'><strong>sunt</strong></span> <span class='ocrx_word' id='word_1_80' title='bbox 461 1724 589 1813; x_wconf 85' lang='lat' dir='ltr'><strong>egressi.</strong></span> <span class='ocrx_word' id='word_1_81' title='bbox 603 1725 704 1788; x_wconf 85' lang='lat' dir='ltr'><strong>Tanta</strong></span> <span class='ocrx_word' id='word_1_82' title='bbox 724 1724 876 1802; x_wconf 79' lang='lat' dir='ltr'><strong>juventus</strong></span> <span class='ocrx_word' id='word_1_83' title='bbox 897 1746 1003 1811; x_wconf 89' lang='lat' dir='ltr'><strong>neque</strong></span> <span class='ocrx_word' id='word_1_84' title='bbox 1025 1725 1098 1814; x_wconf 84' lang='lat' dir='ltr'><strong>cogi</strong></span> <span class='ocrx_word' id='word_1_85' title='bbox 1118 1725 1189 1790; x_wconf 87' lang='lat' dir='ltr'><strong>siue</strong></span> 
     </span>
     <span class='ocr_line' id='line_1_12' title="bbox 127 1825 1188 1914; baseline 0.001 -25"><span class='ocrx_word' id='word_1_86' title='bbox 127 1851 206 1914; x_wconf 73' lang='lat' dir='ltr'><strong>«spe</strong></span> <span class='ocrx_word' id='word_1_87' title='bbox 222 1827 445 1914; x_wconf 85' lang='lat' dir='ltr'><strong>praemiorum,</strong></span> <span class='ocrx_word' id='word_1_88' title='bbox 461 1847 566 1913; x_wconf 87' lang='lat' dir='ltr'><strong>neque</strong></span> <span class='ocrx_word' id='word_1_89' title='bbox 586 1825 745 1889; x_wconf 86' lang='lat' dir='ltr'><strong>contineri</strong></span> <span class='ocrx_word' id='word_1_90' title='bbox 763 1825 832 1888; x_wconf 91' lang='lat' dir='ltr'><strong>sine</strong></span> <span class='ocrx_word' id='word_1_91' title='bbox 850 1825 1053 1911; x_wconf 75' lang='lat' dir='ltr'><strong>praestatione</strong></span> <span class='ocrx_word' id='word_1_92' title='bbox 1068 1828 1188 1912; x_wconf 84' lang='lat' dir='ltr'><strong>potest.</strong></span> 
     </span>
     <span class='ocr_line' id='line_1_13' title="bbox 127 1924 1190 2015; baseline -0.001 -25"><span class='ocrx_word' id='word_1_93' title='bbox 127 1959 139 1981; x_wconf 81' lang='grc'><strong>«</strong></span> <span class='ocrx_word' id='word_1_94' title='bbox 152 1928 243 1991; x_wconf 90' lang='lat' dir='ltr'><strong>Nihil</strong></span> <span class='ocrx_word' id='word_1_95' title='bbox 261 1943 377 2015; x_wconf 87' lang='lat' dir='ltr'><strong>praeter</strong></span> <span class='ocrx_word' id='word_1_96' title='bbox 396 1949 499 2006; x_wconf 85' lang='lat' dir='ltr'><strong>arma,</strong></span> <span class='ocrx_word' id='word_1_97' title='bbox 519 1949 590 2013; x_wconf 78' lang='lat' dir='ltr'><strong>quae</strong></span> <span class='ocrx_word' id='word_1_98' title='bbox 613 1948 781 2013; x_wconf 88' lang='lat' dir='ltr'><strong>nunquam</strong></span> <span class='ocrx_word' id='word_1_99' title='bbox 806 1924 901 1989; x_wconf 85' lang='lat' dir='ltr'><strong>nobis</strong></span> <span class='ocrx_word' id='word_1_100' title='bbox 924 1924 1082 2006; x_wconf 75' lang='lat' dir='ltr'><strong>deerunt,</strong></span> <span class='ocrx_word' id='word_1_101' title='bbox 1103 1940 1190 1990; x_wconf 86' lang='lat' dir='ltr'><strong>attu-</strong></span> 
     </span>
     <span class='ocr_line' id='line_1_14' title="bbox 128 2026 1190 2116; baseline 0.005 -30"><span class='ocrx_word' id='word_1_102' title='bbox 128 2063 140 2086; x_wconf 58' lang='lat' dir='ltr'><strong>n</strong></span> <span class='ocrx_word' id='word_1_103' title='bbox 153 2028 268 2103; x_wconf 81' lang='lat' dir='ltr'><strong>limus,</strong></span> <span class='ocrx_word' id='word_1_104' title='bbox 284 2051 350 2116; x_wconf 91' lang='lat' dir='ltr'><strong>quo</strong></span> <span class='ocrx_word' id='word_1_105' title='bbox 363 2028 551 2114; x_wconf 86' lang='lat' dir='ltr'><strong>pecuniam,</strong></span> <span class='ocrx_word' id='word_1_106' title='bbox 569 2049 640 2114; x_wconf 87' lang='lat' dir='ltr'><strong>quae</strong></span> <span class='ocrx_word' id='word_1_107' title='bbox 654 2026 780 2107; x_wconf 85' lang='lat' dir='ltr'><strong>decrat,</strong></span> <span class='ocrx_word' id='word_1_108' title='bbox 794 2041 1042 2115; x_wconf 89' lang='lat' dir='ltr'><strong>reportaremus.</strong></span> <span class='ocrx_word' id='word_1_109' title='bbox 1057 2027 1132 2090; x_wconf 92' lang='lat' dir='ltr'><strong>Non</strong></span> <span class='ocrx_word' id='word_1_110' title='bbox 1145 2026 1190 2091; x_wconf 79' lang='lat' dir='ltr'><strong>ita</strong></span> 
     </span>
     <span class='ocr_line' id='line_1_15' title="bbox 130 2128 1191 2217; baseline 0.001 -25"><span class='ocrx_word' id='word_1_111' title='bbox 130 2164 141 2185; x_wconf 74' lang='lat' dir='ltr'><strong>u</strong></span> <span class='ocrx_word' id='word_1_112' title='bbox 155 2131 253 2193; x_wconf 84' lang='lat' dir='ltr'><strong>facilis</strong></span> <span class='ocrx_word' id='word_1_113' title='bbox 269 2130 450 2193; x_wconf 89' lang='lat' dir='ltr'><strong>auctoranti</strong></span> <span class='ocrx_word' id='word_1_114' title='bbox 464 2130 749 2216; x_wconf 87' lang='lat' dir='ltr'><strong>exauctorantique</strong></span> <span class='ocrx_word' id='word_1_115' title='bbox 763 2128 858 2193; x_wconf 87' lang='lat' dir='ltr'><strong>turba</strong></span> <span class='ocrx_word' id='word_1_116' title='bbox 872 2152 1001 2211; x_wconf 87' lang='lat' dir='ltr'><strong>sumus,</strong></span> <span class='ocrx_word' id='word_1_117' title='bbox 1016 2145 1053 2192; x_wconf 87' lang='lat' dir='ltr'><strong>ut</strong></span> <span class='ocrx_word' id='word_1_118' title='bbox 1063 2130 1191 2217; x_wconf 84' lang='lat' dir='ltr'><strong>quoties</strong></span> 
     </span>
     <span class='ocr_line' id='line_1_16' title="bbox 129 2231 1192 2322; baseline -0.001 -27"><span class='ocrx_word' id='word_1_119' title='bbox 129 2233 287 2311; x_wconf 74' lang='lat' dir='ltr'><strong>«alicujus</strong></span> <span class='ocrx_word' id='word_1_120' title='bbox 302 2234 472 2297; x_wconf 81' lang='lat' dir='ltr'><strong>necessitas</strong></span> <span class='ocrx_word' id='word_1_121' title='bbox 490 2249 523 2297; x_wconf 90' lang='lat' dir='ltr'><strong>et</strong></span> <span class='ocrx_word' id='word_1_122' title='bbox 541 2233 670 2322; x_wconf 87' lang='lat' dir='ltr'><strong>negotia</strong></span> <span class='ocrx_word' id='word_1_123' title='bbox 689 2248 841 2319; x_wconf 86' lang='lat' dir='ltr'><strong>poscant,</strong></span> <span class='ocrx_word' id='word_1_124' title='bbox 859 2253 1064 2295; x_wconf 90' lang='lat' dir='ltr'><strong>accurramus</strong></span> <span class='ocrx_word' id='word_1_125' title='bbox 1081 2231 1192 2312; x_wconf 85' lang='lat' dir='ltr'><strong>acciti,</strong></span> 
     </span>
     <span class='ocr_line' id='line_1_17' title="bbox 131 2333 942 2421; baseline 0.002 -27"><span class='ocrx_word' id='word_1_126' title='bbox 131 2363 141 2382; x_wconf 61' lang='grc' dir='ltr'><strong>ιι</strong></span> <span class='ocrx_word' id='word_1_127' title='bbox 155 2349 187 2396; x_wconf 89' lang='lat' dir='ltr'><strong>et</strong></span> <span class='ocrx_word' id='word_1_128' title='bbox 203 2356 304 2419; x_wconf 90' lang='lat' dir='ltr'><strong>quum</strong></span> <span class='ocrx_word' id='word_1_129' title='bbox 318 2334 371 2396; x_wconf 92' lang='lat' dir='ltr'><strong>illa</strong></span> <span class='ocrx_word' id='word_1_130' title='bbox 386 2333 591 2421; x_wconf 78' lang='lat' dir='ltr'><strong>praeterierit,</strong></span> <span class='ocrx_word' id='word_1_131' title='bbox 606 2333 808 2397; x_wconf 89' lang='lat' dir='ltr'><strong>remittamur</strong></span> <span class='ocrx_word' id='word_1_132' title='bbox 821 2333 942 2396; x_wconf 83' lang='lat' dir='ltr'><strong>inanes.</strong></span> 
     </span>
    </p>

    <p class='ocr_par' dir='ltr' id='par_1_6' title="bbox 131 2431 1198 3021">
     <span class='ocr_line' id='line_1_18' title="bbox 176 2431 1192 2519; baseline -0.001 -22"><span class='ocrx_word' id='word_1_133' title='bbox 176 2434 259 2497; x_wconf 86' lang='lat' dir='ltr'><strong>LIX.</strong></span> <span class='ocrx_word' id='word_1_134' title='bbox 277 2464 289 2488; x_wconf 76' lang='grc' dir='ltr'><strong>«ι</strong></span> <span class='ocrx_word' id='word_1_135' title='bbox 301 2433 377 2498; x_wconf 84' lang='lat' dir='ltr'><strong>Plus</strong></span> <span class='ocrx_word' id='word_1_136' title='bbox 394 2434 723 2498; x_wconf 73' lang='lat' dir='ltr'><strong>daturushntiocbus</strong></span> <span class='ocrx_word' id='word_1_137' title='bbox 748 2449 830 2512; x_wconf 88' lang='lat' dir='ltr'><strong>erat,</strong></span> <span class='ocrx_word' id='word_1_138' title='bbox 854 2432 910 2496; x_wconf 90' lang='lat' dir='ltr'><strong>sed</strong></span> <span class='ocrx_word' id='word_1_139' title='bbox 930 2431 1112 2519; x_wconf 84' lang='lat' dir='ltr'><strong>parthicum</strong></span> <span class='ocrx_word' id='word_1_140' title='bbox 1130 2453 1192 2496; x_wconf 91' lang='lat' dir='ltr'><strong>no·</strong></span> 
     </span>
     <span class='ocr_line' id='line_1_19' title="bbox 132 2534 1193 2622; baseline 0.001 -27"><span class='ocrx_word' id='word_1_141' title='bbox 132 2566 144 2589; x_wconf 72' lang='grc' dir='ltr'><strong>«ι</strong></span> <span class='ocrx_word' id='word_1_142' title='bbox 157 2557 249 2615; x_wconf 84' lang='lat' dir='ltr'><strong>men,</strong></span> <span class='ocrx_word' id='word_1_143' title='bbox 266 2550 298 2596; x_wconf 90' lang='lat' dir='ltr'><strong>et</strong></span> <span class='ocrx_word' id='word_1_144' title='bbox 312 2535 461 2620; x_wconf 81' lang='lat' dir='ltr'><strong>cognatio</strong></span> <span class='ocrx_word' id='word_1_145' title='bbox 475 2535 580 2622; x_wconf 86' lang='lat' dir='ltr'><strong>gentis</strong></span> <span class='ocrx_word' id='word_1_146' title='bbox 594 2534 789 2615; x_wconf 84' lang='lat' dir='ltr'><strong>effecerunt,</strong></span> <span class='ocrx_word' id='word_1_147' title='bbox 804 2548 842 2595; x_wconf 93' lang='lat' dir='ltr'><strong>ut</strong></span> <span class='ocrx_word' id='word_1_148' title='bbox 858 2549 946 2596; x_wconf 90' lang='lat' dir='ltr'><strong>tuam</strong></span> <span class='ocrx_word' id='word_1_149' title='bbox 963 2555 1092 2596; x_wconf 87' lang='lat' dir='ltr'><strong>causam</strong></span> <span class='ocrx_word' id='word_1_150' title='bbox 1109 2555 1193 2620; x_wconf 84' lang='lat' dir='ltr'><strong>prae·</strong></span> 
     </span>
     <span class='ocr_line' id='line_1_20' title="bbox 131 2632 1193 2722; baseline 0.002 -27"><span class='ocrx_word' id='word_1_151' title='bbox 131 2635 322 2697; x_wconf 69' lang='lat' dir='ltr'><strong>«ferremus.</strong></span> <span class='ocrx_word' id='word_1_152' title='bbox 339 2633 389 2695; x_wconf 88' lang='lat' dir='ltr'><strong>Nc</strong></span> <span class='ocrx_word' id='word_1_153' title='bbox 405 2635 503 2722; x_wconf 87' lang='lat' dir='ltr'><strong>igitur</strong></span> <span class='ocrx_word' id='word_1_154' title='bbox 516 2634 633 2712; x_wconf 86' lang='lat' dir='ltr'><strong>injuria</strong></span> <span class='ocrx_word' id='word_1_155' title='bbox 650 2633 765 2722; x_wconf 86' lang='lat' dir='ltr'><strong>dignos</strong></span> <span class='ocrx_word' id='word_1_156' title='bbox 781 2632 959 2711; x_wconf 82' lang='lat' dir='ltr'><strong>existimes,</strong></span> <span class='ocrx_word' id='word_1_157' title='bbox 978 2632 1034 2719; x_wconf 91' lang='lat' dir='ltr'><strong>qui</strong></span> <span class='ocrx_word' id='word_1_158' title='bbox 1049 2648 1115 2694; x_wconf 91' lang='lat' dir='ltr'><strong>tam</strong></span> <span class='ocrx_word' id='word_1_159' title='bbox 1128 2633 1193 2697; x_wconf 90' lang='lat' dir='ltr'><strong>im·</strong></span> 
     </span>
     <span class='ocr_line' id='line_1_21' title="bbox 132 2730 1192 2822; baseline 0.002 -26"><span class='ocrx_word' id='word_1_160' title='bbox 132 2736 245 2822; x_wconf 75' lang='lat' dir='ltr'><strong>«pigre</strong></span> <span class='ocrx_word' id='word_1_161' title='bbox 266 2751 492 2811; x_wconf 87' lang='lat' dir='ltr'><strong>accurrerunt,</strong></span> <span class='ocrx_word' id='word_1_162' title='bbox 513 2750 550 2796; x_wconf 91' lang='lat' dir='ltr'><strong>ut</strong></span> <span class='ocrx_word' id='word_1_163' title='bbox 569 2749 599 2795; x_wconf 89' lang='lat' dir='ltr'><strong>te</strong></span> <span class='ocrx_word' id='word_1_164' title='bbox 617 2735 657 2794; x_wconf 86' lang='lat' dir='ltr'><strong>ab</strong></span> <span class='ocrx_word' id='word_1_165' title='bbox 680 2734 805 2813; x_wconf 87' lang='lat' dir='ltr'><strong>injuriis</strong></span> <span class='ocrx_word' id='word_1_166' title='bbox 822 2733 965 2796; x_wconf 92' lang='lat' dir='ltr'><strong>hostium</strong></span> <span class='ocrx_word' id='word_1_167' title='bbox 981 2730 1192 2798; x_wconf 83' lang='lat' dir='ltr'><strong>vindicarent.</strong></span> 
     </span>
     <span class='ocr_line' id='line_1_22' title="bbox 134 2830 1193 2918; baseline 0.001 -21"><span class='ocrx_word' id='word_1_168' title='bbox 134 2866 146 2887; x_wconf 66' lang='lat' dir='ltr'><strong>n</strong></span> <span class='ocrx_word' id='word_1_169' title='bbox 158 2838 200 2898; x_wconf 86' lang='lat' dir='ltr'><strong>At</strong></span> <span class='ocrx_word' id='word_1_170' title='bbox 213 2857 285 2896; x_wconf 92' lang='lat' dir='ltr'><strong>sero</strong></span> <span class='ocrx_word' id='word_1_171' title='bbox 299 2833 451 2910; x_wconf 89' lang='lat' dir='ltr'><strong>venistis,</strong></span> <span class='ocrx_word' id='word_1_172' title='bbox 467 2831 613 2918; x_wconf 87' lang='lat' dir='ltr'><strong>inquies:</strong></span> <span class='ocrx_word' id='word_1_173' title='bbox 634 2854 674 2894; x_wconf 88' lang='lat' dir='ltr'><strong>an</strong></span> <span class='ocrx_word' id='word_1_174' title='bbox 694 2832 792 2918; x_wconf 88' lang='lat' dir='ltr'><strong>igitur</strong></span> <span class='ocrx_word' id='word_1_175' title='bbox 807 2830 1038 2917; x_wconf 80' lang='lat' dir='ltr'><strong>postulandum</strong></span> <span class='ocrx_word' id='word_1_176' title='bbox 1053 2849 1138 2913; x_wconf 85' lang='lat' dir='ltr'><strong>erat,</strong></span> <span class='ocrx_word' id='word_1_177' title='bbox 1155 2851 1193 2898; x_wconf 88' lang='lat' dir='ltr'><strong>ut</strong></span> 
     </span>
     <span class='ocr_line' id='line_1_23' title="bbox 134 2928 1198 3021; baseline 0.003 -25"><span class='ocrx_word' id='word_1_178' title='bbox 134 2965 146 2987; x_wconf 77' lang='grc' dir='ltr'><strong>«ι</strong></span> <span class='ocrx_word' id='word_1_179' title='bbox 158 2934 221 2996; x_wconf 84' lang='lat' dir='ltr'><strong>alas</strong></span> <span class='ocrx_word' id='word_1_180' title='bbox 234 2950 415 3021; x_wconf 88' lang='lat' dir='ltr'><strong>aptaremus</strong></span> <span class='ocrx_word' id='word_1_181' title='bbox 427 2931 575 3018; x_wconf 88' lang='lat' dir='ltr'><strong>pedibus,</strong></span> <span class='ocrx_word' id='word_1_182' title='bbox 587 2947 643 2993; x_wconf 92' lang='lat' dir='ltr'><strong>aut</strong></span> <span class='ocrx_word' id='word_1_183' title='bbox 654 2953 787 2993; x_wconf 90' lang='lat' dir='ltr'><strong>currum</strong></span> <span class='ocrx_word' id='word_1_184' title='bbox 799 2928 874 2992; x_wconf 88' lang='lat' dir='ltr'><strong>solis</strong></span> <span class='ocrx_word' id='word_1_185' title='bbox 885 2932 1198 2999; x_wconf 81' lang='lat' dir='ltr'><strong>conscenderemus?</strong></span> 
     </span>
    </p>

    <p class='ocr_par' dir='ltr' id='par_1_7' title="bbox 82 3031 1196 3122">
     <span class='ocr_line' id='line_1_24' title="bbox 82 3031 1196 3122; baseline 0.002 -25"><span class='ocrx_word' id='word_1_186' title='bbox 82 3098 92 3115; x_wconf 24' lang='grc' dir='ltr'><strong><em>κ</em></strong></span> <span class='ocrx_word' id='word_1_187' title='bbox 135 3068 147 3089; x_wconf 75' lang='grc' dir='ltr'><strong>ιι</strong></span> <span class='ocrx_word' id='word_1_188' title='bbox 160 3036 185 3098; x_wconf 95' lang='lat' dir='ltr'><strong>si</strong></span> <span class='ocrx_word' id='word_1_189' title='bbox 202 3036 295 3098; x_wconf 87' lang='lat' dir='ltr'><strong>citius</strong></span> <span class='ocrx_word' id='word_1_190' title='bbox 312 3033 546 3097; x_wconf 82' lang='lat' dir='ltr'><strong>existimatione</strong></span> <span class='ocrx_word' id='word_1_191' title='bbox 561 3047 615 3095; x_wconf 92' lang='lat' dir='ltr'><strong>tua</strong></span> <span class='ocrx_word' id='word_1_192' title='bbox 628 3032 747 3111; x_wconf 83' lang='lat' dir='ltr'><strong>vicisti,</strong></span> <span class='ocrx_word' id='word_1_193' title='bbox 762 3031 900 3095; x_wconf 74' lang='lat' dir='ltr'><strong>fortune</strong></span> <span class='ocrx_word' id='word_1_194' title='bbox 915 3046 978 3095; x_wconf 75' lang='lat' dir='ltr'><strong>tute</strong></span> <span class='ocrx_word' id='word_1_195' title='bbox 991 3055 1050 3121; x_wconf 90' lang='lat' dir='ltr'><strong>age</strong></span> <span class='ocrx_word' id='word_1_196' title='bbox 1063 3035 1196 3122; x_wconf 78' lang='lat' dir='ltr'><strong>gratias,</strong></span> 
     </span>
    </p>

    <p class='ocr_par' dir='ltr' id='par_1_8' title="bbox 135 3133 1197 3706">
     <span class='ocr_line' id='line_1_25' title="bbox 135 3133 1194 3222; baseline 0.006 -27"><span class='ocrx_word' id='word_1_197' title='bbox 135 3166 147 3186; x_wconf 86' lang='lat'>«</span> <span class='ocrx_word' id='word_1_198' title='bbox 160 3151 192 3197; x_wconf 91' lang='lat' dir='ltr'><strong>et</strong></span> <span class='ocrx_word' id='word_1_199' title='bbox 205 3151 295 3198; x_wconf 89' lang='lat' dir='ltr'><strong>tauto</strong></span> <span class='ocrx_word' id='word_1_200' title='bbox 306 3135 520 3199; x_wconf 86' lang='lat' dir='ltr'><strong>liberaliorem</strong></span> <span class='ocrx_word' id='word_1_201' title='bbox 535 3148 567 3196; x_wconf 90' lang='lat' dir='ltr'><strong>te</strong></span> <span class='ocrx_word' id='word_1_202' title='bbox 583 3133 710 3213; x_wconf 84' lang='lat' dir='ltr'><strong>exhibe,</strong></span> <span class='ocrx_word' id='word_1_203' title='bbox 722 3149 845 3220; x_wconf 88' lang='lat' dir='ltr'><strong>quanto</strong></span> <span class='ocrx_word' id='word_1_204' title='bbox 858 3133 961 3197; x_wconf 81' lang='lat' dir='ltr'><strong>factus</strong></span> <span class='ocrx_word' id='word_1_205' title='bbox 973 3157 1006 3197; x_wconf 90' lang='lat' dir='ltr'><strong>es</strong></span> <span class='ocrx_word' id='word_1_206' title='bbox 1020 3137 1194 3222; x_wconf 89' lang='lat' dir='ltr'><strong>potentior.</strong></span> 
     </span>
     <span class='ocr_line' id='line_1_26' title="bbox 136 3233 1196 3302; baseline 0.005 -5"><span class='ocrx_word' id='word_1_207' title='bbox 136 3235 227 3299; x_wconf 78' lang='lat' dir='ltr'><strong>«Nec</strong></span> <span class='ocrx_word' id='word_1_208' title='bbox 246 3238 278 3298; x_wconf 93' lang='lat' dir='ltr'><strong>in</strong></span> <span class='ocrx_word' id='word_1_209' title='bbox 297 3259 365 3299; x_wconf 92' lang='lat' dir='ltr'><strong>uno</strong></span> <span class='ocrx_word' id='word_1_210' title='bbox 384 3234 547 3299; x_wconf 76' lang='lat' dir='ltr'><strong>Antiocho</strong></span> <span class='ocrx_word' id='word_1_211' title='bbox 568 3233 720 3300; x_wconf 90' lang='lat' dir='ltr'><strong>cecidisse</strong></span> <span class='ocrx_word' id='word_1_212' title='bbox 739 3258 853 3299; x_wconf 90' lang='lat' dir='ltr'><strong>omnes</strong></span> <span class='ocrx_word' id='word_1_213' title='bbox 871 3234 1066 3298; x_wconf 89' lang='lat' dir='ltr'><strong>Parthorum</strong></span> <span class='ocrx_word' id='word_1_214' title='bbox 1085 3237 1196 3302; x_wconf 81' lang='lat' dir='ltr'><strong>hostes</strong></span> 
     </span>
     <span class='ocr_line' id='line_1_27' title="bbox 138 3335 1196 3425; baseline 0.006 -28"><span class='ocrx_word' id='word_1_215' title='bbox 138 3335 292 3399; x_wconf 71' lang='lat' dir='ltr'><strong>«credasz</strong></span> <span class='ocrx_word' id='word_1_216' title='bbox 310 3359 424 3425; x_wconf 86' lang='lat' dir='ltr'><strong>magna</strong></span> <span class='ocrx_word' id='word_1_217' title='bbox 440 3335 573 3423; x_wconf 87' lang='lat' dir='ltr'><strong>imperia</strong></span> <span class='ocrx_word' id='word_1_218' title='bbox 592 3359 658 3401; x_wconf 91' lang='lat' dir='ltr'><strong>non</strong></span> <span class='ocrx_word' id='word_1_219' title='bbox 676 3337 797 3425; x_wconf 91' lang='lat' dir='ltr'><strong>patitur</strong></span> <span class='ocrx_word' id='word_1_220' title='bbox 813 3337 901 3400; x_wconf 90' lang='lat' dir='ltr'><strong>Deus</strong></span> <span class='ocrx_word' id='word_1_221' title='bbox 921 3335 979 3400; x_wconf 86' lang='lat' dir='ltr'><strong>diu</strong></span> <span class='ocrx_word' id='word_1_222' title='bbox 993 3337 1062 3402; x_wconf 89' lang='lat' dir='ltr'><strong>sine</strong></span> <span class='ocrx_word' id='word_1_223' title='bbox 1078 3340 1196 3403; x_wconf 82' lang='lat' dir='ltr'><strong>aemqu</strong></span> 
     </span>
     <span class='ocr_line' id='line_1_28' title="bbox 140 3437 1196 3527; baseline 0.008 -30"><span class='ocrx_word' id='word_1_224' title='bbox 140 3439 346 3501; x_wconf 68' lang='lat' dir='ltr'><strong>«consistere.</strong></span> <span class='ocrx_word' id='word_1_225' title='bbox 361 3440 530 3527; x_wconf 88' lang='lat' dir='ltr'><strong>Segniores</strong></span> <span class='ocrx_word' id='word_1_226' title='bbox 544 3437 586 3502; x_wconf 87' lang='lat' dir='ltr'><strong>ad</strong></span> <span class='ocrx_word' id='word_1_227' title='bbox 602 3438 759 3527; x_wconf 88' lang='lat' dir='ltr'><strong>stipendia</strong></span> <span class='ocrx_word' id='word_1_228' title='bbox 776 3456 830 3502; x_wconf 86' lang='lat' dir='ltr'><strong>tua</strong></span> <span class='ocrx_word' id='word_1_229' title='bbox 845 3438 992 3520; x_wconf 83' lang='lat' dir='ltr'><strong>venient,</strong></span> <span class='ocrx_word' id='word_1_230' title='bbox 1007 3440 1064 3526; x_wconf 90' lang='lat' dir='ltr'><strong>qui</strong></span> <span class='ocrx_word' id='word_1_231' title='bbox 1080 3442 1196 3505; x_wconf 84' lang='lat' dir='ltr'><strong>memi-</strong></span> 
     </span>
     <span class='ocr_line' id='line_1_29' title="bbox 141 3538 1197 3633; baseline 0.012 -37"><span class='ocrx_word' id='word_1_232' title='bbox 141 3566 152 3587; x_wconf 67' lang='grc' dir='ltr'><strong>«ι</strong></span> <span class='ocrx_word' id='word_1_233' title='bbox 165 3538 271 3599; x_wconf 87' lang='lat' dir='ltr'><strong>nerint</strong></span> <span class='ocrx_word' id='word_1_234' title='bbox 295 3540 383 3602; x_wconf 86' lang='lat' dir='ltr'><strong>nulia</strong></span> <span class='ocrx_word' id='word_1_235' title='bbox 409 3539 557 3604; x_wconf 89' lang='lat' dir='ltr'><strong>mercede</strong></span> <span class='ocrx_word' id='word_1_236' title='bbox 580 3542 704 3605; x_wconf 85' lang='lat' dir='ltr'><strong>venisse</strong></span> <span class='ocrx_word' id='word_1_237' title='bbox 728 3567 735 3606; x_wconf 87' lang='lat'>:</span> <span class='ocrx_word' id='word_1_238' title='bbox 762 3565 799 3605; x_wconf 90' lang='lat' dir='ltr'><strong>ac</strong></span> <span class='ocrx_word' id='word_1_239' title='bbox 821 3541 920 3605; x_wconf 89' lang='lat' dir='ltr'><strong>semel</strong></span> <span class='ocrx_word' id='word_1_240' title='bbox 946 3542 1045 3622; x_wconf 88' lang='lat' dir='ltr'><strong>elusi,</strong></span> <span class='ocrx_word' id='word_1_241' title='bbox 1070 3566 1197 3633; x_wconf 85' lang='lat' dir='ltr'><strong>semper</strong></span> 
     </span>
     <span class='ocr_line' id='line_1_30' title="bbox 141 3637 661 3706; baseline 0.015 -8"><span class='ocrx_word' id='word_1_242' title='bbox 141 3637 310 3700; x_wconf 76' lang='lat' dir='ltr'><strong>«eamdem</strong></span> <span class='ocrx_word' id='word_1_243' title='bbox 326 3640 472 3705; x_wconf 84' lang='lat' dir='ltr'><strong>fraudem</strong></span> <span class='ocrx_word' id='word_1_244' title='bbox 488 3642 661 3706; x_wconf 88' lang='lat' dir='ltr'><strong>timebunt.</strong></span> 
     </span>
    </p>

    <p class='ocr_par' dir='ltr' id='par_1_9' title="bbox 144 3739 1205 4337">
     <span class='ocr_line' id='line_1_31' title="bbox 186 3739 1200 3835; baseline 0.011 -35"><span class='ocrx_word' id='word_1_245' title='bbox 186 3739 252 3802; x_wconf 83' lang='lat' dir='ltr'><strong>Lx.</strong></span> <span class='ocrx_word' id='word_1_246' title='bbox 278 3741 392 3804; x_wconf 69' lang='lat' dir='ltr'><strong>«Sicut</strong></span> <span class='ocrx_word' id='word_1_247' title='bbox 411 3765 543 3830; x_wconf 89' lang='lat' dir='ltr'><strong>operam</strong></span> <span class='ocrx_word' id='word_1_248' title='bbox 563 3766 581 3806; x_wconf 87' lang='lat' dir='ltr'><strong>a</strong></span> <span class='ocrx_word' id='word_1_249' title='bbox 600 3744 712 3826; x_wconf 88' lang='lat' dir='ltr'><strong>nobis,</strong></span> <span class='ocrx_word' id='word_1_250' title='bbox 728 3744 774 3807; x_wconf 86' lang='lat' dir='ltr'><strong>sic</strong></span> <span class='ocrx_word' id='word_1_251' title='bbox 793 3767 810 3806; x_wconf 90' lang='lat' dir='ltr'><strong>a</strong></span> <span class='ocrx_word' id='word_1_252' title='bbox 831 3760 863 3807; x_wconf 90' lang='lat' dir='ltr'><strong>te</strong></span> <span class='ocrx_word' id='word_1_253' title='bbox 884 3746 1025 3829; x_wconf 83' lang='lat' dir='ltr'><strong>praestari</strong></span> <span class='ocrx_word' id='word_1_254' title='bbox 1041 3746 1200 3835; x_wconf 82' lang='lat' dir='ltr'><strong>stipendia</strong></span> 
     </span>
     <span class='ocr_line' id='line_1_32' title="bbox 144 3841 1202 3934; baseline 0.009 -33"><span class='ocrx_word' id='word_1_255' title='bbox 144 3872 154 3891; x_wconf 68' lang='lat' dir='ltr'><strong>u</strong></span> <span class='ocrx_word' id='word_1_256' title='bbox 168 3841 331 3926; x_wconf 85' lang='lat' dir='ltr'><strong>oportuit:</strong></span> <span class='ocrx_word' id='word_1_257' title='bbox 345 3864 385 3903; x_wconf 89' lang='lat' dir='ltr'><strong>ne</strong></span> <span class='ocrx_word' id='word_1_258' title='bbox 399 3843 452 3906; x_wconf 91' lang='lat' dir='ltr'><strong>illa</strong></span> <span class='ocrx_word' id='word_1_259' title='bbox 464 3861 646 3925; x_wconf 75' lang='lat' dir='ltr'><strong>narraretur,</strong></span> <span class='ocrx_word' id='word_1_260' title='bbox 660 3868 718 3933; x_wconf 91' lang='lat' dir='ltr'><strong>per</strong></span> <span class='ocrx_word' id='word_1_261' title='bbox 731 3866 791 3907; x_wconf 92' lang='lat' dir='ltr'><strong>nos</strong></span> <span class='ocrx_word' id='word_1_262' title='bbox 803 3865 870 3906; x_wconf 87' lang='lat' dir='ltr'><strong>non</strong></span> <span class='ocrx_word' id='word_1_263' title='bbox 882 3844 970 3907; x_wconf 84' lang='lat' dir='ltr'><strong>stetit</strong></span> <span class='ocrx_word' id='word_1_264' title='bbox 981 3867 989 3908; x_wconf 92' lang='lat'><strong>:</strong></span> <span class='ocrx_word' id='word_1_265' title='bbox 1000 3869 1060 3934; x_wconf 85' lang='lat' dir='ltr'><strong>per</strong></span> <span class='ocrx_word' id='word_1_266' title='bbox 1072 3863 1104 3910; x_wconf 87' lang='lat' dir='ltr'><strong>te</strong></span> <span class='ocrx_word' id='word_1_267' title='bbox 1117 3862 1202 3911; x_wconf 82' lang='lat' dir='ltr'><strong>stare</strong></span> 
     </span>
     <span class='ocr_line' id='line_1_33' title="bbox 144 3941 1201 4032; baseline 0.008 -29"><span class='ocrx_word' id='word_1_268' title='bbox 144 3966 234 4004; x_wconf 78' lang='lat' dir='ltr'><strong>«non</strong></span> <span class='ocrx_word' id='word_1_269' title='bbox 261 3941 373 4021; x_wconf 89' lang='lat' dir='ltr'><strong>debet,</strong></span> <span class='ocrx_word' id='word_1_270' title='bbox 400 3966 440 4007; x_wconf 92' lang='lat' dir='ltr'><strong>ne</strong></span> <span class='ocrx_word' id='word_1_271' title='bbox 466 3943 624 4031; x_wconf 88' lang='lat' dir='ltr'><strong>stipendia</strong></span> <span class='ocrx_word' id='word_1_272' title='bbox 651 3959 929 4032; x_wconf 77' lang='lat' dir='ltr'><strong>repraesententur.</strong></span> <span class='ocrx_word' id='word_1_273' title='bbox 953 3945 986 4008; x_wconf 87' lang='lat' dir='ltr'><strong>si</strong></span> <span class='ocrx_word' id='word_1_274' title='bbox 1008 3946 1201 4032; x_wconf 85' lang='lat' dir='ltr'><strong>corporibus</strong></span> 
     </span>
     <span class='ocr_line' id='line_1_34' title="bbox 145 4044 1204 4136; baseline 0.005 -30"><span class='ocrx_word' id='word_1_275' title='bbox 145 4068 235 4107; x_wconf 80' lang='lat' dir='ltr'><strong>«non</strong></span> <span class='ocrx_word' id='word_1_276' title='bbox 252 4044 483 4132; x_wconf 85' lang='lat' dir='ltr'><strong>pugnavimus,</strong></span> <span class='ocrx_word' id='word_1_277' title='bbox 495 4044 574 4133; x_wconf 88' lang='lat' dir='ltr'><strong>quid</strong></span> <span class='ocrx_word' id='word_1_278' title='bbox 588 4045 710 4113; x_wconf 81' lang='lat' dir='ltr'><strong>refert?</strong></span> <span class='ocrx_word' id='word_1_279' title='bbox 725 4045 752 4108; x_wconf 94' lang='lat' dir='ltr'><strong>si</strong></span> <span class='ocrx_word' id='word_1_280' title='bbox 769 4044 969 4109; x_wconf 87' lang='lat' dir='ltr'><strong>tantumdem</strong></span> <span class='ocrx_word' id='word_1_281' title='bbox 986 4047 1069 4110; x_wconf 85' lang='lat' dir='ltr'><strong>fama</strong></span> <span class='ocrx_word' id='word_1_282' title='bbox 1084 4048 1204 4136; x_wconf 86' lang='lat' dir='ltr'><strong>scythi·</strong></span> 
     </span>
     <span class='ocr_line' id='line_1_35' title="bbox 147 4146 1203 4236; baseline 0 -26"><span class='ocrx_word' id='word_1_283' title='bbox 147 4169 283 4210; x_wconf 58' lang='lat' dir='ltr'><strong>“corum</strong></span> <span class='ocrx_word' id='word_1_284' title='bbox 303 4169 468 4209; x_wconf 90' lang='lat' dir='ltr'><strong>armorum</strong></span> <span class='ocrx_word' id='word_1_285' title='bbox 488 4147 612 4228; x_wconf 82' lang='lat' dir='ltr'><strong>effecit,</strong></span> <span class='ocrx_word' id='word_1_286' title='bbox 633 4162 792 4234; x_wconf 89' lang='lat' dir='ltr'><strong>quantum</strong></span> <span class='ocrx_word' id='word_1_287' title='bbox 809 4147 862 4210; x_wconf 82' lang='lat' dir='ltr'><strong>vix</strong></span> <span class='ocrx_word' id='word_1_288' title='bbox 882 4146 1019 4210; x_wconf 89' lang='lat' dir='ltr'><strong>aliorum</strong></span> <span class='ocrx_word' id='word_1_289' title='bbox 1036 4169 1124 4210; x_wconf 86' lang='lat' dir='ltr'><strong>arma</strong></span> <span class='ocrx_word' id='word_1_290' title='bbox 1142 4171 1203 4236; x_wconf 91' lang='lat' dir='ltr'><strong>po·</strong></span> 
     </span>
     <span class='ocr_line' id='line_1_36' title="bbox 148 4246 1205 4337; baseline 0.003 -27"><span class='ocrx_word' id='word_1_291' title='bbox 148 4279 159 4302; x_wconf 66' lang='lat' dir='ltr'>a</span> <span class='ocrx_word' id='word_1_292' title='bbox 175 4251 319 4312; x_wconf 87' lang='lat' dir='ltr'><strong>tuissent.</strong></span> <span class='ocrx_word' id='word_1_293' title='bbox 332 4248 406 4311; x_wconf 89' lang='lat' dir='ltr'><strong>Non</strong></span> <span class='ocrx_word' id='word_1_294' title='bbox 420 4263 493 4312; x_wconf 87' lang='lat' dir='ltr'><strong>ante</strong></span> <span class='ocrx_word' id='word_1_295' title='bbox 510 4246 699 4312; x_wconf 81' lang='lat' dir='ltr'><strong>deiecemnt</strong></span> <span class='ocrx_word' id='word_1_296' title='bbox 708 4247 748 4312; x_wconf 84' lang='lat' dir='ltr'><strong>ab</strong></span> <span class='ocrx_word' id='word_1_297' title='bbox 758 4246 920 4312; x_wconf 86' lang='lat' dir='ltr'><strong>Antiocho</strong></span> <span class='ocrx_word' id='word_1_298' title='bbox 935 4246 1095 4330; x_wconf 86' lang='lat' dir='ltr'><strong>civitates,</strong></span> <span class='ocrx_word' id='word_1_299' title='bbox 1106 4259 1205 4337; x_wconf 75' lang='lat' dir='ltr'><strong>quam</strong></span> 
     </span>
    </p>
   </div>
   <div class='ocr_carea' id='block_1_3' title="bbox 183 4439 393 4500">
    <p class='ocr_par' dir='ltr' id='par_1_10' title="bbox 183 4439 393 4500">
     <span class='ocr_line' id='line_1_37' title="bbox 183 4439 393 4500; baseline 0.01 -16"><span class='ocrx_word' id='word_1_300' title='bbox 183 4440 199 4500; x_wconf 73' lang='lat' dir='ltr'><strong>s</strong></span> <span class='ocrx_word' id='word_1_301' title='bbox 213 4441 290 4487; x_wconf 78' lang='lat' dir='ltr'><strong>svn.</strong></span> <span class='ocrx_word' id='word_1_302' title='bbox 303 4439 393 4488; x_wconf 67' lang='lat' dir='ltr'><strong>sustin.</strong></span> 
     </span>
    </p>
   </div>
   <div class='ocr_carea' id='block_1_4' title="bbox 0 0 1333 4980">
    <p class='ocr_par' dir='ltr' id='par_1_11' title="bbox 0 0 1333 4980">
     <span class='ocr_line' id='line_1_38' title="bbox 0 0 1333 4980; baseline 0 0"><span class='ocrx_word' id='word_1_303' title='bbox 0 0 1333 4980; x_wconf 95' lang='lat' dir='ltr'><strong> </strong></span> 
     </span>
    </p>
   </div>
  </div>
 </body>
</html>
