2594 4980
184 705 238 775 IN
264 703 374 775 LOC.
400 707 492 774 LlB.
521 707 584 774 LV
613 703 825 773 LIVIANI.
966 705 1038 806 239

93 848 115 890 n
135 816 273 914 dignuin
296 842 380 906 erat,
402 828 469 915 pati
493 827 669 914 quidlibet,
685 828 782 911 quarn
802 825 917 894 cedere
932 831 1039 896 tribu·

93 925 289 1004 notibusin
304 947 399 990 causa
411 928 654 1010 honestissima,
668 927 861 993 maluerunt.
1123 946 1127 953 ·

93 1028 203 1115 leque
216 1026 333 1090 minon‘
345 1026 496 1117 deinceps
510 1029 625 1094 fiducia
638 1028 848 1093 tribunorum
860 1031 929 1095 aliis
939 1033 1039 1099 actio-

93 1150 337 1217 repugnavere:
357 1151 421 1215 qua
444 1130 476 1190 in
504 1153 537 1193 re
560 1131 683 1195 Nasicae
706 1131 848 1194 consulis
871 1132 1039 1200 nobilitata

93 1252 115 1311 :,
139 1229 280 1318 ingentis
305 1229 403 1292 animi
426 1232 677 1319 constantiaque
696 1231 823 1296 invictae
842 1232 1038 1321 plenissima.

93 1346 153 1395 ttos
174 1331 208 1393 in
235 1330 427 1395 concinnem
449 1332 599 1395 consules
621 1335 656 1396 C.
678 1332 840 1396 Curiatius
860 1331 975 1421 rafim
993 1335 1042 1399 ad

93 1454 111 1494 n
126 1430 279 1511 jubebat,
297 1445 333 1494 ut
349 1431 495 1495 aduersus
517 1433 750 1497 invalescentem
766 1456 905 1498 annonoe
925 1439 1041 1500 carita·

93 1536 203 1596 maenti
220 1532 344 1595 emendi
361 1555 459 1595 causa
478 1533 576 1619 legati
591 1533 835 1599 decernerentur.
856 1535 906 1598 lbi
922 1536 1039 1603 Nasica

105 1634 268 1723 populum
287 1656 396 1709 orsus,
420 1657 534 1722 pamm
558 1635 725 1723 probabile
747 1635 827 1700 illud
850 1637 1037 1704 institutum

93 1756 168 1798 num
179 1734 449 1821 interpellaretur,
462 1736 598 1799 maxima
609 1734 741 1817 fiducia,
749 1738 900 1820 (Pacete,
912 1739 1036 1828 inquit,

93 1851 161 1899 tes:
183 1857 257 1898 nam
281 1857 362 1924 ego,
385 1834 465 1922 quid
488 1835 649 1901 conducat
670 1837 870 1924 reipublicae,
896 1841 1036 1925 ιεοῑίιιε,

100 1957 180 2017 ros,
200 1936 383 2024 intelligo.»
404 1936 462 2000 His
479 1935 613 2018 auditis,
632 1945 786 2024 tanquani
806 1940 895 2002 venti
910 1942 1038 2030 posuis·

93 2038 281 2103 uocitatum
305 2036 393 2102 istud
414 2039 526 2127 populi
547 2061 697 2102 murmur
719 2040 893 2122 conticuit,
915 2065 1038 2109 cousu-

93 2141 190 2204 tratio
208 2162 275 2203 non
293 2137 394 2202 modo
404 2162 480 2203 cum
494 2139 640 2222 silentio,
655 2138 820 2204 sedetiam
834 2163 910 2205 cum
923 2165 1039 2233 appro-

93 2267 99 2304 r
111 2239 224 2304 audita
238 2255 295 2304 est.
313 2241 350 2303 ln
366 2239 429 2303 hoc
441 2240 613 2304 consulatu
624 2241 800 2328 Serapionis
812 2241 841 2303 ei
854 2259 1036 2332 cognomen

93 2341 182 2406 lente
195 2341 340 2404 Curiatio
357 2340 563 2428 impositum,
579 2340 730 2429 deinceps
744 2341 845 2405 haesit.
859 2344 937 2406 Erat
948 2345 1035 2409 enim

93 2442 135 2506 »ui
153 2441 282 2506 cuidam
299 2442 454 2505 vilissimo
471 2442 748 2529 homini,quippe
763 2444 872 2508 suario
891 2447 1036 2534 negotia·

93 2543 158 2608 ultu
178 2543 378 2621 simillimus,
399 2564 502 2629 quum
524 2566 642 2633 genere
662 2543 899 2628 nobilissimos,
914 2546 1035 2613 virtute

93 2669 126 2726 s,
146 2644 303 2733 dignitate
319 2644 511 2708 clarissimos
527 2660 677 2733 aequaret.

93 2748 160 2812 lon
177 2747 325 2809 omittam
341 2745 461 2809 referre
475 2744 634 2825 judicium
650 2743 761 2824 cedis,
778 2744 868 2832 quod
885 2745 937 2808 his
953 2761 1035 2811 tem·

93 2870 100 2911 t
126 2863 236 2910 actum
261 2862 326 2926 est3
349 2868 451 2932 quum
479 2845 559 2907 tanti
586 2844 650 2908 hoc
675 2860 805 2908 senatus
829 2846 974 2928 fecisset,
997 2863 1034 2913 ut

93 2948 155 3012 bus
176 2946 396 3010 mandandum
422 2945 628 3009 existimaret.
650 2947 690 3008 ln
713 2945 842 3009 Scantia
864 2946 942 3010 silva
964 2948 1034 3011 noti

93 3075 98 3112 ι
119 3048 269 3112 homines
290 3047 450 3110 interfecti
473 3045 626 3110 fuerant:
650 3046 963 3135 insimulabaturque
985 3050 1033 3112 la·

93 3148 219 3236 guidam
236 3150 331 3213 etiarn
348 3150 460 3229 liberi,
484 3147 645 3211 societatis
664 3148 755 3228 ejus,
776 3171 848 3235 quae
868 3151 1033 3237 perum

93 3251 213 3317 toribus
230 3251 385 3338 proximis
401 3197 592 3314 redemerat.
609 3250 728 3313 Contra
745 3250 806 3314 hos
823 3274 927 3337 quum
941 3275 1035 3319 accue

102 3352 206 3416 auditi
224 3367 349 3431 essent,
369 3349 488 3415 deinde
514 3352 550 3414 C.
570 3351 685 3416 Laelius
704 3373 766 3438 pro
781 3351 961 3438 publicanis
978 3376 1034 3419 ac·

93 3454 243 3535 dixisset,
269 3454 418 3540 ampliata
438 3475 456 3514 a
479 3453 670 3516 consulibus
691 3475 741 3515 res
761 3468 825 3532 est3
846 3437 1032 3542 paucosque

93 3578 140 3634 es,
156 3578 259 3643 quum
276 3552 363 3617 idern
382 3553 514 3617 dixisset
527 3554 623 3616 etiam
641 3553 756 3617 melius
772 3554 1031 3643 elegantiusque,

93 3657 290 3747 ampliatum.
307 3655 356 3718 lbi
375 3653 612 3718 deducentibus
631 3676 706 3716 eum
723 3654 1034 3735 sociis,orantibus·

93 3782 102 3823 r
117 3757 363 3847 defatigaretur,
382 3759 419 3820 C.
430 3756 562 3835 Laelius,
577 3771 616 3819 ut
628 3769 697 3818 erat
709 3754 833 3817 eximiae
847 3756 1033 3842 probitatis,

97 3857 210 3939 fertur,
227 3858 287 3920 sibi
296 3860 329 3920 in
345 3845 442 3921 ceusu
459 3857 585 3921 illorum
598 3879 695 3944 neque
708 3854 905 3940 delegentebus
911 3904 921 3936 ,
934 3879 1034 3946 neque

93 3957 215 4050 lesut'sse
235 3983 247 4022 :
271 3975 419 4023 coeterunt
439 3962 638 4036 existimare,
657 3980 787 4021 causam
809 3957 899 4021 illurn
919 3980 942 4020 a
963 3957 1031 4022 Ser.

113 4061 244 4150 quodie
266 4064 371 4124 acrior
391 4065 425 4123 in
448 4059 580 4122 dicendo
590 4055 776 4146 fortiterque
795 4072 884 4137 esset,
904 4054 1037 4144 defendi

93 4184 181 4226 mese.
192 4161 261 4240 Sic,
275 4178 407 4225 auctore
424 4160 536 4242 Laelio,
552 4181 657 4223 causae
670 4159 887 4247 patrocinium
902 4155 943 4220 ad
957 4157 1032 4223 Gal-

93 4262 217 4326 latum:
237 4277 335 4348 atque
358 4262 385 4324 is
409 4277 497 4325 tanta
520 4261 551 4324 vi
571 4275 725 4348 tantaque
742 4258 895 4346 gravitate
917 4257 1034 4324 dixisse

93 4434 137 4501 tit
150 4442 910 4510 ata»ut,7‚·s1x,14.-run.v11.12.·txxt‚t.
