2594 4980
233 719 289 787 IN
321 718 433 787 LOC.
459 719 552 789 LIB.
580 717 700 786 XLVI
730 716 940 787 LlVIANI.
1097 717 1119 789 3
1164 778 1169 785 .

60 839 207 927 adquam
226 837 432 922 mittebatur,
445 861 552 927 neque
565 840 657 904 famae
673 839 760 921 ejus,
775 861 848 926 quas
863 839 1028 922 mittebat,
1045 842 1121 907 satis

60 941 229 1007 convenire
245 940 314 1005 visa
325 955 383 1005 est
394 940 459 1005 Pro
472 941 650 1022 Haliartiis,
664 962 807 1028 quorum
820 940 936 1005 urbem
948 943 984 1007 C.
1000 941 1120 1009 Lucre·

61 1045 115 1108 tius
132 1059 258 1130 praetor
273 1041 360 1109 bello
378 1041 487 1106 Persei
502 1040 677 1122 deleverat,
696 1039 918 1128 nequidquam
938 1040 1139 1131 deprecata,

60 1145 183 1232 prolatis
202 1144 274 1209 aliis
295 1143 455 1211 mandatis
477 1158 610 1232 repente
631 1143 728 1207 vertit
751 1165 953 1225 sermonem,
975 1160 1008 1211 et
1028 1168 1122 1234 agros

61 1249 271 1327 miserorum,
287 1268 354 1335 quo
376 1245 526 1334 precibus
542 1245 608 1311 suis
623 1244 736 1324 jurare
758 1243 982 1327 instituerant,
1000 1247 1123 1335 populo

60 1349 235 1415 atheniensi
253 1349 448 1438 petiverunt.
471 1347 599 1413 Minore
621 1343 843 1434 indignatione
865 1360 1035 1434 acceptum
1055 1362 1123 1430 est,

62 1450 144 1538 quod
162 1451 272 1517 Delon
292 1465 326 1515 et
345 1452 508 1515 Lemnum
530 1447 651 1513 insulas
676 1447 803 1515 restitui
822 1446 884 1513 sibi
901 1448 1122 1536 postulavere5

63 1573 130 1617 urm
143 1574 197 1617 eas
211 1568 245 1616 et
261 1550 340 1617 olim
354 1550 566 1617 obtinuerant
578 1571 586 1618 t
598 1549 709 1636 itaque
720 1563 799 1615 tunc
813 1571 948 1638 quoque
964 1548 1057 1615 reddi
1070 1572 1122 1616 se-

63 1669 150 1717 natus
161 1653 270 1732 jussit.

99 1755 155 1819 Ν.
165 1753 235 1818 Sub
245 1754 333 1819 idern
340 1751 881 1842 tempusTheaetettu,Rhodiorum
893 1754 1123 1843 legatus,apud

63 1856 166 1921 Patres
175 1855 276 1920 verba
288 1854 330 1919 de
344 1856 496 1921 societas
507 1853 585 1919 lecit
597 1878 606 1921 s
618 1853 676 1919 sod
687 1876 790 1942 quum
804 1857 901 1921 resin
914 1858 1004 1923 curia
1019 1859 1125 1925 trahe·

63 1973 157 2037 retur,
174 1956 229 2021 ille
247 1977 385 2023 moerore
401 1971 433 2019 et
450 1955 544 2021 annis
557 1977 731 2044 oppressus
746 1954 832 2043 (erat
847 1957 934 2021 enirn
949 1974 1125 2048 octogena·

63 2057 106 2120 rio
124 2057 258 2144 major),
276 2054 364 2123 diem
380 2079 478 2125 suum
496 2056 587 2122 obiit.
606 2057 828 2144 Supervenere
847 2057 965 2125 deinde
984 2062 1126 2129 Caunio-

64 2183 129 2225 mm
144 2176 178 2225 et
190 2159 482 2225 Stratonicensium
494 2159 635 2240 exsules,
652 2159 798 2248 urbesque
815 2182 888 2225 suos
901 2176 1013 2227 contra
1029 2187 1126 2253 quam

62 2265 179 2328 unasrsi
181 2261 364 2351 placuisset,
374 2262 568 2327 liltodsbrum
576 2261 733 2349 praesidiis
744 2264 849 2343 teneri,
860 2264 984 2351 questi,
1002 2288 1125 2331 norum

62 2363 271 2452 impetravere
288 2364 622 2443 senatusconsultum,
638 2385 706 2451 quo
725 2363 862 2429 urbibus
879 2365 948 2430 istis
971 2368 1126 2434 excedere

64 2465 177 2531 Rhodii
187 2465 398 2547 jubebantur.
409 2466 510 2529 Erant
518 2463 626 2528 adhuc
638 2464 673 2531 in
684 2463 772 2529 Urbe
778 2463 981 2553 Philophron
990 2484 1022 2532 et
1032 2471 1126 2558 Asty-

63 2567 167 2632 medes
184 2591 193 2631 :
208 2590 292 2655 quos
314 2589 417 2655 quum
434 2567 569 2655 cepisset
585 2581 709 2645 metus,
728 2587 770 2630 ne
798 2565 935 2633 civitatis
957 2590 1023 2632 suae
1044 2592 1126 2634 con·

63 2669 196 2733 tumacia
220 2670 445 2733 Romanorum
473 2667 554 2733 iram
585 2682 768 2755 repeteret,
793 2667 962 2734 validiores
990 2670 1125 2758 parendi

62 2784 208 2833 auctores
223 2768 343 2852 bituri,
354 2769 382 2835 si
396 2767 529 2835 coetibus
540 2768 678 2855 publicis
695 2768 904 2852 interessent,
919 2773 1078 2838 continuo
1090 2775 1125 2839 in

62 2871 194 2957 patriam
209 2887 287 2935 sunt
297 2869 443 2958 profecti.
454 2869 558 2935 Movit
571 2869 811 2955 repraesentatio
827 2869 1021 2937 discriminis
1034 2876 1125 2940 Rho·

62 2971 128 3037 dios
140 2988 279 3055 ,utnon
294 2971 394 3038 modo
410 2971 518 3037 statim
529 2968 719 3035 deducenda
728 2986 878 3035 curarent
894 2975 1057 3060 praesidia,
1069 2980 1127 3044 sed

63 3077 153 3139 etiam
164 3074 357 3163 legan‘onem
367 3073 579 3138 decernerent
588 3072 724 3135 Romam
734 3118 743 3150 ,
755 3092 827 3157 quae
836 3070 1040 3148 dissocietate
1050 3101 1128 3144 con-

61 3172 224 3264 jungenda
241 3174 332 3239 omni
348 3197 410 3261 ope
426 3171 646 3239 contenderet.
666 3171 856 3237 Aristoteles
872 3175 1041 3264 legationis
1057 3183 1126 3262 ejus

65 3293 155 3363 caput
168 3292 261 3340 erat:
279 3276 307 3339 is
321 3297 424 3363 quum
442 3273 548 3338 adulta
561 3273 626 3351 jam
645 3288 752 3337 estate
768 3273 803 3339 in
821 3276 943 3342 Urbem
961 3287 1128 3369 pervenis.

65 3394 122 3451 set,
129 3377 326 3465 obsequium
336 3374 540 3440 Rhodiorum
552 3391 585 3438 et
595 3391 778 3461 proruptam
790 3376 832 3440 ad
841 3381 1126 3465 parendum-etiam

65 3477 150 3542 duris
173 3479 319 3567 imperiis
341 3478 541 3541 voluntatem
567 3475 739 3562 exposuit:
764 3473 883 3543 deinde
909 3479 950 3544 de
975 3486 1128 3552 societate

67 3580 201 3645 ineunda
220 3580 322 3642 multa
344 3578 442 3643 rerba
463 3577 557 3657 fecit,
578 3576 667 3641 vario
691 3598 841 3642 sermone
864 3603 942 3644 usus
964 3583 1006 3647 ad
1023 3609 1127 3674 espu-

67 3681 206 3769 gnandos
221 3682 379 3744 iratorum
392 3681 528 3743 animos.
544 3680 588 3743 At
602 3678 710 3741 Patres
726 3676 766 3741 ad
784 3694 964 3744 extremum
980 3686 1128 3751 amicitiae

68 3800 208 3846 neutram
229 3783 262 3845 in
290 3797 415 3869 partem
437 3779 519 3842 facta
535 3778 717 3858 mentione,
739 3779 998 3864 responderunt:
1018 3802 1055 3849 ut
1076 3811 1128 3850 so·

69 3885 153 3945 cretos
170 3886 205 3945 in
218 3881 391 3969 presentia
410 3879 540 3944 lllrodir's
559 3878 696 3957 daretur,
717 3902 761 3941 ex
780 3879 936 3963 dignum
944 3887 1060 3974 populi
1074 3911 1127 3952 ro.

70 3988 150 4047 marri
171 4007 235 4046 nors
257 3982 372 4046 auderi.
626 3992 629 3997 '

107 4086 143 4147 V.
160 4085 271 4149 Ludos
285 4084 407 4146 interea
419 4083 614 4172 megalenses
628 4082 672 4145 M.
686 4082 834 4162 Fulvius,
847 4084 901 4148 Μ’.
916 4087 1036 4151 Acilius
1055 4088 1129 4153 Gla-

73 4182 134 4248 brio
150 4186 259 4251 aediles
282 4185 410 4249 curules
428 4184 610 4249 ediderunt.
631 4183 845 4265 Consulibus,
872 4186 961 4248 nullo
989 4209 1127 4275 usquam

101 4392 116 4456 ς
128 4396 171 4441 111.
185 4393 239 4442 Pol.
251 4394 365 4458 &eupr-
375 4396 456 4458 legat.
467 4394 508 4454 98.
519 4419 554 4430 -
563 4391 627 4441 Vcll.
639 4394 663 4449 1,
675 4399 699 4446 t.
712 4418 747 4427 -
760 4389 776 4455 S
789 4392 834 4439 tv.
848 4390 902 4439 l’ol.
916 4393 1033 4458 llxcerpr⁸
1044 4397 1129 4463 legar.
1191 4432 1194 4437 .

77 4487 104 4535 99
115 4489 137 4524 st
149 4493 206 4525 roo.

918 4593 951 4635 1.
