<?xml version="1.0" encoding="UTF-8"?>
<!DOCTYPE html PUBLIC "-//W3C//DTD XHTML 1.0 Transitional//EN"
    "http://www.w3.org/TR/xhtml1/DTD/xhtml1-transitional.dtd">
<html xmlns="http://www.w3.org/1999/xhtml" xml:lang="en" lang="en">
 <head>
  <title>
</title>
<meta http-equiv="Content-Type" content="text/html;charset=utf-8" />
  <meta name='ocr-system' content='tesseract 3.04.00' />
  <meta name='ocr-capabilities' content='ocr_page ocr_carea ocr_par ocr_line ocrx_word'/>
</head>
<body>
  <div class='ocr_page' id='page_1' title='image "./titusliviuspata00freigoog_0410.png"; bbox 0 0 2594 4980; ppageno 0'>
   <div class='ocr_carea' id='block_1_1' title="bbox 354 734 1237 822">
    <p class='ocr_par' dir='ltr' id='par_1_1' title="bbox 354 734 1237 822">
     <span class='ocr_line' id='line_1_1' title="bbox 354 734 1237 822; baseline 0.008 -21"><span class='ocrx_word' id='word_1_1' title='bbox 354 734 405 802; x_wconf 88' lang='lat' dir='ltr'><strong>IN</strong></span> <span class='ocrx_word' id='word_1_2' title='bbox 434 734 550 803; x_wconf 89' lang='lat' dir='ltr'><strong>LOC.</strong></span> <span class='ocrx_word' id='word_1_3' title='bbox 577 736 672 804; x_wconf 87' lang='lat' dir='ltr'><strong>LIB.</strong></span> <span class='ocrx_word' id='word_1_4' title='bbox 699 736 809 806; x_wconf 88' lang='lat' dir='ltr'>LXII</span> <span class='ocrx_word' id='word_1_5' title='bbox 838 739 1055 807; x_wconf 82' lang='lat' dir='ltr'><strong>LIVIANI.</strong></span> <span class='ocrx_word' id='word_1_6' title='bbox 1171 742 1237 822; x_wconf 67' lang='lat' dir='ltr'><strong>[rar</strong></span> 
     </span>
    </p>
   </div>
   <div class='ocr_carea' id='block_1_2' title="bbox 169 853 1241 1253">
    <p class='ocr_par' dir='ltr' id='par_1_2' title="bbox 169 853 1241 1149">
     <span class='ocr_line' id='line_1_2' title="bbox 170 853 1241 941; baseline 0.011 -26"><span class='ocrx_word' id='word_1_7' title='bbox 170 853 308 932; x_wconf 83' lang='lat' dir='ltr'><strong>fuerim,</strong></span> <span class='ocrx_word' id='word_1_8' title='bbox 324 875 392 917; x_wconf 92' lang='lat' dir='ltr'><strong>non</strong></span> <span class='ocrx_word' id='word_1_9' title='bbox 412 854 519 918; x_wconf 88' lang='lat' dir='ltr'><strong>solum</strong></span> <span class='ocrx_word' id='word_1_10' title='bbox 539 878 640 920; x_wconf 85' lang='lat' dir='ltr'><strong>nexus</strong></span> <span class='ocrx_word' id='word_1_11' title='bbox 663 876 859 941; x_wconf 84' lang='lat' dir='ltr'><strong>eventuum,</strong></span> <span class='ocrx_word' id='word_1_12' title='bbox 873 857 931 923; x_wconf 88' lang='lat' dir='ltr'><strong>sed</strong></span> <span class='ocrx_word' id='word_1_13' title='bbox 955 858 1053 927; x_wconf 86' lang='lat' dir='ltr'><strong>etiarn</strong></span> <span class='ocrx_word' id='word_1_14' title='bbox 1070 880 1241 929; x_wconf 75' lang='lat' dir='ltr'><strong>causatum</strong></span> 
     </span>
     <span class='ocr_line' id='line_1_3' title="bbox 169 954 1241 1050; baseline 0.007 -32"><span class='ocrx_word' id='word_1_15' title='bbox 169 955 283 1034; x_wconf 86' lang='lat' dir='ltr'><strong>series,</strong></span> <span class='ocrx_word' id='word_1_16' title='bbox 300 954 421 1042; x_wconf 91' lang='lat' dir='ltr'><strong>quibus</strong></span> <span class='ocrx_word' id='word_1_17' title='bbox 439 958 614 1022; x_wconf 87' lang='lat' dir='ltr'><strong>excitatum</strong></span> <span class='ocrx_word' id='word_1_18' title='bbox 632 959 846 1048; x_wconf 79' lang='lat' dir='ltr'><strong>adjutumque</strong></span> <span class='ocrx_word' id='word_1_19' title='bbox 861 960 926 1024; x_wconf 87' lang='lat' dir='ltr'><strong>hoo</strong></span> <span class='ocrx_word' id='word_1_20' title='bbox 943 959 1117 1048; x_wconf 88' lang='lat' dir='ltr'><strong>imperium</strong></span> <span class='ocrx_word' id='word_1_21' title='bbox 1133 960 1241 1050; x_wconf 76' lang='lat' dir='ltr'><strong>plera·</strong></span> 
     </span>
     <span class='ocr_line' id='line_1_4' title="bbox 169 1056 805 1149; baseline 0.014 -31"><span class='ocrx_word' id='word_1_22' title='bbox 169 1078 233 1142; x_wconf 87' lang='lat' dir='ltr'><strong>que</strong></span> <span class='ocrx_word' id='word_1_23' title='bbox 249 1056 310 1121; x_wconf 86' lang='lat' dir='ltr'><strong>alia</strong></span> <span class='ocrx_word' id='word_1_24' title='bbox 327 1056 515 1141; x_wconf 89' lang='lat' dir='ltr'><strong>absorbuit,</strong></span> <span class='ocrx_word' id='word_1_25' title='bbox 531 1059 805 1149; x_wconf 82' lang='lat' dir='ltr'><strong>deprehendatur.</strong></span> 
     </span>
    </p>

    <p class='ocr_par' dir='ltr' id='par_1_3' title="bbox 213 1158 1240 1253">
     <span class='ocr_line' id='line_1_5' title="bbox 213 1158 1240 1253; baseline 0.002 -28"><span class='ocrx_word' id='word_1_26' title='bbox 213 1158 297 1225; x_wconf 77' lang='grc' dir='ltr'><strong>ΧΠ.</strong></span> <span class='ocrx_word' id='word_1_27' title='bbox 320 1159 425 1247; x_wconf 83' lang='lat' dir='ltr'><strong>Igitur</strong></span> <span class='ocrx_word' id='word_1_28' title='bbox 438 1160 493 1225; x_wconf 88' lang='lat' dir='ltr'><strong>tali</strong></span> <span class='ocrx_word' id='word_1_29' title='bbox 505 1162 822 1252; x_wconf 87' lang='lat' dir='ltr'><strong>syriaci-ponticique</strong></span> <span class='ocrx_word' id='word_1_30' title='bbox 840 1185 1016 1253; x_wconf 87' lang='lat' dir='ltr'><strong>regnorum</strong></span> <span class='ocrx_word' id='word_1_31' title='bbox 1036 1180 1139 1246; x_wconf 89' lang='lat' dir='ltr'><strong>statu,</strong></span> <span class='ocrx_word' id='word_1_32' title='bbox 1155 1164 1240 1253; x_wconf 88' lang='lat' dir='ltr'><strong>Cap·</strong></span> 
     </span>
    </p>
   </div>
   <div class='ocr_carea' id='block_1_3' title="bbox 166 1258 1263 4305">
    <p class='ocr_par' dir='ltr' id='par_1_4' title="bbox 166 1258 1246 2375">
     <span class='ocr_line' id='line_1_6' title="bbox 168 1258 1240 1357; baseline 0.01 -33"><span class='ocrx_word' id='word_1_33' title='bbox 168 1261 335 1349; x_wconf 85' lang='lat' dir='ltr'><strong>padociam</strong></span> <span class='ocrx_word' id='word_1_34' title='bbox 349 1264 543 1346; x_wconf 76' lang='lat' dir='ltr'><strong>Ariarathes,</strong></span> <span class='ocrx_word' id='word_1_35' title='bbox 552 1266 735 1354; x_wconf 85' lang='lat' dir='ltr'><strong>Bithyniam</strong></span> <span class='ocrx_word' id='word_1_36' title='bbox 745 1265 940 1332; x_wconf 86' lang='lat' dir='ltr'><strong>Nicomedes</strong></span> <span class='ocrx_word' id='word_1_37' title='bbox 952 1267 1130 1351; x_wconf 75' lang='lat' dir='ltr'><strong>obtinebat,</strong></span> <span class='ocrx_word' id='word_1_38' title='bbox 1137 1258 1240 1357; x_wconf 81' lang='lat' dir='ltr'><strong>quieti</strong></span> 
     </span>
     <span class='ocr_line' id='line_1_7' title="bbox 168 1368 1238 1459; baseline 0.006 -32"><span class='ocrx_word' id='word_1_39' title='bbox 168 1389 207 1427; x_wconf 85' lang='lat' dir='ltr'><strong>co</strong></span> <span class='ocrx_word' id='word_1_40' title='bbox 221 1381 377 1453; x_wconf 89' lang='lat' dir='ltr'><strong>tempore,</strong></span> <span class='ocrx_word' id='word_1_41' title='bbox 388 1383 444 1431; x_wconf 91' lang='lat' dir='ltr'><strong>aut</strong></span> <span class='ocrx_word' id='word_1_42' title='bbox 457 1368 548 1452; x_wconf 86' lang='lat' dir='ltr'><strong>nullo</strong></span> <span class='ocrx_word' id='word_1_43' title='bbox 559 1369 678 1459; x_wconf 80' lang='lat' dir='ltr'><strong>insigni</strong></span> <span class='ocrx_word' id='word_1_44' title='bbox 689 1369 886 1435; x_wconf 87' lang='lat' dir='ltr'><strong>adnostram</strong></span> <span class='ocrx_word' id='word_1_45' title='bbox 899 1370 1122 1459; x_wconf 80' lang='lat' dir='ltr'><strong>cognitionem</strong></span> <span class='ocrx_word' id='word_1_46' title='bbox 1132 1384 1238 1435; x_wconf 87' lang='lat' dir='ltr'><strong>motu.</strong></span> 
     </span>
     <span class='ocr_line' id='line_1_8' title="bbox 168 1466 1240 1560; baseline 0.013 -33"><span class='ocrx_word' id='word_1_47' title='bbox 168 1466 364 1531; x_wconf 86' lang='lat' dir='ltr'><strong>Parthorum</strong></span> <span class='ocrx_word' id='word_1_48' title='bbox 379 1490 475 1555; x_wconf 89' lang='lat' dir='ltr'><strong>opes,</strong></span> <span class='ocrx_word' id='word_1_49' title='bbox 493 1470 640 1535; x_wconf 82' lang='lat' dir='ltr'><strong>maximis</strong></span> <span class='ocrx_word' id='word_1_50' title='bbox 655 1469 775 1535; x_wconf 86' lang='lat' dir='ltr'><strong>deinde</strong></span> <span class='ocrx_word' id='word_1_51' title='bbox 789 1471 881 1536; x_wconf 88' lang='lat' dir='ltr'><strong>bellis</strong></span> <span class='ocrx_word' id='word_1_52' title='bbox 898 1472 1052 1560; x_wconf 69' lang='lat' dir='ltr'><strong>cognitae,</strong></span> <span class='ocrx_word' id='word_1_53' title='bbox 1067 1471 1150 1536; x_wconf 93' lang='lat' dir='ltr'><strong>nihil</strong></span> <span class='ocrx_word' id='word_1_54' title='bbox 1166 1486 1240 1541; x_wconf 86' lang='lat' dir='ltr'><strong>tum</strong></span> 
     </span>
     <span class='ocr_line' id='line_1_9' title="bbox 166 1565 1240 1661; baseline 0.009 -31"><span class='ocrx_word' id='word_1_55' title='bbox 166 1565 206 1630; x_wconf 88' lang='lat' dir='ltr'><strong>ad</strong></span> <span class='ocrx_word' id='word_1_56' title='bbox 223 1590 397 1633; x_wconf 89' lang='lat' dir='ltr'><strong>romanum</strong></span> <span class='ocrx_word' id='word_1_57' title='bbox 413 1571 576 1657; x_wconf 87' lang='lat' dir='ltr'><strong>pertinere</strong></span> <span class='ocrx_word' id='word_1_58' title='bbox 594 1574 804 1660; x_wconf 89' lang='lat' dir='ltr'><strong>putabantur.</strong></span> <span class='ocrx_word' id='word_1_59' title='bbox 821 1575 860 1637; x_wconf 89' lang='lat' dir='ltr'><strong>ln</strong></span> <span class='ocrx_word' id='word_1_60' title='bbox 877 1574 990 1637; x_wconf 87' lang='lat' dir='ltr'><strong>Africa·</strong></span> <span class='ocrx_word' id='word_1_61' title='bbox 1004 1588 1154 1661; x_wconf 80' lang='lat' dir='ltr'><strong>suspecta</strong></span> <span class='ocrx_word' id='word_1_62' title='bbox 1171 1596 1240 1639; x_wconf 80' lang='lat' dir='ltr'><strong>ma·</strong></span> 
     </span>
     <span class='ocr_line' id='line_1_10' title="bbox 168 1671 1241 1762; baseline 0.012 -30"><span class='ocrx_word' id='word_1_63' title='bbox 168 1671 216 1758; x_wconf 89' lang='lat' dir='ltr'><strong>gis</strong></span> <span class='ocrx_word' id='word_1_64' title='bbox 232 1671 318 1736; x_wconf 86' lang='lat' dir='ltr'><strong>inter</strong></span> <span class='ocrx_word' id='word_1_65' title='bbox 334 1695 425 1761; x_wconf 86' lang='lat' dir='ltr'><strong>reges</strong></span> <span class='ocrx_word' id='word_1_66' title='bbox 441 1675 565 1751; x_wconf 87' lang='lat' dir='ltr'><strong>omnia,</strong></span> <span class='ocrx_word' id='word_1_67' title='bbox 584 1698 684 1762; x_wconf 89' lang='lat' dir='ltr'><strong>quam</strong></span> <span class='ocrx_word' id='word_1_68' title='bbox 698 1692 787 1741; x_wconf 89' lang='lat' dir='ltr'><strong>mota</strong></span> <span class='ocrx_word' id='word_1_69' title='bbox 804 1692 914 1757; x_wconf 88' lang='lat' dir='ltr'><strong>erant,</strong></span> <span class='ocrx_word' id='word_1_70' title='bbox 931 1676 1082 1743; x_wconf 90' lang='lat' dir='ltr'><strong>nondum</strong></span> <span class='ocrx_word' id='word_1_71' title='bbox 1099 1675 1241 1745; x_wconf 74' lang='lat' dir='ltr'><strong>audente</strong></span> 
     </span>
     <span class='ocr_line' id='line_1_11' title="bbox 168 1773 1240 1861; baseline 0.01 -27"><span class='ocrx_word' id='word_1_72' title='bbox 168 1773 327 1861; x_wconf 86' lang='lat' dir='ltr'><strong>Iugurtha</strong></span> <span class='ocrx_word' id='word_1_73' title='bbox 356 1791 487 1844; x_wconf 84' lang='lat' dir='ltr'><strong>senatus</strong></span> <span class='ocrx_word' id='word_1_74' title='bbox 515 1778 708 1842; x_wconf 85' lang='lat' dir='ltr'><strong>auctoritate</strong></span> <span class='ocrx_word' id='word_1_75' title='bbox 739 1800 852 1842; x_wconf 86' lang='lat' dir='ltr'><strong>recens</strong></span> <span class='ocrx_word' id='word_1_76' title='bbox 882 1778 1072 1847; x_wconf 87' lang='lat' dir='ltr'><strong>restitutum</strong></span> <span class='ocrx_word' id='word_1_77' title='bbox 1107 1779 1240 1845; x_wconf 81' lang='lat' dir='ltr'><strong>fratrem</strong></span> 
     </span>
     <span class='ocr_line' id='line_1_12' title="bbox 169 1877 1241 1969; baseline 0.004 -32"><span class='ocrx_word' id='word_1_78' title='bbox 169 1891 279 1962; x_wconf 85' lang='lat' dir='ltr'><strong>aperta</strong></span> <span class='ocrx_word' id='word_1_79' title='bbox 303 1878 335 1939; x_wconf 86' lang='lat' dir='ltr'><strong>vi</strong></span> <span class='ocrx_word' id='word_1_80' title='bbox 360 1877 525 1942; x_wconf 80' lang='lat' dir='ltr'><strong>lacessere.</strong></span> <span class='ocrx_word' id='word_1_81' title='bbox 557 1878 621 1943; x_wconf 90' lang='lat' dir='ltr'><strong>Sed</strong></span> <span class='ocrx_word' id='word_1_82' title='bbox 644 1878 825 1969; x_wconf 84' lang='lat' dir='ltr'><strong>AEgyptum</strong></span> <span class='ocrx_word' id='word_1_83' title='bbox 851 1901 940 1943; x_wconf 86' lang='lat' dir='ltr'><strong>mors</strong></span> <span class='ocrx_word' id='word_1_84' title='bbox 971 1877 1158 1960; x_wconf 78' lang='lat' dir='ltr'><strong>Ptolemaei,</strong></span> <span class='ocrx_word' id='word_1_85' title='bbox 1178 1877 1241 1967; x_wconf 88' lang='lat' dir='ltr'><strong>qui</strong></span> 
     </span>
     <span class='ocr_line' id='line_1_13' title="bbox 170 1977 1242 2069; baseline 0.007 -29"><span class='ocrx_word' id='word_1_86' title='bbox 170 1978 314 2063; x_wconf 76' lang='lat' dir='ltr'><strong>Physcon</strong></span> <span class='ocrx_word' id='word_1_87' title='bbox 336 1978 514 2068; x_wconf 87' lang='lat' dir='ltr'><strong>appellatus</strong></span> <span class='ocrx_word' id='word_1_88' title='bbox 534 1995 600 2060; x_wconf 87' lang='lat' dir='ltr'><strong>est,</strong></span> <span class='ocrx_word' id='word_1_89' title='bbox 622 1982 715 2046; x_wconf 85' lang='lat' dir='ltr'><strong>novis</strong></span> <span class='ocrx_word' id='word_1_90' title='bbox 738 1981 934 2046; x_wconf 76' lang='lat' dir='ltr'><strong>tumultibus</strong></span> <span class='ocrx_word' id='word_1_91' title='bbox 959 1995 1147 2069; x_wconf 88' lang='lat' dir='ltr'><strong>aperuerat,</strong></span> <span class='ocrx_word' id='word_1_92' title='bbox 1168 1977 1242 2047; x_wconf 86' lang='lat' dir='ltr'><strong>liliis</strong></span> 
     </span>
     <span class='ocr_line' id='line_1_14' title="bbox 170 2080 1244 2179; baseline 0.006 -36"><span class='ocrx_word' id='word_1_93' title='bbox 170 2080 300 2144; x_wconf 89' lang='lat' dir='ltr'><strong>duobus</strong></span> <span class='ocrx_word' id='word_1_94' title='bbox 317 2104 356 2145; x_wconf 84' lang='lat' dir='ltr'><strong>ex</strong></span> <span class='ocrx_word' id='word_1_95' title='bbox 375 2084 545 2171; x_wconf 87' lang='lat' dir='ltr'><strong>Cleopatra</strong></span> <span class='ocrx_word' id='word_1_96' title='bbox 557 2083 694 2167; x_wconf 88' lang='lat' dir='ltr'><strong>relictis,</strong></span> <span class='ocrx_word' id='word_1_97' title='bbox 706 2107 850 2171; x_wconf 88' lang='lat' dir='ltr'><strong>quorum</strong></span> <span class='ocrx_word' id='word_1_98' title='bbox 863 2099 1003 2171; x_wconf 80' lang='lat' dir='ltr'><strong>uterque</strong></span> <span class='ocrx_word' id='word_1_99' title='bbox 1019 2104 1112 2179; x_wconf 83' lang='lat' dir='ltr'><strong>more</strong></span> <span class='ocrx_word' id='word_1_100' title='bbox 1129 2080 1244 2170; x_wconf 77' lang='lat' dir='ltr'><strong>gentili</strong></span> 
     </span>
     <span class='ocr_line' id='line_1_15' title="bbox 171 2181 1246 2274; baseline 0.002 -29"><span class='ocrx_word' id='word_1_101' title='bbox 171 2183 362 2247; x_wconf 87' lang='lat' dir='ltr'><strong>Ptolemaeus</strong></span> <span class='ocrx_word' id='word_1_102' title='bbox 370 2207 473 2271; x_wconf 90' lang='lat' dir='ltr'><strong>quum</strong></span> <span class='ocrx_word' id='word_1_103' title='bbox 481 2203 663 2268; x_wconf 84' lang='lat' dir='ltr'><strong>vocaretur,</strong></span> <span class='ocrx_word' id='word_1_104' title='bbox 671 2185 925 2274; x_wconf 90' lang='lat' dir='ltr'><strong>cognominibus</strong></span> <span class='ocrx_word' id='word_1_105' title='bbox 933 2183 1049 2249; x_wconf 79' lang='lat' dir='ltr'><strong>Soteris</strong></span> <span class='ocrx_word' id='word_1_106' title='bbox 1057 2181 1246 2253; x_wconf 69' lang='lat' dir='ltr'><strong>etAlssaa·</strong></span> 
     </span>
     <span class='ocr_line' id='line_1_16' title="bbox 169 2284 526 2375; baseline 0.017 -29"><span class='ocrx_word' id='word_1_107' title='bbox 169 2285 222 2346; x_wconf 82' lang='lat' dir='ltr'><strong>dri</strong></span> <span class='ocrx_word' id='word_1_108' title='bbox 232 2284 526 2375; x_wconf 83' lang='lat' dir='ltr'><strong>distinguebantur.</strong></span> 
     </span>
    </p>

    <p class='ocr_par' dir='ltr' id='par_1_5' title="bbox 170 2382 1263 3596">
     <span class='ocr_line' id='line_1_17' title="bbox 215 2382 1244 2475; baseline 0.003 -27"><span class='ocrx_word' id='word_1_109' title='bbox 215 2387 314 2451; x_wconf 89' lang='lat' dir='ltr'><strong>XLII.</strong></span> <span class='ocrx_word' id='word_1_110' title='bbox 340 2388 518 2475; x_wconf 87' lang='lat' dir='ltr'><strong>Imperium</strong></span> <span class='ocrx_word' id='word_1_111' title='bbox 534 2389 645 2453; x_wconf 83' lang='lat' dir='ltr'><strong>uxoris</strong></span> <span class='ocrx_word' id='word_1_112' title='bbox 664 2411 749 2470; x_wconf 86' lang='lat' dir='ltr'><strong>esse,</strong></span> <span class='ocrx_word' id='word_1_113' title='bbox 765 2403 798 2452; x_wconf 87' lang='lat' dir='ltr'><strong>et</strong></span> <span class='ocrx_word' id='word_1_114' title='bbox 816 2386 958 2452; x_wconf 90' lang='lat' dir='ltr'><strong>filiorum</strong></span> <span class='ocrx_word' id='word_1_115' title='bbox 979 2382 1129 2465; x_wconf 85' lang='lat' dir='ltr'><strong>alterius,</strong></span> <span class='ocrx_word' id='word_1_116' title='bbox 1144 2406 1244 2473; x_wconf 78' lang='lat' dir='ltr'><strong>quem</strong></span> 
     </span>
     <span class='ocr_line' id='line_1_18' title="bbox 170 2487 1244 2578; baseline 0.005 -30"><span class='ocrx_word' id='word_1_117' title='bbox 170 2503 272 2550; x_wconf 86' lang='lat' dir='ltr'><strong>mater</strong></span> <span class='ocrx_word' id='word_1_118' title='bbox 294 2490 454 2578; x_wconf 87' lang='lat' dir='ltr'><strong>elegisset,</strong></span> <span class='ocrx_word' id='word_1_119' title='bbox 479 2490 621 2555; x_wconf 89' lang='lat' dir='ltr'><strong>moriens</strong></span> <span class='ocrx_word' id='word_1_120' title='bbox 646 2490 840 2555; x_wconf 79' lang='lat' dir='ltr'><strong>Ptolemaeus</strong></span> <span class='ocrx_word' id='word_1_121' title='bbox 863 2490 1023 2570; x_wconf 82' lang='lat' dir='ltr'><strong>jusserat:</strong></span> <span class='ocrx_word' id='word_1_122' title='bbox 1045 2510 1082 2553; x_wconf 85' lang='lat' dir='ltr'><strong>ea</strong></span> <span class='ocrx_word' id='word_1_123' title='bbox 1105 2508 1155 2554; x_wconf 82' lang='lat' dir='ltr'><strong>res</strong></span> <span class='ocrx_word' id='word_1_124' title='bbox 1175 2487 1244 2568; x_wconf 79' lang='lat' dir='ltr'><strong>iem</strong></span> 
     </span>
     <span class='ocr_line' id='line_1_19' title="bbox 171 2586 1244 2680; baseline 0.001 -28"><span class='ocrx_word' id='word_1_125' title='bbox 171 2606 241 2652; x_wconf 92' lang='lat' dir='ltr'><strong>tum</strong></span> <span class='ocrx_word' id='word_1_126' title='bbox 260 2590 301 2654; x_wconf 93' lang='lat' dir='ltr'><strong>ab</strong></span> <span class='ocrx_word' id='word_1_127' title='bbox 318 2591 411 2654; x_wconf 92' lang='lat' dir='ltr'><strong>initio</strong></span> <span class='ocrx_word' id='word_1_128' title='bbox 429 2593 541 2656; x_wconf 89' lang='lat' dir='ltr'><strong>turbas</strong></span> <span class='ocrx_word' id='word_1_129' title='bbox 560 2593 595 2656; x_wconf 94' lang='lat' dir='ltr'><strong>in</strong></span> <span class='ocrx_word' id='word_1_130' title='bbox 612 2594 717 2680; x_wconf 88' lang='lat' dir='ltr'><strong>regia,</strong></span> <span class='ocrx_word' id='word_1_131' title='bbox 739 2608 773 2657; x_wconf 94' lang='lat' dir='ltr'><strong>et</strong></span> <span class='ocrx_word' id='word_1_132' title='bbox 794 2592 990 2679; x_wconf 82' lang='lat' dir='ltr'><strong>paulopost</strong></span> <span class='ocrx_word' id='word_1_133' title='bbox 1011 2586 1167 2677; x_wconf 68' lang='lat' dir='ltr'><strong>crudelia⁸</strong></span> <span class='ocrx_word' id='word_1_134' title='bbox 1178 2588 1244 2653; x_wconf 79' lang='lat' dir='ltr'><strong>frn-</strong></span> 
     </span>
     <span class='ocr_line' id='line_1_20' title="bbox 171 2689 1245 2779; baseline 0 -26"><span class='ocrx_word' id='word_1_135' title='bbox 171 2708 258 2754; x_wconf 86' lang='lat' dir='ltr'><strong>trunr</strong></span> <span class='ocrx_word' id='word_1_136' title='bbox 274 2691 427 2756; x_wconf 82' lang='lat' dir='ltr'><strong>adversus</strong></span> <span class='ocrx_word' id='word_1_137' title='bbox 443 2709 580 2758; x_wconf 87' lang='lat' dir='ltr'><strong>matrem</strong></span> <span class='ocrx_word' id='word_1_138' title='bbox 598 2708 631 2756; x_wconf 93' lang='lat' dir='ltr'><strong>et</strong></span> <span class='ocrx_word' id='word_1_139' title='bbox 648 2694 733 2757; x_wconf 91' lang='lat' dir='ltr'><strong>inter</strong></span> <span class='ocrx_word' id='word_1_140' title='bbox 748 2715 783 2757; x_wconf 91' lang='lat' dir='ltr'><strong>se</strong></span> <span class='ocrx_word' id='word_1_141' title='bbox 801 2692 885 2756; x_wconf 87' lang='lat' dir='ltr'><strong>bella</strong></span> <span class='ocrx_word' id='word_1_142' title='bbox 901 2691 1053 2759; x_wconf 84' lang='lat' dir='ltr'><strong>concivit.</strong></span> <span class='ocrx_word' id='word_1_143' title='bbox 1065 2690 1155 2779; x_wconf 81' lang='lat' dir='ltr'><strong>Ipsa,</strong></span> <span class='ocrx_word' id='word_1_144' title='bbox 1168 2689 1245 2753; x_wconf 83' lang='lat' dir='ltr'><strong>viro</strong></span> 
     </span>
     <span class='ocr_line' id='line_1_21' title="bbox 171 2790 1263 2883; baseline 0 -29"><span class='ocrx_word' id='word_1_145' title='bbox 171 2791 278 2855; x_wconf 85' lang='lat' dir='ltr'><strong>adhuc</strong></span> <span class='ocrx_word' id='word_1_146' title='bbox 302 2795 436 2874; x_wconf 82' lang='lat' dir='ltr'><strong>marito,</strong></span> <span class='ocrx_word' id='word_1_147' title='bbox 460 2815 502 2856; x_wconf 91' lang='lat' dir='ltr'><strong>ne</strong></span> <span class='ocrx_word' id='word_1_148' title='bbox 527 2795 676 2858; x_wconf 86' lang='lat' dir='ltr'><strong>Soterem</strong></span> <span class='ocrx_word' id='word_1_149' title='bbox 703 2794 813 2883; x_wconf 82' lang='lat' dir='ltr'><strong>regem</strong></span> <span class='ocrx_word' id='word_1_150' title='bbox 841 2792 1035 2880; x_wconf 84' lang='lat' dir='ltr'><strong>appellaret,</strong></span> <span class='ocrx_word' id='word_1_151' title='bbox 1055 2790 1263 2871; x_wconf 74' lang='lat' dir='ltr'><strong>obstitera13‘</strong></span> 
     </span>
     <span class='ocr_line' id='line_1_22' title="bbox 172 2890 1246 2986; baseline 0.001 -30"><span class='ocrx_word' id='word_1_152' title='bbox 172 2893 430 2980; x_wconf 82' lang='lat' dir='ltr'><strong>perfeceratque,</strong></span> <span class='ocrx_word' id='word_1_153' title='bbox 451 2908 489 2957; x_wconf 94' lang='lat' dir='ltr'><strong>ut</strong></span> <span class='ocrx_word' id='word_1_154' title='bbox 507 2917 525 2957; x_wconf 92' lang='lat' dir='ltr'><strong>a</strong></span> <span class='ocrx_word' id='word_1_155' title='bbox 542 2909 633 2982; x_wconf 90' lang='lat' dir='ltr'><strong>patre</strong></span> <span class='ocrx_word' id='word_1_156' title='bbox 649 2894 683 2957; x_wconf 92' lang='lat' dir='ltr'><strong>in</strong></span> <span class='ocrx_word' id='word_1_157' title='bbox 701 2895 845 2982; x_wconf 84' lang='lat' dir='ltr'><strong>Cyprum</strong></span> <span class='ocrx_word' id='word_1_158' title='bbox 864 2893 1086 2981; x_wconf 84' lang='lat' dir='ltr'><strong>ablegaretur,</strong></span> <span class='ocrx_word' id='word_1_159' title='bbox 1109 2890 1246 2986; x_wconf 79' lang='lat' dir='ltr'><strong>minoris</strong></span> 
     </span>
     <span class='ocr_line' id='line_1_23' title="bbox 172 2991 1245 3085; baseline 0.002 -28"><span class='ocrx_word' id='word_1_160' title='bbox 172 2993 229 3058; x_wconf 87' lang='lat' dir='ltr'><strong>lilii</strong></span> <span class='ocrx_word' id='word_1_161' title='bbox 245 2995 405 3078; x_wconf 85' lang='lat' dir='ltr'><strong>studiosa,</strong></span> <span class='ocrx_word' id='word_1_162' title='bbox 421 3019 520 3084; x_wconf 88' lang='lat' dir='ltr'><strong>quem</strong></span> <span class='ocrx_word' id='word_1_163' title='bbox 539 2997 667 3084; x_wconf 88' lang='lat' dir='ltr'><strong>imperii</strong></span> <span class='ocrx_word' id='word_1_164' title='bbox 684 2996 735 3060; x_wconf 87' lang='lat' dir='ltr'><strong>sui</strong></span> <span class='ocrx_word' id='word_1_165' title='bbox 751 2995 977 3084; x_wconf 79' lang='lat' dir='ltr'><strong>patientiorem</strong></span> <span class='ocrx_word' id='word_1_166' title='bbox 998 2993 1070 3057; x_wconf 82' lang='lat' dir='ltr'><strong>sore</strong></span> <span class='ocrx_word' id='word_1_167' title='bbox 1086 2991 1245 3085; x_wconf 80' lang='lat' dir='ltr'><strong>sperabat.</strong></span> 
     </span>
     <span class='ocr_line' id='line_1_24' title="bbox 174 3092 1245 3187; baseline 0.001 -27"><span class='ocrx_word' id='word_1_168' title='bbox 174 3099 276 3185; x_wconf 85' lang='lat' dir='ltr'><strong>Igitur</strong></span> <span class='ocrx_word' id='word_1_169' title='bbox 288 3098 379 3163; x_wconf 89' lang='lat' dir='ltr'><strong>alteri</strong></span> <span class='ocrx_word' id='word_1_170' title='bbox 394 3099 517 3163; x_wconf 90' lang='lat' dir='ltr'><strong>nedum</strong></span> <span class='ocrx_word' id='word_1_171' title='bbox 531 3115 569 3163; x_wconf 92' lang='lat' dir='ltr'><strong>ut</strong></span> <span class='ocrx_word' id='word_1_172' title='bbox 582 3121 722 3187; x_wconf 88' lang='lat' dir='ltr'><strong>regnum</strong></span> <span class='ocrx_word' id='word_1_173' title='bbox 735 3097 844 3180; x_wconf 87' lang='lat' dir='ltr'><strong>daret,</strong></span> <span class='ocrx_word' id='word_1_174' title='bbox 859 3119 1014 3177; x_wconf 82' lang='lat' dir='ltr'><strong>uxorem,</strong></span> <span class='ocrx_word' id='word_1_175' title='bbox 1029 3092 1245 3184; x_wconf 79' lang='lat' dir='ltr'><strong>eamdemque</strong></span> 
     </span>
     <span class='ocr_line' id='line_1_25' title="bbox 173 3196 1246 3288; baseline 0.003 -30.003"><span class='ocrx_word' id='word_1_176' title='bbox 173 3222 318 3263; x_wconf 82' lang='lat' dir='ltr'><strong>sororem</strong></span> <span class='ocrx_word' id='word_1_177' title='bbox 331 3224 421 3265; x_wconf 88' lang='lat' dir='ltr'><strong>suam</strong></span> <span class='ocrx_word' id='word_1_178' title='bbox 431 3200 587 3288; x_wconf 89' lang='lat' dir='ltr'><strong>,eripuit;</strong></span> <span class='ocrx_word' id='word_1_179' title='bbox 602 3199 826 3288; x_wconf 87' lang='lat' dir='ltr'><strong>compulitque</strong></span> <span class='ocrx_word' id='word_1_180' title='bbox 841 3199 1004 3265; x_wconf 87' lang='lat' dir='ltr'><strong>minorem</strong></span> <span class='ocrx_word' id='word_1_181' title='bbox 1017 3211 1095 3262; x_wconf 88' lang='lat' dir='ltr'><strong>natu</strong></span> <span class='ocrx_word' id='word_1_182' title='bbox 1109 3196 1246 3281; x_wconf 74' lang='lat' dir='ltr'><strong>Selenen</strong></span> 
     </span>
     <span class='ocr_line' id='line_1_26' title="bbox 173 3296 1247 3396; baseline 0.006 -35"><span class='ocrx_word' id='word_1_183' title='bbox 173 3301 307 3383; x_wconf 83' lang='lat' dir='ltr'><strong>ducere,</strong></span> <span class='ocrx_word' id='word_1_184' title='bbox 329 3303 481 3384; x_wconf 88' lang='lat' dir='ltr'><strong>dimissa,</strong></span> <span class='ocrx_word' id='word_1_185' title='bbox 507 3304 600 3384; x_wconf 84' lang='lat' dir='ltr'><strong>cujus</strong></span> <span class='ocrx_word' id='word_1_186' title='bbox 626 3324 737 3366; x_wconf 85' lang='lat' dir='ltr'><strong>amore</strong></span> <span class='ocrx_word' id='word_1_187' title='bbox 762 3296 933 3396; x_wconf 85' lang='lat' dir='ltr'><strong>flagrabat,</strong></span> <span class='ocrx_word' id='word_1_188' title='bbox 957 3300 1152 3388; x_wconf 78' lang='lat' dir='ltr'><strong>cleopatra·</strong></span> <span class='ocrx_word' id='word_1_189' title='bbox 1175 3308 1247 3388; x_wconf 68' lang='lat' dir='ltr'><strong>qtlae</strong></span> 
     </span>
     <span class='ocr_line' id='line_1_27' title="bbox 175 3398 1250 3521; baseline 0.002 -59"><span class='ocrx_word' id='word_1_190' title='bbox 175 3426 248 3466; x_wconf 78' lang='lat' dir='ltr'><strong>uror</strong></span> <span class='ocrx_word' id='word_1_191' title='bbox 275 3406 437 3470; x_wconf 87' lang='lat' dir='ltr'><strong>Antiocho</strong></span> <span class='ocrx_word' id='word_1_192' title='bbox 461 3407 624 3494; x_wconf 76' lang='lat' dir='ltr'><strong>Cyniceno</strong></span> <span class='ocrx_word' id='word_1_193' title='bbox 648 3418 768 3491; x_wconf 90' lang='lat' dir='ltr'><strong>nupta,</strong></span> <span class='ocrx_word' id='word_1_194' title='bbox 793 3416 968 3492; x_wconf 88' lang='lat' dir='ltr'><strong>cognatum</strong></span> <span class='ocrx_word' id='word_1_195' title='bbox 992 3421 1126 3489; x_wconf 84' lang='lat' dir='ltr'><strong>quoque</strong></span> <span class='ocrx_word' id='word_1_196' title='bbox 1147 3398 1250 3521; x_wconf 78' lang='lat' dir='ltr'><strong>Syrie</strong></span> 
     </span>
     <span class='ocr_line' id='line_1_28' title="bbox 176 3504 870 3596; baseline 0.006 -33"><span class='ocrx_word' id='word_1_197' title='bbox 176 3526 311 3591; x_wconf 84' lang='lat' dir='ltr'><strong>regnum</strong></span> <span class='ocrx_word' id='word_1_198' title='bbox 330 3508 454 3596; x_wconf 91' lang='lat' dir='ltr'><strong>magnis</strong></span> <span class='ocrx_word' id='word_1_199' title='bbox 471 3506 706 3571; x_wconf 86' lang='lat' dir='ltr'><strong>calamitatibus</strong></span> <span class='ocrx_word' id='word_1_200' title='bbox 723 3504 870 3569; x_wconf 84' lang='lat' dir='ltr'><strong>involvit.</strong></span> 
     </span>
    </p>

    <p class='ocr_par' dir='ltr' id='par_1_6' title="bbox 176 3603 1249 4305">
     <span class='ocr_line' id='line_1_29' title="bbox 219 3603 1247 3696; baseline 0.002 -31"><span class='ocrx_word' id='word_1_201' title='bbox 219 3605 336 3669; x_wconf 86' lang='lat' dir='ltr'><strong>XLIII.</strong></span> <span class='ocrx_word' id='word_1_202' title='bbox 354 3609 391 3669; x_wconf 90' lang='lat' dir='ltr'><strong>In</strong></span> <span class='ocrx_word' id='word_1_203' title='bbox 408 3630 484 3695; x_wconf 90' lang='lat' dir='ltr'><strong>rege</strong></span> <span class='ocrx_word' id='word_1_204' title='bbox 498 3624 606 3671; x_wconf 89' lang='lat' dir='ltr'><strong>tamen</strong></span> <span class='ocrx_word' id='word_1_205' title='bbox 622 3607 756 3696; x_wconf 84' lang='lat' dir='ltr'><strong>AEgypti</strong></span> <span class='ocrx_word' id='word_1_206' title='bbox 773 3603 1022 3685; x_wconf 88' lang='lat' dir='ltr'><strong>constituendo,</strong></span> <span class='ocrx_word' id='word_1_207' title='bbox 1039 3604 1112 3693; x_wconf 89' lang='lat' dir='ltr'><strong>plus</strong></span> <span class='ocrx_word' id='word_1_208' title='bbox 1128 3604 1247 3668; x_wconf 85' lang='lat' dir='ltr'><strong>volun·</strong></span> 
     </span>
     <span class='ocr_line' id='line_1_30' title="bbox 179 3704 1248 3795; baseline 0.001 -29"><span class='ocrx_word' id='word_1_209' title='bbox 179 3722 223 3767; x_wconf 84' lang='lat' dir='ltr'><strong>tas</strong></span> <span class='ocrx_word' id='word_1_210' title='bbox 237 3707 366 3794; x_wconf 88' lang='lat' dir='ltr'><strong>populi,</strong></span> <span class='ocrx_word' id='word_1_211' title='bbox 375 3731 479 3795; x_wconf 86' lang='lat' dir='ltr'><strong>¹quam</strong></span> <span class='ocrx_word' id='word_1_212' title='bbox 496 3710 664 3774; x_wconf 86' lang='lat' dir='ltr'><strong>inclinatio</strong></span> <span class='ocrx_word' id='word_1_213' title='bbox 679 3709 790 3772; x_wconf 89' lang='lat' dir='ltr'><strong>matris</strong></span> <span class='ocrx_word' id='word_1_214' title='bbox 807 3705 937 3795; x_wconf 90' lang='lat' dir='ltr'><strong>potuit:</strong></span> <span class='ocrx_word' id='word_1_215' title='bbox 951 3727 1025 3791; x_wconf 74' lang='lat' dir='ltr'><strong>quae</strong></span> <span class='ocrx_word' id='word_1_216' title='bbox 1037 3726 1141 3792; x_wconf 87' lang='lat' dir='ltr'><strong>quum</strong></span> <span class='ocrx_word' id='word_1_217' title='bbox 1153 3704 1248 3769; x_wconf 84' lang='lat' dir='ltr'><strong>Alex·</strong></span> 
     </span>
     <span class='ocr_line' id='line_1_31' title="bbox 176 3802 1249 3895; baseline 0.001 -27"><span class='ocrx_word' id='word_1_218' title='bbox 176 3807 315 3870; x_wconf 86' lang='lat' dir='ltr'><strong>andrum</strong></span> <span class='ocrx_word' id='word_1_219' title='bbox 337 3807 457 3872; x_wconf 84' lang='lat' dir='ltr'><strong>frustra</strong></span> <span class='ocrx_word' id='word_1_220' title='bbox 477 3806 753 3889; x_wconf 80' lang='lat' dir='ltr'><strong>commendasset,</strong></span> <span class='ocrx_word' id='word_1_221' title='bbox 775 3823 944 3895; x_wconf 88' lang='lat' dir='ltr'><strong>postremo</strong></span> <span class='ocrx_word' id='word_1_222' title='bbox 966 3806 1121 3887; x_wconf 83' lang='lat' dir='ltr'><strong>majorem</strong></span> <span class='ocrx_word' id='word_1_223' title='bbox 1144 3802 1249 3869; x_wconf 86' lang='lat' dir='ltr'><strong>lilium</strong></span> 
     </span>
     <span class='ocr_line' id='line_1_32' title="bbox 177 3906 1248 3999; baseline -0.002 -29"><span class='ocrx_word' id='word_1_224' title='bbox 177 3931 284 3997; x_wconf 85' lang='lat' dir='ltr'><strong>regem</strong></span> <span class='ocrx_word' id='word_1_225' title='bbox 303 3907 400 3990; x_wconf 78' lang='lat' dir='ltr'><strong>dixit5</strong></span> <span class='ocrx_word' id='word_1_226' title='bbox 415 3911 631 3975; x_wconf 83' lang='lat' dir='ltr'><strong>Alexandrum</strong></span> <span class='ocrx_word' id='word_1_227' title='bbox 652 3913 762 3999; x_wconf 88' lang='lat' dir='ltr'><strong>Cypro</strong></span> <span class='ocrx_word' id='word_1_228' title='bbox 780 3908 941 3997; x_wconf 73' lang='lat' dir='ltr'><strong>praefecit,</strong></span> <span class='ocrx_word' id='word_1_229' title='bbox 958 3924 996 3972; x_wconf 91' lang='lat' dir='ltr'><strong>ut</strong></span> <span class='ocrx_word' id='word_1_230' title='bbox 1013 3908 1176 3997; x_wconf 74' lang='lat' dir='ltr'><strong>opulente</strong></span> <span class='ocrx_word' id='word_1_231' title='bbox 1195 3906 1248 3968; x_wconf 91' lang='lat' dir='ltr'><strong>in·</strong></span> 
     </span>
     <span class='ocr_line' id='line_1_33' title="bbox 176 4004 1249 4098; baseline -0.005 -25"><span class='ocrx_word' id='word_1_232' title='bbox 176 4012 252 4074; x_wconf 87' lang='lat' dir='ltr'><strong>sulae</strong></span> <span class='ocrx_word' id='word_1_233' title='bbox 263 4011 346 4074; x_wconf 89' lang='lat' dir='ltr'><strong>vires</strong></span> <span class='ocrx_word' id='word_1_234' title='bbox 362 4033 419 4098; x_wconf 90' lang='lat' dir='ltr'><strong>per</strong></span> <span class='ocrx_word' id='word_1_235' title='bbox 432 4012 524 4074; x_wconf 87' lang='lat' dir='ltr'><strong>illum</strong></span> <span class='ocrx_word' id='word_1_236' title='bbox 537 4013 696 4090; x_wconf 89' lang='lat' dir='ltr'><strong>retinens,</strong></span> <span class='ocrx_word' id='word_1_237' title='bbox 711 4011 779 4098; x_wconf 85' lang='lat' dir='ltr'><strong>regi</strong></span> <span class='ocrx_word' id='word_1_238' title='bbox 791 4004 1037 4073; x_wconf 74' lang='lat' dir='ltr'><strong>formidolosior</strong></span> <span class='ocrx_word' id='word_1_239' title='bbox 1048 4021 1141 4072; x_wconf 85' lang='lat' dir='ltr'><strong>esset.</strong></span> <span class='ocrx_word' id='word_1_240' title='bbox 1154 4007 1249 4070; x_wconf 78' lang='lat' dir='ltr'><strong>Brevi</strong></span> 
     </span>
     <span class='ocr_line' id='line_1_34' title="bbox 176 4107 1249 4199; baseline -0.003 -25"><span class='ocrx_word' id='word_1_241' title='bbox 176 4128 283 4176; x_wconf 86' lang='lat' dir='ltr'><strong>tamen</strong></span> <span class='ocrx_word' id='word_1_242' title='bbox 305 4113 408 4192; x_wconf 88' lang='lat' dir='ltr'><strong>major</strong></span> <span class='ocrx_word' id='word_1_243' title='bbox 426 4112 619 4177; x_wconf 81' lang='lat' dir='ltr'><strong>Ptolemaeus</strong></span> <span class='ocrx_word' id='word_1_244' title='bbox 641 4112 807 4199; x_wconf 86' lang='lat' dir='ltr'><strong>obsequiis</strong></span> <span class='ocrx_word' id='word_1_245' title='bbox 829 4112 896 4176; x_wconf 86' lang='lat' dir='ltr'><strong>suis</strong></span> <span class='ocrx_word' id='word_1_246' title='bbox 919 4110 1027 4175; x_wconf 89' lang='lat' dir='ltr'><strong>studia</strong></span> <span class='ocrx_word' id='word_1_247' title='bbox 1051 4107 1249 4173; x_wconf 82' lang='lat' dir='ltr'><strong>benevolen-</strong></span> 
     </span>
     <span class='ocr_line' id='line_1_35' title="bbox 176 4214 1245 4305; baseline -0.002 -27"><span class='ocrx_word' id='word_1_248' title='bbox 176 4216 318 4304; x_wconf 89' lang='lat' dir='ltr'><strong>tiamque</strong></span> <span class='ocrx_word' id='word_1_249' title='bbox 334 4217 445 4283; x_wconf 88' lang='lat' dir='ltr'><strong>matris</strong></span> <span class='ocrx_word' id='word_1_250' title='bbox 462 4217 662 4305; x_wconf 85' lang='lat' dir='ltr'><strong>promeruit3</strong></span> <span class='ocrx_word' id='word_1_251' title='bbox 676 4216 720 4297; x_wconf 86' lang='lat' dir='ltr'><strong>si,</strong></span> <span class='ocrx_word' id='word_1_252' title='bbox 736 4215 856 4303; x_wconf 90' lang='lat' dir='ltr'><strong>quibus</strong></span> <span class='ocrx_word' id='word_1_253' title='bbox 874 4214 998 4281; x_wconf 88' lang='lat' dir='ltr'><strong>artibus</strong></span> <span class='ocrx_word' id='word_1_254' title='bbox 1013 4227 1123 4302; x_wconf 75' lang='lat' dir='ltr'><strong>parata</strong></span> <span class='ocrx_word' id='word_1_255' title='bbox 1134 4227 1245 4291; x_wconf 85' lang='lat' dir='ltr'><strong>erant,</strong></span> 
     </span>
    </p>
   </div>
   <div class='ocr_carea' id='block_1_4' title="bbox 178 4411 1239 4568">
    <p class='ocr_par' dir='ltr' id='par_1_7' title="bbox 178 4411 1239 4568">
     <span class='ocr_line' id='line_1_36' title="bbox 212 4411 1239 4481; baseline -0.006 -17"><span class='ocrx_word' id='word_1_256' title='bbox 212 4415 306 4481; x_wconf 76' lang='lat' dir='ltr'><strong>sm.</strong></span> <span class='ocrx_word' id='word_1_257' title='bbox 320 4418 384 4465; x_wconf 82' lang='lat' dir='ltr'><strong>I’tol.</strong></span> <span class='ocrx_word' id='word_1_258' title='bbox 397 4417 429 4465; x_wconf 83' lang='lat' dir='ltr'><strong>de</strong></span> <span class='ocrx_word' id='word_1_259' title='bbox 438 4416 536 4466; x_wconf 81' lang='lat' dir='ltr'><strong>Canon.</strong></span> <span class='ocrx_word' id='word_1_260' title='bbox 551 4441 586 4451; x_wconf 90' lang='lat'>-</span> <span class='ocrx_word' id='word_1_261' title='bbox 602 4415 694 4464; x_wconf 73' lang='lat' dir='ltr'><strong>luerim</strong></span> <span class='ocrx_word' id='word_1_262' title='bbox 710 4416 838 4471; x_wconf 71' lang='lat' dir='ltr'><strong>XXXIX,</strong></span> <span class='ocrx_word' id='word_1_263' title='bbox 851 4416 876 4462; x_wconf 75' lang='lat'><strong>3.</strong></span> <span class='ocrx_word' id='word_1_264' title='bbox 889 4441 926 4452; x_wconf 94' lang='lat'><em>-</em></span> <span class='ocrx_word' id='word_1_265' title='bbox 937 4413 1059 4479; x_wconf 75' lang='lat' dir='ltr'><strong>Porphyr.</strong></span> <span class='ocrx_word' id='word_1_266' title='bbox 1074 4411 1141 4479; x_wconf 74' lang='lat' dir='ltr'><strong>apud</strong></span> <span class='ocrx_word' id='word_1_267' title='bbox 1154 4411 1239 4461; x_wconf 73' lang='lat' dir='ltr'><strong>Enreh</strong></span> 
     </span>
     <span class='ocr_line' id='line_1_37' title="bbox 178 4496 1221 4568; baseline -0.005 -19"><span class='ocrx_word' id='word_1_268' title='bbox 178 4518 202 4568; x_wconf 85' lang='lat' dir='ltr'><strong>p.</strong></span> <span class='ocrx_word' id='word_1_269' title='bbox 214 4504 275 4553; x_wconf 75' lang='lat'><strong>22⁵.</strong></span> <span class='ocrx_word' id='word_1_270' title='bbox 287 4530 322 4540; x_wconf 93' lang='lat'>—</span> <span class='ocrx_word' id='word_1_271' title='bbox 333 4504 434 4552; x_wconf 82' lang='lat' dir='ltr'><strong>Pausan.</strong></span> <span class='ocrx_word' id='word_1_272' title='bbox 446 4500 482 4551; x_wconf 87' lang='lat' dir='ltr'><strong>lib</strong></span> <span class='ocrx_word' id='word_1_273' title='bbox 494 4503 521 4562; x_wconf 88' lang='lat'><strong>1,</strong></span> <span class='ocrx_word' id='word_1_274' title='bbox 531 4517 557 4567; x_wconf 90' lang='lat' dir='ltr'><strong>p.</strong></span> <span class='ocrx_word' id='word_1_275' title='bbox 570 4508 608 4557; x_wconf 66' lang='grc' dir='ltr'><strong>ιι.</strong></span> <span class='ocrx_word' id='word_1_276' title='bbox 621 4528 658 4538; x_wconf 88' lang='grc'><strong>-</strong></span> <span class='ocrx_word' id='word_1_277' title='bbox 672 4500 780 4566; x_wconf 67' lang='lat' dir='ltr'><strong>§xus</strong></span> <span class='ocrx_word' id='word_1_278' title='bbox 790 4500 881 4551; x_wconf 67' lang='lat' dir='ltr'><strong>drutin-</strong></span> <span class='ocrx_word' id='word_1_279' title='bbox 896 4528 926 4538; x_wconf 89' lang='lat'><strong>·-</strong></span> <span class='ocrx_word' id='word_1_280' title='bbox 940 4500 1043 4548; x_wconf 72' lang='lat' dir='ltr'><strong>rann.</strong></span> <span class='ocrx_word' id='word_1_281' title='bbox 1055 4524 1086 4537; x_wconf 81' lang='lat'><em>-</em></span> <span class='ocrx_word' id='word_1_282' title='bbox 1098 4496 1221 4563; x_wconf 74' lang='lat' dir='ltr'><strong>Porphyr.</strong></span> 
     </span>
    </p>
   </div>
   <div class='ocr_carea' id='block_1_5' title="bbox 0 0 1314 4980">
    <p class='ocr_par' dir='ltr' id='par_1_8' title="bbox 0 0 1314 4980">
     <span class='ocr_line' id='line_1_38' title="bbox 0 0 1314 4980; baseline 0 0"><span class='ocrx_word' id='word_1_283' title='bbox 0 0 1314 4980; x_wconf 95' lang='lat' dir='ltr'><strong> </strong></span> 
     </span>
    </p>
   </div>
  </div>
 </body>
</html>
