2594 4980
151 743 220 813 586
326 746 394 809 JO.
422 742 756 810 FREINSHEMII
786 744 1031 810 SUPPLEM.

148 866 298 954 pitolium
320 887 402 950 aqua
425 863 664 943 deducebatur,
681 863 932 949 abrumpuntur.
954 864 999 925 Ea
1016 885 1067 927 res
1087 880 1224 929 tantam

149 968 217 1030 sitis
235 967 354 1029 rabiem
372 964 480 1042 injecit
497 966 652 1043 obsessis,
673 980 711 1027 ut
728 964 765 1026 C.
781 963 928 1026 Saufeius
941 963 1066 1027 arcendi
1085 963 1225 1052 Capito-

148 1069 226 1130 lium
246 1067 394 1144 juberet:
418 1065 455 1128 id
475 1068 599 1149 stagnis
621 1080 654 1127 ct
674 1061 848 1150 irfilicibus
866 1066 949 1126 ausis
966 1065 1226 1151 pulcherrimum

149 1169 270 1230 bustum
280 1165 372 1250 fore.
396 1165 458 1228 Sed
483 1165 637 1251 Apuleius
656 1180 689 1227 et
709 1164 858 1245 Glaucia,
880 1165 999 1252 quibus
1021 1166 1055 1228 in
1074 1168 1224 1233 amicitia

149 1267 244 1330 Marii
263 1266 439 1354 plurimum
462 1282 528 1327 erat
544 1265 689 1346 fiduciae,
710 1265 831 1353 legatos
848 1265 1000 1347 mittunt,
1018 1283 1225 1356 acceptaque

151 1368 231 1447 fide,
253 1391 328 1432 curn
353 1367 472 1430 caeteris
495 1366 633 1430 ducibus
656 1365 823 1447 factionis,
844 1366 976 1430 abarce
998 1366 1221 1433 descendunt.

150 1469 213 1534 Sed
233 1471 427 1534 vociierante
452 1469 594 1555 populo,
616 1467 740 1533 nullam
766 1470 830 1531 sinc
851 1469 1117 1533 senatusconsulto
1143 1471 1228 1535 dari

144 1568 244 1647 fidem
253 1576 408 1658 potuisse,
429 1572 464 1633 C.
482 1569 634 1650 Glaucia,
653 1592 757 1657 quum
771 1570 804 1632 in
821 1569 957 1633 domum
975 1569 1103 1635 Claudii
1116 1572 1225 1662 fugis·

150 1690 215 1754 set,
235 1688 413 1751 estractus,
431 1672 596 1757 fractaque
612 1673 754 1753 cervice,
775 1671 904 1759 publice
923 1672 1048 1735 occisus
1065 1687 1126 1736 est.

193 1775 315 1838 XXIX.
341 1777 400 1838 Cn.
418 1774 602 1852 Dolabella,
624 1772 789 1837 Saturnini
807 1774 921 1853 frater,
943 1789 975 1835 et
995 1772 1030 1836 L.
1051 1773 1223 1861 Geganius

149 1876 183 1938 in
200 1875 329 1938 olitorio
343 1877 415 1938 foro
432 1873 605 1939 interfecti.
624 1875 764 1938 Caeteros
777 1874 893 1937 consul
904 1873 1025 1937 Marius
1039 1873 1072 1936 in
1091 1874 1224 1938 curiam

150 1975 320 2038 Hostiliam
339 1977 479 2063 accepit,
497 1975 589 2061 quasi
607 1975 786 2063 legitimum
804 1974 844 2038 ad
860 1975 1054 2063 supplicium
1068 1992 1224 2039 servatu-

149 2098 222 2139 rus:
245 2076 301 2139 sed
325 2076 506 2166 intelligens
524 2075 696 2141 artificium
715 2077 874 2164 populus,
897 2077 1021 2163 impetu
1037 2077 1070 2139 in
1090 2078 1222 2141 curiam

150 2176 249 2251 facto,
264 2178 331 2240 aliis
352 2182 436 2241 fores
448 2178 676 2258 molientibus,
688 2178 757 2241 aliis
773 2178 895 2266 tegulas
907 2176 1101 2256 jacientibus
1116 2177 1152 2240 in
1169 2178 1222 2242 in·

150 2278 274 2357 clusos,
288 2301 402 2341 vanam
416 2280 444 2340 ei
457 2279 541 2341 hanc
555 2277 759 2342 calliditatem
772 2278 858 2343 fecit.
874 2278 922 2341 lta
936 2279 1029 2342 multi
1045 2280 1222 2362 mortales,

150 2400 232 2464 quos
249 2381 334 2442 inter
352 2381 392 2460 Q.
410 2381 589 2459 Labienus,
612 2395 644 2443 et
663 2401 738 2443 cum
757 2380 834 2466 ipsis
850 2380 1053 2468 magistratus
1076 2380 1222 2470 insigni·

149 2479 210 2544 bus
227 2483 261 2543 C.
279 2481 443 2560 Saufeius,
461 2484 495 2544 L.
514 2480 721 2562 Saturninus,
738 2481 882 2569 itemque
899 2481 972 2561 ille,
989 2483 1044 2568 qui
1062 2483 1100 2546 C.
1115 2481 1219 2547 Grac·

149 2581 229 2644 chus
246 2582 438 2662 vocabatur,
453 2582 564 2645 eadem
580 2581 649 2661 die,
663 2604 726 2668 qua
739 2582 940 2646 tribunatum
954 2583 1088 2662 inierat,
1102 2581 1138 2647 id
1152 2599 1221 2664 est,

149 2708 177 2746 a.
197 2683 228 2745 d.
248 2707 349 2747 nonas
366 2684 572 2766 decembres,
595 2682 753 2747 trucidati.

193 2787 297 2848 XXX.
323 2789 448 2873 Corpus
471 2789 506 2849 L.
530 2785 655 2873 Apuleii
673 2784 838 2848 Saturnini
858 2786 891 2847 in
917 2786 985 2873 ipsa
1005 2800 1111 2848 morte
1130 2784 1219 2849 laoc-

149 2901 254 2948 ratum
281 2902 347 2948 est:
377 2904 474 2973 caput
500 2885 617 2950 deinde
640 2888 675 2949 C.
701 2886 852 2949 Rabirius
878 2885 1008 2949 ludibrii
1036 2907 1133 2949 causa
1159 2909 1221 2975 per

148 2988 294 3050 convivia
323 2989 531 3051 circumtulit.
559 2990 694 3067 Scoevae,
724 3009 816 3051 servo
845 2988 886 3068 Q.
918 2985 1093 3061 Crotonis,
1121 2986 1220 3067 cujus

149 3110 248 3150 manu
260 3089 411 3152 cecidisse
426 3094 460 3153 L.
476 3090 631 3177 Apuleius
645 3089 826 3169 serebatur,
836 3088 964 3151 libertas
977 3087 1106 3176 publice
1121 3087 1219 3152 data:

149 3188 233 3251 bona
248 3191 511 3265 interfectorum,
529 3192 563 3253 P.
576 3190 677 3253 Furio
691 3189 824 3251 tribuno
839 3188 941 3275 plebis
955 3189 1078 3250 serente
1086 3234 1096 3267 ,
1112 3186 1223 3274 publi·

149 3307 218 3352 cata
241 3309 327 3354 sunt.
354 3293 482 3353 Crebrae
508 3313 566 3377 per
590 3312 646 3353 eos
673 3288 741 3352 dies
764 3307 894 3353 senatus
916 3289 1097 3376 populique
1118 3311 1222 3353 voces

148 3407 245 3474 atque
260 3391 523 3479 significationes,
537 3390 671 3453 rescindi
684 3405 759 3454 acta
774 3391 908 3455 obscoeui
920 3390 1115 3469 tribuamus,
1134 3411 1223 3455 revo-

147 3492 273 3574 carique
293 3493 333 3551 ub
357 3491 467 3552 exsilio
491 3492 715 3572 Numidicum,
740 3493 996 3580 postulaverant:
1022 3489 1145 3579 quibus
1164 3491 1221 3555 in·

149 3586 239 3649 ducti
256 3591 290 3651 L.
308 3592 439 3652 Porcius
458 3594 555 3671 Cato,
573 3592 615 3674 Q.
628 3592 805 3681 Pompeius
819 3592 939 3674 Rufus,
956 3592 1161 3681 rogationem
1176 3591 1222 3657 dc

149 3688 256 3752 reditu
280 3691 347 3769 ejus
371 3694 636 3780 promulgarunt:
660 3711 727 3758 erat
749 3695 884 3758 omnino
906 3717 944 3757 ea
960 3716 1055 3757 causa
1071 3691 1222 3777 Metelli,

149 3806 186 3851 ut
200 3793 343 3877 speciosa
360 3812 440 3856 essct
460 3813 491 3858 et
505 3797 605 3859 facilis
623 3796 834 3860 suadentibus
849 3797 954 3886 legem
971 3795 1086 3859 oratio.

192 3893 313 3955 XXXI.
341 3924 353 3946 «
364 3895 448 3957 Eum
474 3897 581 3958 virum
601 3896 711 3983 patriae
729 3917 763 3958 se
786 3896 971 3958 restitutum
989 3915 1111 3981 cupere
1128 3891 1223 3961 dice-

149 3994 269 4072 ·bant,
299 4017 417 4080 quem,
443 3997 468 4056 si
494 4013 577 4059 esset
601 3997 678 4061 alibi
701 4013 813 4077 natus,
837 3997 924 4061 ultro
948 3994 1223 4077 adsciscendum,

149 4112 267 4180 «atque
284 4097 378 4158 etiam
396 4098 510 4182 quovis
527 4098 630 4184 pretio
645 4097 849 4165 invitandum
869 4098 904 4160 in
921 4096 1082 4161 civitatem
1099 4118 1224 4164 omnes

183 4310 199 4374 S
211 4314 332 4361 XXVIII.
347 4316 453 4378 Appiam.
467 4341 498 4348 —
515 4315 579 4363 Flor.
597 4341 632 4351 —
647 4315 700 4364 Cic.
715 4315 742 4361 in
755 4317 846 4373 Bruto,
861 4330 915 4379 cap.
931 4329 970 4359 ta.
981 4337 1017 4348 -·
1027 4314 1102 4361 auct.
1118 4313 1153 4363 de
1164 4315 1225 4365 Vir.

148 4393 235 4442 illustr.
245 4425 279 4432 —
288 4399 351 4445 vett.
363 4427 396 4434 -—
410 4399 426 4463 5
438 4399 533 4445 XXIX.
542 4399 649 4463 Appian.
659 4426 694 4437 -
703 4398 776 4448 Oros.
786 4426 821 4435 -
832 4401 906 4447 Auct.
918 4397 947 4445 de
958 4397 1011 4444 Vir.
1021 4395 1057 4443 ill.
1071 4424 1107 4433 -
1122 4401 1226 4453 Asson,

151 4477 176 4524 in
187 4480 256 4525 verr.
271 4497 294 4526 2.
310 4510 342 4516 -
358 4481 373 4544 g
387 4484 471 4530 XXX.
484 4483 514 4528 U.
527 4482 554 4529 C.
566 4481 631 4544 6523
642 4486 674 4531 Δ.
686 4482 714 4532 C.
729 4497 784 4529 too.
797 4508 831 4518 -
843 4480 894 4528 Cic.
906 4496 953 4545 pro
967 4476 1051 4527 ttsbir.
1061 4495 1118 4545 cap.
1135 4498 1179 4532 rr.
