<?xml version="1.0" encoding="UTF-8"?>
<!DOCTYPE html PUBLIC "-//W3C//DTD XHTML 1.0 Transitional//EN"
    "http://www.w3.org/TR/xhtml1/DTD/xhtml1-transitional.dtd">
<html xmlns="http://www.w3.org/1999/xhtml" xml:lang="en" lang="en">
 <head>
  <title>
</title>
<meta http-equiv="Content-Type" content="text/html;charset=utf-8" />
  <meta name='ocr-system' content='tesseract 3.04.00' />
  <meta name='ocr-capabilities' content='ocr_page ocr_carea ocr_par ocr_line ocrx_word'/>
</head>
<body>
  <div class='ocr_page' id='page_1' title='image "./titusliviuspata00freigoog_0344.png"; bbox 0 0 2594 4980; ppageno 0'>
   <div class='ocr_carea' id='block_1_1' title="bbox 306 696 1158 794">
    <p class='ocr_par' dir='ltr' id='par_1_1' title="bbox 306 696 1158 794">
     <span class='ocr_line' id='line_1_1' title="bbox 306 696 1158 794; baseline 0.007 -29"><span class='ocrx_word' id='word_1_1' title='bbox 306 700 359 768; x_wconf 85' lang='lat' dir='ltr'>m</span> <span class='ocrx_word' id='word_1_2' title='bbox 389 699 499 767; x_wconf 77' lang='lat' dir='ltr'>noc.</span> <span class='ocrx_word' id='word_1_3' title='bbox 525 701 618 767; x_wconf 81' lang='lat' dir='ltr'>ms.</span> <span class='ocrx_word' id='word_1_4' title='bbox 646 702 714 767; x_wconf 78' lang='lat' dir='ltr'>rx</span> <span class='ocrx_word' id='word_1_5' title='bbox 742 701 955 769; x_wconf 71' lang='lat' dir='ltr'>mnsam.</span> <span class='ocrx_word' id='word_1_6' title='bbox 1008 788 1011 794; x_wconf 37' lang='lat'><strong><em>‚</em></strong></span> <span class='ocrx_word' id='word_1_7' title='bbox 1089 696 1158 772; x_wconf 79' lang='lat'>353</span> 
     </span>
    </p>
   </div>
   <div class='ocr_carea' id='block_1_2' title="bbox 96 817 1162 4037">
    <p class='ocr_par' dir='ltr' id='par_1_2' title="bbox 99 817 1160 1714">
     <span class='ocr_line' id='line_1_2' title="bbox 102 817 1157 907; baseline 0.002 -27"><span class='ocrx_word' id='word_1_8' title='bbox 102 819 162 881; x_wconf 88' lang='lat' dir='ltr'>lius</span> <span class='ocrx_word' id='word_1_9' title='bbox 179 841 207 882; x_wconf 91' lang='lat' dir='ltr'>a.</span> <span class='ocrx_word' id='word_1_10' title='bbox 228 818 260 882; x_wconf 94' lang='lat' dir='ltr'>d.</span> <span class='ocrx_word' id='word_1_11' title='bbox 277 819 325 881; x_wconf 95' lang='lat' dir='ltr'>III</span> <span class='ocrx_word' id='word_1_12' title='bbox 343 817 414 882; x_wconf 91' lang='lat' dir='ltr'>idus</span> <span class='ocrx_word' id='word_1_13' title='bbox 435 819 603 883; x_wconf 81' lang='lat' dir='ltr'><strong>novembr.</strong></span> <span class='ocrx_word' id='word_1_14' title='bbox 624 818 844 907; x_wconf 87' lang='lat' dir='ltr'>triumphavit.</span> <span class='ocrx_word' id='word_1_15' title='bbox 863 819 1007 882; x_wconf 88' lang='lat' dir='ltr'>Ductum</span> <span class='ocrx_word' id='word_1_16' title='bbox 1029 819 1070 883; x_wconf 92' lang='lat' dir='ltr'>ab</span> <span class='ocrx_word' id='word_1_17' title='bbox 1092 819 1157 882; x_wconf 92' lang='lat' dir='ltr'>hoc</span> 
     </span>
     <span class='ocr_line' id='line_1_3' title="bbox 101 919 1158 1009; baseline 0.006 -28"><span class='ocrx_word' id='word_1_18' title='bbox 101 921 132 982; x_wconf 90' lang='lat' dir='ltr'>in</span> <span class='ocrx_word' id='word_1_19' title='bbox 152 919 319 1006; x_wconf 90' lang='lat' dir='ltr'>triumpho</span> <span class='ocrx_word' id='word_1_20' title='bbox 335 920 569 1002; x_wconf 77' lang='lat' dir='ltr'><strong>Aristonicum,</strong></span> <span class='ocrx_word' id='word_1_21' title='bbox 583 937 660 984; x_wconf 89' lang='lat' dir='ltr'>sunt</span> <span class='ocrx_word' id='word_1_22' title='bbox 672 921 729 1008; x_wconf 94' lang='lat' dir='ltr'>qui</span> <span class='ocrx_word' id='word_1_23' title='bbox 745 936 884 1009; x_wconf 90' lang='lat' dir='ltr'>putent:</span> <span class='ocrx_word' id='word_1_24' title='bbox 902 920 988 984; x_wconf 82' lang='lat' dir='ltr'>mihi</span> <span class='ocrx_word' id='word_1_25' title='bbox 999 922 1106 985; x_wconf 76' lang='lat' dir='ltr'>verior</span> <span class='ocrx_word' id='word_1_26' title='bbox 1122 945 1158 987; x_wconf 84' lang='lat' dir='ltr'>ea</span> 
     </span>
     <span class='ocr_line' id='line_1_4' title="bbox 100 1021 1158 1110; baseline 0.007 -29"><span class='ocrx_word' id='word_1_27' title='bbox 100 1021 213 1108; x_wconf 87' lang='lat' dir='ltr'>opinio</span> <span class='ocrx_word' id='word_1_28' title='bbox 224 1021 289 1084; x_wconf 84' lang='lat' dir='ltr'>risa</span> <span class='ocrx_word' id='word_1_29' title='bbox 305 1037 367 1102; x_wconf 88' lang='lat' dir='ltr'>est,</span> <span class='ocrx_word' id='word_1_30' title='bbox 381 1045 478 1108; x_wconf 89' lang='lat' dir='ltr'>quarn</span> <span class='ocrx_word' id='word_1_31' title='bbox 490 1023 655 1110; x_wconf 81' lang='lat' dir='ltr'>superiore</span> <span class='ocrx_word' id='word_1_32' title='bbox 665 1023 749 1086; x_wconf 91' lang='lat' dir='ltr'>libro</span> <span class='ocrx_word' id='word_1_33' title='bbox 760 1022 865 1086; x_wconf 88' lang='lat' dir='ltr'>retuli.</span> <span class='ocrx_word' id='word_1_34' title='bbox 883 1024 1050 1087; x_wconf 88' lang='lat' dir='ltr'>Honorem</span> <span class='ocrx_word' id='word_1_35' title='bbox 1061 1024 1158 1088; x_wconf 88' lang='lat' dir='ltr'>istum</span> 
     </span>
     <span class='ocr_line' id='line_1_5' title="bbox 101 1121 1160 1212; baseline 0.004 -28"><span class='ocrx_word' id='word_1_36' title='bbox 101 1122 351 1208; x_wconf 85' lang='lat' dir='ltr'>haudquaquam</span> <span class='ocrx_word' id='word_1_37' title='bbox 382 1123 451 1187; x_wconf 90' lang='lat' dir='ltr'>siue</span> <span class='ocrx_word' id='word_1_38' title='bbox 480 1123 659 1187; x_wconf 90' lang='lat' dir='ltr'>multorum</span> <span class='ocrx_word' id='word_1_39' title='bbox 687 1122 908 1212; x_wconf 79' lang='lat' dir='ltr'>indignatione</span> <span class='ocrx_word' id='word_1_40' title='bbox 935 1121 1101 1188; x_wconf 88' lang='lat' dir='ltr'>decretum</span> <span class='ocrx_word' id='word_1_41' title='bbox 1131 1126 1160 1188; x_wconf 92' lang='lat' dir='ltr'>ei</span> 
     </span>
     <span class='ocr_line' id='line_1_6' title="bbox 100 1223 1159 1313; baseline 0.008 -31"><span class='ocrx_word' id='word_1_42' title='bbox 100 1223 216 1296; x_wconf 83' lang='lat' dir='ltr'>fuisse,</span> <span class='ocrx_word' id='word_1_43' title='bbox 234 1238 426 1311; x_wconf 87' lang='lat' dir='ltr'>argumento</span> <span class='ocrx_word' id='word_1_44' title='bbox 443 1239 511 1304; x_wconf 88' lang='lat' dir='ltr'>est,</span> <span class='ocrx_word' id='word_1_45' title='bbox 527 1223 617 1311; x_wconf 89' lang='lat' dir='ltr'>quod</span> <span class='ocrx_word' id='word_1_46' title='bbox 628 1224 725 1311; x_wconf 90' lang='lat' dir='ltr'>paulo</span> <span class='ocrx_word' id='word_1_47' title='bbox 743 1238 818 1311; x_wconf 93' lang='lat' dir='ltr'>post</span> <span class='ocrx_word' id='word_1_48' title='bbox 834 1246 854 1286; x_wconf 91' lang='lat' dir='ltr'>a</span> <span class='ocrx_word' id='word_1_49' title='bbox 868 1223 904 1288; x_wconf 92' lang='lat' dir='ltr'>P.</span> <span class='ocrx_word' id='word_1_50' title='bbox 916 1225 1056 1289; x_wconf 84' lang='lat' dir='ltr'>Lentulo</span> <span class='ocrx_word' id='word_1_51' title='bbox 1069 1226 1159 1313; x_wconf 88' lang='lat' dir='ltr'>prin·</span> 
     </span>
     <span class='ocr_line' id='line_1_7' title="bbox 100 1323 1158 1413; baseline 0.007 -29"><span class='ocrx_word' id='word_1_52' title='bbox 100 1323 170 1410; x_wconf 84' lang='lat' dir='ltr'>cipe</span> <span class='ocrx_word' id='word_1_53' title='bbox 188 1339 335 1402; x_wconf 89' lang='lat' dir='ltr'>senatus,</span> <span class='ocrx_word' id='word_1_54' title='bbox 352 1324 572 1412; x_wconf 82' lang='lat' dir='ltr'>subscriptore</span> <span class='ocrx_word' id='word_1_55' title='bbox 590 1326 628 1388; x_wconf 92' lang='lat' dir='ltr'>C.</span> <span class='ocrx_word' id='word_1_56' title='bbox 644 1324 766 1387; x_wconf 89' lang='lat' dir='ltr'>Rutilio</span> <span class='ocrx_word' id='word_1_57' title='bbox 781 1324 885 1404; x_wconf 84' lang='lat' dir='ltr'>Ruso,</span> <span class='ocrx_word' id='word_1_58' title='bbox 904 1323 1158 1413; x_wconf 90' lang='lat' dir='ltr'>repetundarum</span> 
     </span>
     <span class='ocr_line' id='line_1_8' title="bbox 99 1423 1160 1512; baseline 0.005 -26"><span class='ocrx_word' id='word_1_59' title='bbox 99 1425 279 1509; x_wconf 90' lang='lat' dir='ltr'>postulatus</span> <span class='ocrx_word' id='word_1_60' title='bbox 295 1424 377 1508; x_wconf 77' lang='lat' dir='ltr'>fuit,</span> <span class='ocrx_word' id='word_1_61' title='bbox 394 1441 427 1488; x_wconf 87' lang='lat' dir='ltr'>et</span> <span class='ocrx_word' id='word_1_62' title='bbox 443 1425 610 1489; x_wconf 91' lang='lat' dir='ltr'>absolutus</span> <span class='ocrx_word' id='word_1_63' title='bbox 629 1446 836 1512; x_wconf 90' lang='lat' dir='ltr'>magnacum</span> <span class='ocrx_word' id='word_1_64' title='bbox 852 1423 984 1488; x_wconf 84' lang='lat' dir='ltr'>infamia</span> <span class='ocrx_word' id='word_1_65' title='bbox 995 1424 1160 1509; x_wconf 84' lang='lat' dir='ltr'>judicum,</span> 
     </span>
     <span class='ocr_line' id='line_1_9' title="bbox 100 1524 1160 1615; baseline 0.005 -28"><span class='ocrx_word' id='word_1_66' title='bbox 100 1525 145 1588; x_wconf 90' lang='lat' dir='ltr'>sic</span> <span class='ocrx_word' id='word_1_67' title='bbox 161 1547 293 1612; x_wconf 87' lang='lat' dir='ltr'>quoque</span> <span class='ocrx_word' id='word_1_68' title='bbox 310 1526 518 1590; x_wconf 88' lang='lat' dir='ltr'>manifestum</span> <span class='ocrx_word' id='word_1_69' title='bbox 537 1527 632 1607; x_wconf 86' lang='lat' dir='ltr'>fecit,</span> <span class='ocrx_word' id='word_1_70' title='bbox 649 1525 769 1614; x_wconf 90' lang='lat' dir='ltr'>quibus</span> <span class='ocrx_word' id='word_1_71' title='bbox 787 1524 929 1607; x_wconf 90' lang='lat' dir='ltr'>artibus,</span> <span class='ocrx_word' id='word_1_72' title='bbox 949 1526 1160 1615; x_wconf 89' lang='lat' dir='ltr'>qualiumque</span> 
     </span>
     <span class='ocr_line' id='line_1_10' title="bbox 100 1625 887 1714; baseline 0.004 -26"><span class='ocrx_word' id='word_1_73' title='bbox 100 1625 273 1689; x_wconf 89' lang='lat' dir='ltr'>hominum</span> <span class='ocrx_word' id='word_1_74' title='bbox 289 1627 404 1692; x_wconf 90' lang='lat' dir='ltr'>studiis</span> <span class='ocrx_word' id='word_1_75' title='bbox 418 1627 622 1714; x_wconf 85' lang='lat' dir='ltr'>triumphurn</span> <span class='ocrx_word' id='word_1_76' title='bbox 640 1641 723 1691; x_wconf 86' lang='lat' dir='ltr'>esset</span> <span class='ocrx_word' id='word_1_77' title='bbox 740 1625 887 1714; x_wconf 89' lang='lat' dir='ltr'>adeptus.</span> 
     </span>
    </p>

    <p class='ocr_par' dir='ltr' id='par_1_3' title="bbox 98 1726 1162 3104">
     <span class='ocr_line' id='line_1_11' title="bbox 143 1726 1158 1796; baseline 0.006 -7"><span class='ocrx_word' id='word_1_78' title='bbox 143 1728 264 1791; x_wconf 88' lang='lat' dir='ltr'><strong>XVIII.</strong></span> <span class='ocrx_word' id='word_1_79' title='bbox 291 1729 460 1791; x_wconf 83' lang='lat' dir='ltr'>Proximus</span> <span class='ocrx_word' id='word_1_80' title='bbox 480 1726 598 1791; x_wconf 87' lang='lat' dir='ltr'>deinde</span> <span class='ocrx_word' id='word_1_81' title='bbox 619 1751 725 1792; x_wconf 91' lang='lat' dir='ltr'>annus</span> <span class='ocrx_word' id='word_1_82' title='bbox 747 1728 792 1794; x_wconf 87' lang='lat' dir='ltr'>M.</span> <span class='ocrx_word' id='word_1_83' title='bbox 810 1728 972 1792; x_wconf 87' lang='lat' dir='ltr'>Plautium</span> <span class='ocrx_word' id='word_1_84' title='bbox 989 1732 1024 1794; x_wconf 92' lang='lat' dir='ltr'>L.</span> <span class='ocrx_word' id='word_1_85' title='bbox 1039 1732 1072 1796; x_wconf 82' lang='lat' dir='ltr'>F.</span> <span class='ocrx_word' id='word_1_86' title='bbox 1086 1732 1158 1794; x_wconf 91' lang='lat' dir='ltr'>Hu-</span> 
     </span>
     <span class='ocr_line' id='line_1_12' title="bbox 101 1829 1158 1915; baseline 0.005 -25"><span class='ocrx_word' id='word_1_87' title='bbox 101 1852 240 1915; x_wconf 87' lang='lat' dir='ltr'>psaeum,</span> <span class='ocrx_word' id='word_1_88' title='bbox 264 1830 308 1892; x_wconf 87' lang='lat' dir='ltr'>M.</span> <span class='ocrx_word' id='word_1_89' title='bbox 326 1830 477 1893; x_wconf 85' lang='lat' dir='ltr'>Fulvium</span> <span class='ocrx_word' id='word_1_90' title='bbox 494 1830 539 1892; x_wconf 85' lang='lat' dir='ltr'>M.</span> <span class='ocrx_word' id='word_1_91' title='bbox 549 1829 587 1891; x_wconf 85' lang='lat' dir='ltr'>F.</span> <span class='ocrx_word' id='word_1_92' title='bbox 601 1830 693 1910; x_wconf 92' lang='lat' dir='ltr'><strong>Q.N.</strong></span> <span class='ocrx_word' id='word_1_93' title='bbox 712 1830 864 1892; x_wconf 87' lang='lat' dir='ltr'>Flaccum</span> <span class='ocrx_word' id='word_1_94' title='bbox 892 1832 1041 1895; x_wconf 88' lang='lat' dir='ltr'>consules</span> <span class='ocrx_word' id='word_1_95' title='bbox 1068 1829 1158 1896; x_wconf 83' lang='lat' dir='ltr'>vidit.</span> 
     </span>
     <span class='ocr_line' id='line_1_13' title="bbox 99 1928 1162 2016; baseline 0.008 -26"><span class='ocrx_word' id='word_1_96' title='bbox 99 1929 186 1991; x_wconf 89' lang='lat' dir='ltr'>Tum</span> <span class='ocrx_word' id='word_1_97' title='bbox 202 1950 334 2014; x_wconf 90' lang='lat' dir='ltr'>quoque</span> <span class='ocrx_word' id='word_1_98' title='bbox 351 1951 424 1990; x_wconf 86' lang='lat' dir='ltr'>non.</span> <span class='ocrx_word' id='word_1_99' title='bbox 435 1928 553 1992; x_wconf 81' lang='lat' dir='ltr'>leviora</span> <span class='ocrx_word' id='word_1_100' title='bbox 568 1929 731 2016; x_wconf 91' lang='lat' dir='ltr'>prioribus</span> <span class='ocrx_word' id='word_1_101' title='bbox 742 1929 889 2016; x_wconf 84' lang='lat' dir='ltr'>prodigia</span> <span class='ocrx_word' id='word_1_102' title='bbox 905 1932 1052 1995; x_wconf 90' lang='lat' dir='ltr'>nuntiata</span> <span class='ocrx_word' id='word_1_103' title='bbox 1070 1956 1078 1997; x_wconf 91' lang='lat'>:</span> <span class='ocrx_word' id='word_1_104' title='bbox 1094 1933 1162 1997; x_wconf 85' lang='lat' dir='ltr'>fru-</span> 
     </span>
     <span class='ocr_line' id='line_1_14' title="bbox 99 2025 1159 2122; baseline 0.006 -30"><span class='ocrx_word' id='word_1_105' title='bbox 99 2052 154 2116; x_wconf 85' lang='lat' dir='ltr'>ges</span> <span class='ocrx_word' id='word_1_106' title='bbox 168 2029 202 2091; x_wconf 93' lang='lat' dir='ltr'>in</span> <span class='ocrx_word' id='word_1_107' title='bbox 216 2029 385 2091; x_wconf 86' lang='lat' dir='ltr'>arboribus</span> <span class='ocrx_word' id='word_1_108' title='bbox 401 2044 500 2109; x_wconf 79' lang='lat' dir='ltr'>natac3</span> <span class='ocrx_word' id='word_1_109' title='bbox 517 2029 606 2093; x_wconf 89' lang='lat' dir='ltr'>lactis</span> <span class='ocrx_word' id='word_1_110' title='bbox 620 2045 654 2093; x_wconf 88' lang='lat' dir='ltr'>et</span> <span class='ocrx_word' id='word_1_111' title='bbox 671 2030 735 2092; x_wconf 91' lang='lat' dir='ltr'>olei</span> <span class='ocrx_word' id='word_1_112' title='bbox 750 2030 866 2117; x_wconf 85' lang='lat' dir='ltr'>pluviae</span> <span class='ocrx_word' id='word_1_113' title='bbox 879 2032 913 2093; x_wconf 93' lang='lat' dir='ltr'>in</span> <span class='ocrx_word' id='word_1_114' title='bbox 927 2032 1046 2096; x_wconf 84' lang='lat' dir='ltr'>veienti</span> <span class='ocrx_word' id='word_1_115' title='bbox 1062 2025 1159 2122; x_wconf 87' lang='lat' dir='ltr'>agro,</span> 
     </span>
     <span class='ocr_line' id='line_1_15' title="bbox 99 2130 1156 2223; baseline 0.004 -29"><span class='ocrx_word' id='word_1_116' title='bbox 99 2131 242 2220; x_wconf 89' lang='lat' dir='ltr'>lapidum</span> <span class='ocrx_word' id='word_1_117' title='bbox 259 2131 374 2217; x_wconf 87' lang='lat' dir='ltr'>Arpis;</span> <span class='ocrx_word' id='word_1_118' title='bbox 391 2130 482 2194; x_wconf 92' lang='lat' dir='ltr'>bubo</span> <span class='ocrx_word' id='word_1_119' title='bbox 499 2131 595 2193; x_wconf 92' lang='lat' dir='ltr'>etiam</span> <span class='ocrx_word' id='word_1_120' title='bbox 612 2131 645 2193; x_wconf 94' lang='lat' dir='ltr'>in</span> <span class='ocrx_word' id='word_1_121' title='bbox 662 2130 819 2219; x_wconf 83' lang='lat' dir='ltr'>Capitolio</span> <span class='ocrx_word' id='word_1_122' title='bbox 837 2133 944 2214; x_wconf 79' lang='lat' dir='ltr'>visus3</span> <span class='ocrx_word' id='word_1_123' title='bbox 962 2150 995 2196; x_wconf 88' lang='lat' dir='ltr'>et</span> <span class='ocrx_word' id='word_1_124' title='bbox 1010 2135 1156 2223; x_wconf 86' lang='lat' dir='ltr'>ambigui</span> 
     </span>
     <span class='ocr_line' id='line_1_16' title="bbox 99 2229 1158 2317; baseline 0.005 -23"><span class='ocrx_word' id='word_1_125' title='bbox 99 2254 192 2294; x_wconf 88' lang='lat' dir='ltr'>sexus</span> <span class='ocrx_word' id='word_1_126' title='bbox 218 2231 318 2294; x_wconf 94' lang='lat' dir='ltr'>homo</span> <span class='ocrx_word' id='word_1_127' title='bbox 345 2245 492 2316; x_wconf 89' lang='lat' dir='ltr'>repertus</span> <span class='ocrx_word' id='word_1_128' title='bbox 515 2231 626 2292; x_wconf 87' lang='lat' dir='ltr'>Romae</span> <span class='ocrx_word' id='word_1_129' title='bbox 653 2252 661 2294; x_wconf 93' lang='lat'><strong>:</strong></span> <span class='ocrx_word' id='word_1_130' title='bbox 685 2230 729 2294; x_wconf 94' lang='lat' dir='ltr'>ob</span> <span class='ocrx_word' id='word_1_131' title='bbox 754 2229 845 2317; x_wconf 89' lang='lat' dir='ltr'>quod</span> <span class='ocrx_word' id='word_1_132' title='bbox 862 2230 1038 2296; x_wconf 88' lang='lat' dir='ltr'>decemviri</span> <span class='ocrx_word' id='word_1_133' title='bbox 1059 2234 1158 2300; x_wconf 88' lang='lat' dir='ltr'>libros</span> 
     </span>
     <span class='ocr_line' id='line_1_17' title="bbox 99 2331 1157 2420; baseline 0.003 -24"><span class='ocrx_word' id='word_1_134' title='bbox 99 2332 185 2397; x_wconf 89' lang='lat' dir='ltr'>adire</span> <span class='ocrx_word' id='word_1_135' title='bbox 208 2331 305 2413; x_wconf 89' lang='lat' dir='ltr'>jussi,</span> <span class='ocrx_word' id='word_1_136' title='bbox 322 2353 437 2420; x_wconf 86' lang='lat' dir='ltr'>magna</span> <span class='ocrx_word' id='word_1_137' title='bbox 452 2331 588 2420; x_wconf 87' lang='lat' dir='ltr'>imperio</span> <span class='ocrx_word' id='word_1_138' title='bbox 607 2331 768 2418; x_wconf 88' lang='lat' dir='ltr'>pericula,</span> <span class='ocrx_word' id='word_1_139' title='bbox 786 2348 819 2395; x_wconf 90' lang='lat' dir='ltr'>et</span> <span class='ocrx_word' id='word_1_140' title='bbox 837 2333 977 2397; x_wconf 87' lang='lat' dir='ltr'>incertos</span> <span class='ocrx_word' id='word_1_141' title='bbox 995 2333 1157 2400; x_wconf 90' lang='lat' dir='ltr'>bellorum</span> 
     </span>
     <span class='ocr_line' id='line_1_18' title="bbox 100 2432 1158 2520; baseline 0.004 -22"><span class='ocrx_word' id='word_1_142' title='bbox 100 2451 207 2497; x_wconf 92' lang='lat' dir='ltr'>motus</span> <span class='ocrx_word' id='word_1_143' title='bbox 224 2434 341 2496; x_wconf 90' lang='lat' dir='ltr'>instare</span> <span class='ocrx_word' id='word_1_144' title='bbox 357 2432 548 2496; x_wconf 89' lang='lat' dir='ltr'>retulerunt.</span> <span class='ocrx_word' id='word_1_145' title='bbox 566 2433 680 2499; x_wconf 69' lang='lat' dir='ltr'>Atrion</span> <span class='ocrx_word' id='word_1_146' title='bbox 699 2456 831 2520; x_wconf 90' lang='lat' dir='ltr'>quoque</span> <span class='ocrx_word' id='word_1_147' title='bbox 847 2435 981 2498; x_wconf 85' lang='lat' dir='ltr'>vastatio</span> <span class='ocrx_word' id='word_1_148' title='bbox 995 2435 1158 2502; x_wconf 83' lang='lat' dir='ltr'>horribilis</span> 
     </span>
     <span class='ocr_line' id='line_1_19' title="bbox 98 2533 1158 2628; baseline 0.004 -29"><span class='ocrx_word' id='word_1_149' title='bbox 98 2535 139 2599; x_wconf 91' lang='lat' dir='ltr'>ad</span> <span class='ocrx_word' id='word_1_150' title='bbox 156 2537 255 2598; x_wconf 90' lang='lat' dir='ltr'>instar</span> <span class='ocrx_word' id='word_1_151' title='bbox 271 2533 410 2624; x_wconf 89' lang='lat' dir='ltr'>prodigii</span> <span class='ocrx_word' id='word_1_152' title='bbox 429 2550 556 2621; x_wconf 90' lang='lat' dir='ltr'>accepta</span> <span class='ocrx_word' id='word_1_153' title='bbox 572 2550 621 2597; x_wconf 87' lang='lat' dir='ltr'>est</span> <span class='ocrx_word' id='word_1_154' title='bbox 638 2557 646 2597; x_wconf 78' lang='lat' dir='ltr'>t</span> <span class='ocrx_word' id='word_1_155' title='bbox 661 2535 753 2614; x_wconf 88' lang='lat' dir='ltr'>cujus</span> <span class='ocrx_word' id='word_1_156' title='bbox 770 2557 883 2598; x_wconf 89' lang='lat' dir='ltr'>omnes</span> <span class='ocrx_word' id='word_1_157' title='bbox 900 2537 932 2598; x_wconf 92' lang='lat' dir='ltr'>in</span> <span class='ocrx_word' id='word_1_158' title='bbox 948 2538 1032 2625; x_wconf 90' lang='lat' dir='ltr'>agris</span> <span class='ocrx_word' id='word_1_159' title='bbox 1050 2538 1158 2628; x_wconf 89' lang='lat' dir='ltr'>fruges</span> 
     </span>
     <span class='ocr_line' id='line_1_20' title="bbox 99 2634 1159 2724; baseline 0.003 -24"><span class='ocrx_word' id='word_1_160' title='bbox 99 2637 298 2724; x_wconf 87' lang='lat' dir='ltr'>herbasque,</span> <span class='ocrx_word' id='word_1_161' title='bbox 316 2659 390 2699; x_wconf 91' lang='lat' dir='ltr'>cum</span> <span class='ocrx_word' id='word_1_162' title='bbox 411 2636 486 2723; x_wconf 86' lang='lat' dir='ltr'>ipsis</span> <span class='ocrx_word' id='word_1_163' title='bbox 509 2636 664 2699; x_wconf 91' lang='lat' dir='ltr'>arborum</span> <span class='ocrx_word' id='word_1_164' title='bbox 686 2634 789 2715; x_wconf 90' lang='lat' dir='ltr'>foliis,</span> <span class='ocrx_word' id='word_1_165' title='bbox 812 2650 984 2722; x_wconf 88' lang='lat' dir='ltr'>postquam</span> <span class='ocrx_word' id='word_1_166' title='bbox 1002 2637 1159 2704; x_wconf 84' lang='lat' dir='ltr'>immensa</span> 
     </span>
     <span class='ocr_line' id='line_1_21' title="bbox 98 2733 1157 2826; baseline 0.002 -24"><span class='ocrx_word' id='word_1_167' title='bbox 98 2740 294 2802; x_wconf 90' lang='lat' dir='ltr'>locustarum</span> <span class='ocrx_word' id='word_1_168' title='bbox 311 2738 416 2800; x_wconf 88' lang='lat' dir='ltr'>nubes</span> <span class='ocrx_word' id='word_1_169' title='bbox 431 2735 599 2815; x_wconf 87' lang='lat' dir='ltr'>exederat,</span> <span class='ocrx_word' id='word_1_170' title='bbox 617 2734 734 2799; x_wconf 89' lang='lat' dir='ltr'>deinde</span> <span class='ocrx_word' id='word_1_171' title='bbox 754 2733 853 2798; x_wconf 76' lang='lat' dir='ltr'>nerito</span> <span class='ocrx_word' id='word_1_172' title='bbox 870 2734 1003 2822; x_wconf 91' lang='lat' dir='ltr'>depulsa</span> <span class='ocrx_word' id='word_1_173' title='bbox 1019 2738 1052 2801; x_wconf 92' lang='lat' dir='ltr'>in</span> <span class='ocrx_word' id='word_1_174' title='bbox 1069 2741 1157 2826; x_wconf 86' lang='lat' dir='ltr'>pela-</span> 
     </span>
     <span class='ocr_line' id='line_1_22' title="bbox 98 2835 1157 2927; baseline 0.003 -25"><span class='ocrx_word' id='word_1_175' title='bbox 98 2863 158 2927; x_wconf 87' lang='lat' dir='ltr'>gus</span> <span class='ocrx_word' id='word_1_176' title='bbox 174 2839 294 2918; x_wconf 87' lang='lat' dir='ltr'>fuerat,</span> <span class='ocrx_word' id='word_1_177' title='bbox 317 2837 476 2926; x_wconf 89' lang='lat' dir='ltr'>duplicata</span> <span class='ocrx_word' id='word_1_178' title='bbox 495 2836 654 2898; x_wconf 85' lang='lat' dir='ltr'>calamitas</span> <span class='ocrx_word' id='word_1_179' title='bbox 675 2851 740 2916; x_wconf 87' lang='lat' dir='ltr'>est;</span> <span class='ocrx_word' id='word_1_180' title='bbox 764 2835 877 2898; x_wconf 88' lang='lat' dir='ltr'>iisdem</span> <span class='ocrx_word' id='word_1_181' title='bbox 899 2836 1061 2919; x_wconf 86' lang='lat' dir='ltr'>bestiolis,</span> <span class='ocrx_word' id='word_1_182' title='bbox 1085 2862 1157 2926; x_wconf 79' lang='lat' dir='ltr'>quae</span> 
     </span>
     <span class='ocr_line' id='line_1_23' title="bbox 98 2935 1156 3023; baseline 0.003 -21"><span class='ocrx_word' id='word_1_183' title='bbox 98 2939 234 3003; x_wconf 82' lang='lat' dir='ltr'>vivendo</span> <span class='ocrx_word' id='word_1_184' title='bbox 255 2941 372 3001; x_wconf 88' lang='lat' dir='ltr'>samem</span> <span class='ocrx_word' id='word_1_185' title='bbox 389 2939 549 3016; x_wconf 82' lang='lat' dir='ltr'>fecerant,</span> <span class='ocrx_word' id='word_1_186' title='bbox 572 2951 756 3018; x_wconf 82' lang='lat' dir='ltr'>mortesua</span> <span class='ocrx_word' id='word_1_187' title='bbox 779 2935 992 3023; x_wconf 80' lang='lat' dir='ltr'>pestilentiam</span> <span class='ocrx_word' id='word_1_188' title='bbox 1015 2954 1156 3006; x_wconf 85' lang='lat' dir='ltr'>atrocem</span> 
     </span>
     <span class='ocr_line' id='line_1_24' title="bbox 98 3041 320 3104; baseline 0 -1"><span class='ocrx_word' id='word_1_189' title='bbox 98 3041 320 3104; x_wconf 83' lang='lat' dir='ltr'>excitantibus.</span> 
     </span>
    </p>

    <p class='ocr_par' dir='ltr' id='par_1_4' title="bbox 96 3139 1158 4037">
     <span class='ocr_line' id='line_1_25' title="bbox 142 3139 1155 3231; baseline 0.002 -26"><span class='ocrx_word' id='word_1_190' title='bbox 142 3142 231 3206; x_wconf 79' lang='lat' dir='ltr'>XIX.</span> <span class='ocrx_word' id='word_1_191' title='bbox 248 3142 382 3205; x_wconf 89' lang='lat' dir='ltr'>Stabant</span> <span class='ocrx_word' id='word_1_192' title='bbox 397 3141 547 3205; x_wconf 88' lang='lat' dir='ltr'>immensi</span> <span class='ocrx_word' id='word_1_193' title='bbox 563 3141 596 3204; x_wconf 92' lang='lat' dir='ltr'>in</span> <span class='ocrx_word' id='word_1_194' title='bbox 613 3139 761 3205; x_wconf 87' lang='lat' dir='ltr'>litoribus</span> <span class='ocrx_word' id='word_1_195' title='bbox 776 3142 898 3221; x_wconf 85' lang='lat' dir='ltr'>acervi,</span> <span class='ocrx_word' id='word_1_196' title='bbox 915 3140 1013 3205; x_wconf 90' lang='lat' dir='ltr'>undis</span> <span class='ocrx_word' id='word_1_197' title='bbox 1026 3165 1065 3207; x_wconf 88' lang='lat' dir='ltr'>eo</span> <span class='ocrx_word' id='word_1_198' title='bbox 1078 3166 1155 3231; x_wconf 90' lang='lat' dir='ltr'>pro·</span> 
     </span>
     <span class='ocr_line' id='line_1_26' title="bbox 97 3242 1158 3331; baseline 0.003 -26"><span class='ocrx_word' id='word_1_199' title='bbox 97 3243 308 3330; x_wconf 86' lang='lat' dir='ltr'>pellentibus,</span> <span class='ocrx_word' id='word_1_200' title='bbox 323 3242 585 3331; x_wconf 87' lang='lat' dir='ltr'>mortiferamque</span> <span class='ocrx_word' id='word_1_201' title='bbox 596 3243 702 3306; x_wconf 86' lang='lat' dir='ltr'>tabern</span> <span class='ocrx_word' id='word_1_202' title='bbox 715 3264 790 3306; x_wconf 88' lang='lat' dir='ltr'>cum</span> <span class='ocrx_word' id='word_1_203' title='bbox 804 3243 1093 3324; x_wconf 81' lang='lat' dir='ltr'>teterrimofoetore</span> <span class='ocrx_word' id='word_1_204' title='bbox 1105 3268 1158 3308; x_wconf 89' lang='lat' dir='ltr'>ex·</span> 
     </span>
     <span class='ocr_line' id='line_1_27' title="bbox 97 3343 1153 3433; baseline 0.006 -28"><span class='ocrx_word' id='word_1_205' title='bbox 97 3345 263 3424; x_wconf 86' lang='lat' dir='ltr'>halabant,</span> <span class='ocrx_word' id='word_1_206' title='bbox 275 3343 379 3408; x_wconf 92' lang='lat' dir='ltr'>donec</span> <span class='ocrx_word' id='word_1_207' title='bbox 388 3345 517 3433; x_wconf 84' lang='lat' dir='ltr'>vulgato</span> <span class='ocrx_word' id='word_1_208' title='bbox 527 3367 586 3433; x_wconf 86' lang='lat' dir='ltr'>per</span> <span class='ocrx_word' id='word_1_209' title='bbox 595 3367 692 3408; x_wconf 91' lang='lat' dir='ltr'>omne</span> <span class='ocrx_word' id='word_1_210' title='bbox 702 3366 805 3432; x_wconf 83' lang='lat' dir='ltr'>genus</span> <span class='ocrx_word' id='word_1_211' title='bbox 815 3344 1005 3419; x_wconf 83' lang='lat' dir='ltr'>animalium</span> <span class='ocrx_word' id='word_1_212' title='bbox 1017 3347 1153 3427; x_wconf 88' lang='lat' dir='ltr'>morbo,</span> 
     </span>
     <span class='ocr_line' id='line_1_28' title="bbox 96 3444 1153 3536; baseline 0.009 -31"><span class='ocrx_word' id='word_1_213' title='bbox 96 3444 300 3508; x_wconf 87' lang='lat' dir='ltr'>cadaveribus</span> <span class='ocrx_word' id='word_1_214' title='bbox 314 3447 432 3533; x_wconf 86' lang='lat' dir='ltr'>passim</span> <span class='ocrx_word' id='word_1_215' title='bbox 443 3448 552 3510; x_wconf 92' lang='lat' dir='ltr'>omnia</span> <span class='ocrx_word' id='word_1_216' title='bbox 565 3447 814 3535; x_wconf 88' lang='lat' dir='ltr'>complerentur.</span> <span class='ocrx_word' id='word_1_217' title='bbox 828 3445 912 3510; x_wconf 91' lang='lat' dir='ltr'>Nam</span> <span class='ocrx_word' id='word_1_218' title='bbox 923 3448 1000 3510; x_wconf 88' lang='lat' dir='ltr'>etin</span> <span class='ocrx_word' id='word_1_219' title='bbox 1010 3448 1153 3536; x_wconf 80' lang='lat' dir='ltr'>Micipsae</span> 
     </span>
     <span class='ocr_line' id='line_1_29' title="bbox 98 3540 1153 3636; baseline 0.008 -30"><span class='ocrx_word' id='word_1_220' title='bbox 98 3568 198 3632; x_wconf 86' lang='lat' dir='ltr'>regno</span> <span class='ocrx_word' id='word_1_221' title='bbox 220 3545 260 3609; x_wconf 92' lang='lat' dir='ltr'>ad</span> <span class='ocrx_word' id='word_1_222' title='bbox 276 3549 461 3636; x_wconf 82' lang='lat' dir='ltr'>octingenta</span> <span class='ocrx_word' id='word_1_223' title='bbox 479 3549 575 3612; x_wconf 87' lang='lat' dir='ltr'>millia</span> <span class='ocrx_word' id='word_1_224' title='bbox 591 3549 762 3612; x_wconf 89' lang='lat' dir='ltr'>hominum</span> <span class='ocrx_word' id='word_1_225' title='bbox 780 3564 850 3610; x_wconf 90' lang='lat' dir='ltr'>tum</span> <span class='ocrx_word' id='word_1_226' title='bbox 869 3540 1044 3630; x_wconf 88' lang='lat' dir='ltr'>interiisse,</span> <span class='ocrx_word' id='word_1_227' title='bbox 1068 3567 1101 3632; x_wconf 85' lang='lat' dir='ltr'>et</span> <span class='ocrx_word' id='word_1_228' title='bbox 1119 3552 1153 3614; x_wconf 95' lang='lat' dir='ltr'>in</span> 
     </span>
     <span class='ocr_line' id='line_1_30' title="bbox 99 3647 1152 3736; baseline 0.008 -28"><span class='ocrx_word' id='word_1_229' title='bbox 99 3647 263 3734; x_wconf 88' lang='lat' dir='ltr'>provincia</span> <span class='ocrx_word' id='word_1_230' title='bbox 291 3649 536 3736; x_wconf 86' lang='lat' dir='ltr'>carthaginiensi</span> <span class='ocrx_word' id='word_1_231' title='bbox 563 3672 659 3736; x_wconf 90' lang='lat' dir='ltr'>supra</span> <span class='ocrx_word' id='word_1_232' title='bbox 690 3648 831 3712; x_wconf 91' lang='lat' dir='ltr'>ducenta</span> <span class='ocrx_word' id='word_1_233' title='bbox 861 3649 980 3731; x_wconf 90' lang='lat' dir='ltr'>millia,</span> <span class='ocrx_word' id='word_1_234' title='bbox 1006 3650 1152 3717; x_wconf 90' lang='lat' dir='ltr'>traditur.</span> 
     </span>
     <span class='ocr_line' id='line_1_31' title="bbox 100 3748 1154 3836; baseline 0.006 -26"><span class='ocrx_word' id='word_1_235' title='bbox 100 3749 202 3810; x_wconf 87' lang='lat' dir='ltr'>Etiam</span> <span class='ocrx_word' id='word_1_236' title='bbox 217 3748 336 3827; x_wconf 85' lang='lat' dir='ltr'>Uticae,</span> <span class='ocrx_word' id='word_1_237' title='bbox 355 3748 411 3810; x_wconf 88' lang='lat' dir='ltr'>ubi</span> <span class='ocrx_word' id='word_1_238' title='bbox 428 3749 553 3813; x_wconf 88' lang='lat' dir='ltr'>circiter</span> <span class='ocrx_word' id='word_1_239' title='bbox 569 3749 700 3836; x_wconf 84' lang='lat' dir='ltr'>triginta</span> <span class='ocrx_word' id='word_1_240' title='bbox 714 3748 812 3810; x_wconf 85' lang='lat' dir='ltr'>millia</span> <span class='ocrx_word' id='word_1_241' title='bbox 825 3748 963 3812; x_wconf 90' lang='lat' dir='ltr'>militum</span> <span class='ocrx_word' id='word_1_242' title='bbox 980 3767 1082 3815; x_wconf 85' lang='lat' dir='ltr'>castra</span> <span class='ocrx_word' id='word_1_243' title='bbox 1097 3752 1154 3825; x_wconf 89' lang='lat' dir='ltr'>ha-</span> 
     </span>
     <span class='ocr_line' id='line_1_32' title="bbox 98 3845 1152 3938; baseline 0.007 -27"><span class='ocrx_word' id='word_1_244' title='bbox 98 3847 237 3926; x_wconf 89' lang='lat' dir='ltr'>bebant,</span> <span class='ocrx_word' id='word_1_245' title='bbox 261 3845 301 3909; x_wconf 90' lang='lat' dir='ltr'>ad</span> <span class='ocrx_word' id='word_1_246' title='bbox 318 3848 417 3909; x_wconf 89' lang='lat' dir='ltr'>totius</span> <span class='ocrx_word' id='word_1_247' title='bbox 433 3847 547 3912; x_wconf 77' lang='lat' dir='ltr'>Africae</span> <span class='ocrx_word' id='word_1_248' title='bbox 563 3847 763 3935; x_wconf 71' lang='lat' dir='ltr'>presidium,</span> <span class='ocrx_word' id='word_1_249' title='bbox 784 3846 896 3911; x_wconf 87' lang='lat' dir='ltr'>eadem</span> <span class='ocrx_word' id='word_1_250' title='bbox 911 3848 963 3913; x_wconf 89' lang='lat' dir='ltr'>die</span> <span class='ocrx_word' id='word_1_251' title='bbox 978 3873 1036 3938; x_wconf 92' lang='lat' dir='ltr'>per</span> <span class='ocrx_word' id='word_1_252' title='bbox 1055 3874 1152 3917; x_wconf 88' lang='lat' dir='ltr'>unam</span> 
     </span>
     <span class='ocr_line' id='line_1_33' title="bbox 97 3947 1153 4037; baseline 0.003 -25"><span class='ocrx_word' id='word_1_253' title='bbox 97 3965 222 4037; x_wconf 88' lang='lat' dir='ltr'>portam</span> <span class='ocrx_word' id='word_1_254' title='bbox 242 3947 328 4009; x_wconf 89' lang='lat' dir='ltr'>mille</span> <span class='ocrx_word' id='word_1_255' title='bbox 345 3947 519 4035; x_wconf 89' lang='lat' dir='ltr'>quingenta</span> <span class='ocrx_word' id='word_1_256' title='bbox 539 3949 620 4012; x_wconf 88' lang='lat' dir='ltr'>elata</span> <span class='ocrx_word' id='word_1_257' title='bbox 636 3950 749 4010; x_wconf 87' lang='lat' dir='ltr'>funera</span> <span class='ocrx_word' id='word_1_258' title='bbox 765 3962 861 4027; x_wconf 81' lang='lat' dir='ltr'>sunt3</span> <span class='ocrx_word' id='word_1_259' title='bbox 881 3970 947 4012; x_wconf 93' lang='lat' dir='ltr'>non</span> <span class='ocrx_word' id='word_1_260' title='bbox 968 3951 1153 4016; x_wconf 86' lang='lat' dir='ltr'>remittente</span> 
     </span>
    </p>
   </div>
   <div class='ocr_carea' id='block_1_3' title="bbox 97 4183 1157 4497">
    <p class='ocr_par' dir='ltr' id='par_1_5' title="bbox 97 4183 1157 4497">
     <span class='ocr_line' id='line_1_34' title="bbox 131 4183 1154 4249; baseline 0.007 -17"><span class='ocrx_word' id='word_1_261' title='bbox 131 4184 147 4248; x_wconf 82' lang='lat'><em>§</em></span> <span class='ocrx_word' id='word_1_262' title='bbox 163 4187 246 4232; x_wconf 79' lang='lat' dir='ltr'>xvlt.</span> <span class='ocrx_word' id='word_1_263' title='bbox 260 4183 381 4232; x_wconf 85' lang='lat' dir='ltr'>Plutarch.</span> <span class='ocrx_word' id='word_1_264' title='bbox 395 4211 429 4220; x_wconf 90' lang='lat'><em>-</em></span> <span class='ocrx_word' id='word_1_265' title='bbox 442 4189 511 4249; x_wconf 77' lang='lat' dir='ltr'>Frag.</span> <span class='ocrx_word' id='word_1_266' title='bbox 525 4184 631 4248; x_wconf 78' lang='lat' dir='ltr'>Capitol.</span> <span class='ocrx_word' id='word_1_267' title='bbox 643 4210 676 4220; x_wconf 92' lang='lat'>-</span> <span class='ocrx_word' id='word_1_268' title='bbox 687 4185 750 4234; x_wconf 82' lang='lat' dir='ltr'>Vell.</span> <span class='ocrx_word' id='word_1_269' title='bbox 763 4186 801 4242; x_wconf 89' lang='lat'>11,</span> <span class='ocrx_word' id='word_1_270' title='bbox 815 4193 839 4240; x_wconf 72' lang='grc'>4.</span> <span class='ocrx_word' id='word_1_271' title='bbox 851 4212 886 4223; x_wconf 92' lang='grc'><strong>-</strong></span> <span class='ocrx_word' id='word_1_272' title='bbox 898 4185 996 4235; x_wconf 80' lang='lat' dir='ltr'>Sallust.</span> <span class='ocrx_word' id='word_1_273' title='bbox 1008 4187 1072 4237; x_wconf 83' lang='lat' dir='ltr'>Hiat.</span> <span class='ocrx_word' id='word_1_274' title='bbox 1081 4190 1118 4235; x_wconf 85' lang='lat' dir='ltr'>tv</span> <span class='ocrx_word' id='word_1_275' title='bbox 1127 4191 1154 4239; x_wconf 85' lang='lat' dir='ltr'>in</span> 
     </span>
     <span class='ocr_line' id='line_1_35' title="bbox 98 4268 1155 4338; baseline 0.007 -22"><span class='ocrx_word' id='word_1_276' title='bbox 98 4269 175 4332; x_wconf 73' lang='lat' dir='ltr'>Epist.</span> <span class='ocrx_word' id='word_1_277' title='bbox 187 4270 300 4318; x_wconf 83' lang='lat' dir='ltr'>Mithrid.</span> <span class='ocrx_word' id='word_1_278' title='bbox 312 4297 348 4306; x_wconf 91' lang='lat'>—</span> <span class='ocrx_word' id='word_1_279' title='bbox 359 4270 414 4319; x_wconf 79' lang='lat' dir='ltr'>Civ.</span> <span class='ocrx_word' id='word_1_280' title='bbox 427 4269 511 4317; x_wconf 78' lang='lat' dir='ltr'>Diria.</span> <span class='ocrx_word' id='word_1_281' title='bbox 525 4285 579 4334; x_wconf 78' lang='lat' dir='ltr'>cap.</span> <span class='ocrx_word' id='word_1_282' title='bbox 592 4283 636 4316; x_wconf 78' lang='lat' dir='ltr'>aa.</span> <span class='ocrx_word' id='word_1_283' title='bbox 644 4292 680 4304; x_wconf 90' lang='lat'>-·</span> <span class='ocrx_word' id='word_1_284' title='bbox 688 4268 795 4332; x_wconf 69' lang='lat' dir='ltr'>Appon.</span> <span class='ocrx_word' id='word_1_285' title='bbox 808 4269 1155 4338; x_wconf 68' lang='lat' dir='ltr'>eiv.ut›.1.-Ju1.0s=q.</span> 
     </span>
     <span class='ocr_line' id='line_1_36' title="bbox 97 4349 1157 4414; baseline 0.006 -15"><span class='ocrx_word' id='word_1_286' title='bbox 97 4379 131 4386; x_wconf 92' lang='lat'>-</span> <span class='ocrx_word' id='word_1_287' title='bbox 146 4350 162 4414; x_wconf 71' lang='lat' dir='ltr'>S</span> <span class='ocrx_word' id='word_1_288' title='bbox 179 4354 274 4400; x_wconf 84' lang='lat' dir='ltr'>xvsst.</span> <span class='ocrx_word' id='word_1_289' title='bbox 296 4355 326 4400; x_wconf 90' lang='lat' dir='ltr'>U.</span> <span class='ocrx_word' id='word_1_290' title='bbox 345 4353 373 4401; x_wconf 80' lang='lat'>(2.</span> <span class='ocrx_word' id='word_1_291' title='bbox 387 4352 455 4412; x_wconf 78' lang='lat'>6273</span> <span class='ocrx_word' id='word_1_292' title='bbox 470 4352 500 4399; x_wconf 81' lang='grc' dir='ltr'>Α.</span> <span class='ocrx_word' id='word_1_293' title='bbox 519 4352 548 4400; x_wconf 91' lang='lat' dir='ltr'>C.</span> <span class='ocrx_word' id='word_1_294' title='bbox 566 4351 621 4398; x_wconf 71' lang='grc' dir='ltr'>ηδ.</span> <span class='ocrx_word' id='word_1_295' title='bbox 634 4377 668 4386; x_wconf 87' lang='grc'>-</span> <span class='ocrx_word' id='word_1_296' title='bbox 685 4349 793 4413; x_wconf 64' lang='lat' dir='ltr'>Phlegon</span> <span class='ocrx_word' id='word_1_297' title='bbox 806 4351 919 4400; x_wconf 74' lang='lat' dir='ltr'>Tralllsn.</span> <span class='ocrx_word' id='word_1_298' title='bbox 934 4377 968 4388; x_wconf 93' lang='lat'>·-</span> <span class='ocrx_word' id='word_1_299' title='bbox 982 4353 1054 4401; x_wconf 76' lang='lat' dir='ltr'>Oros.</span> <span class='ocrx_word' id='word_1_300' title='bbox 1064 4357 1097 4413; x_wconf 78' lang='lat' dir='ltr'>V,</span> <span class='ocrx_word' id='word_1_301' title='bbox 1113 4372 1157 4407; x_wconf 83' lang='grc' dir='ltr'>ιι.</span> 
     </span>
     <span class='ocr_line' id='line_1_37' title="bbox 98 4434 486 4497; baseline 0.015 -21"><span class='ocrx_word' id='word_1_302' title='bbox 98 4459 131 4467; x_wconf 91' lang='grc'>-</span> <span class='ocrx_word' id='word_1_303' title='bbox 145 4434 196 4478; x_wconf 79' lang='lat' dir='ltr'>Lir.</span> <span class='ocrx_word' id='word_1_304' title='bbox 211 4434 275 4497; x_wconf 81' lang='lat' dir='ltr'>Epir.</span> <span class='ocrx_word' id='word_1_305' title='bbox 288 4462 322 4470; x_wconf 94' lang='lat'><em>-</em></span> <span class='ocrx_word' id='word_1_306' title='bbox 333 4435 383 4483; x_wconf 73' lang='lat' dir='ltr'>Iul.</span> <span class='ocrx_word' id='word_1_307' title='bbox 396 4435 486 4497; x_wconf 82' lang='lat' dir='ltr'>Obseq.</span> 
     </span>
    </p>
   </div>
   <div class='ocr_carea' id='block_1_4' title="bbox 218 4530 996 4597">
    <p class='ocr_par' dir='ltr' id='par_1_6' title="bbox 218 4530 996 4597">
     <span class='ocr_line' id='line_1_38' title="bbox 218 4530 996 4597; baseline 0.001 -1"><span class='ocrx_word' id='word_1_308' title='bbox 218 4531 278 4597; x_wconf 89' lang='lat' dir='ltr'>IX.</span> <span class='ocrx_word' id='word_1_309' title='bbox 951 4530 996 4597; x_wconf 76' lang='lat'>23</span> 
     </span>
    </p>
   </div>
   <div class='ocr_carea' id='block_1_5' title="bbox 0 0 1302 4980">
    <p class='ocr_par' dir='ltr' id='par_1_7' title="bbox 0 0 1302 4980">
     <span class='ocr_line' id='line_1_39' title="bbox 0 0 1302 4980; baseline 0 1"><span class='ocrx_word' id='word_1_310' title='bbox 0 0 1302 4980; x_wconf 95' lang='lat' dir='ltr'> </span> 
     </span>
    </p>
   </div>
  </div>
 </body>
</html>
