2594 4980
118 693 186 767 ωδ
281 668 715 762 Jo.raa1u'sum111
744 692 989 761 sueretu.

114 818 179 883 Sed
196 815 317 881 inutilis
334 838 370 880 ea
386 836 482 902 opera
499 815 579 879 fuit:
595 836 701 902 neque
714 815 862 903 praeverti
875 812 979 878 latum
991 814 1070 905 regis

115 922 231 1000 tellus,
248 941 354 1005 neque
369 918 469 981 vitare
488 940 585 981 suum
604 917 731 1005 potuit,
755 940 814 1004 per
835 920 1078 1007 tempestatem!

116 1022 243 1111 navigio
256 1019 407 1084 fluctibus
419 1018 563 1083 haustus.
574 1020 699 1083 interea
711 1019 746 1082 L.
757 1018 951 1108 Calpurnius
962 1020 1037 1085 Piso
1045 1042 1078 1085 ou

115 1126 221 1214 primo
234 1146 308 1188 vere
320 1145 360 1186 ex
373 1120 479 1186 Sicilia
493 1120 676 1208 profectus,
691 1120 724 1183 in
738 1120 877 1184 Africam
891 1121 1033 1210 appulit,
1047 1143 1078 1185 ut

115 1231 150 1292 L.
175 1225 345 1290 Mancinus
373 1237 508 1312 praetor,
538 1223 591 1286 cui
619 1222 726 1286 classis
754 1241 915 1289 evenerat.
946 1223 1006 1289 His
1033 1247 1068 1289 ea

115 1329 189 1393 belli
206 1327 341 1417 placuit,
358 1343 396 1390 ut
414 1323 608 1414 Carthagine
625 1340 658 1389 et
678 1325 788 1388 castris
810 1323 1020 1391 Hasdrubalis
1036 1326 1078 1391 ab

115 1447 202 1507 rent,
224 1430 325 1494 socias
351 1443 477 1491 tantum
503 1427 633 1491 illorum
660 1427 758 1490 nrbes
781 1428 911 1492 obirent
932 1429 1078 1495 avelleret

114 1533 239 1608 Prima,
255 1553 315 1594 nec
332 1529 407 1594 satis
425 1528 510 1593 felici
528 1529 689 1617 auspicio,
706 1545 827 1595 tentata
846 1532 966 1619 Clupea
983 1531 1062 1614 fuit,

115 1651 199 1699 terra
218 1634 365 1720 marique
386 1630 505 1694 frustra
527 1646 746 1721 oppugnatam
770 1632 961 1696 omiserunt.
987 1632 1076 1698 Nova

116 1759 191 1800 men
217 1735 353 1813 urbem,
382 1732 600 1821 propinquam
627 1731 756 1820 Clupeae
785 1733 870 1820 cepit
903 1734 997 1816 Piso,
1026 1733 1078 1798 din

116 1836 257 1922 danque
281 1834 374 1897 militi
397 1831 503 1913 dedit3
526 1855 712 1921 quanquam
735 1834 846 1898 violari
872 1836 905 1898 in
932 1859 967 1899 se
990 1836 1066 1899 belli

117 1936 280 2023 fidemque
298 1958 315 1998 a
336 1935 469 1998 consule
488 1932 596 1998 datam
620 1934 755 2022 insuper
774 1935 885 1999 haberi
907 1936 1078 2025 Neapolita:

117 2053 290 2101 starentur.
309 2036 399 2100 Nihil
419 2034 534 2099 exinde
557 2058 747 2125 prosperum
773 2038 882 2102 Pisoni
907 2038 987 2119 fuit,
1012 2041 1077 2104 sive

117 2139 192 2204 fidei
208 2161 335 2226 poenam
350 2152 539 2223 reposcente
556 2137 708 2217 numine3
725 2141 792 2202 sive
809 2139 962 2203 adversus
977 2140 1078 2207 fallace

79 2233 82 2240 ¹
118 2240 310 2304 acerrimum
330 2235 550 2301 laborantibus
568 2236 670 2300 telum
689 2256 755 2319 est,
774 2240 854 2303 nihil
872 2241 906 2303 in
924 2243 1078 2330 promissi:

118 2360 188 2407 turn
210 2339 377 2427 fidumque
400 2359 470 2402 esse
493 2336 638 2420 credere,
659 2361 719 2403 nec
732 2341 827 2422 alibi,
850 2342 912 2406 nisi
930 2343 964 2407 in
981 2359 1078 2411 semet

115 2468 204 2534 spem
225 2444 353 2506 habere.

161 2548 281 2612 XXVI.
307 2542 404 2608 Unde
426 2565 528 2631 quum
555 2541 596 2605 ad
621 2543 815 2633 Hippagreta
837 2544 997 2611 adductus
1022 2569 1079 2612 exe

116 2667 216 2725 esset,
230 2648 346 2710 urbem
366 2667 532 2734 magnam,
552 2644 731 2727 moenibus,
749 2661 782 2709 et
800 2670 888 2727 arce,
906 2664 937 2711 et
953 2647 1078 2736 portubi

116 2751 283 2818 navalibus
296 2749 336 2812 ab
351 2745 528 2837 Agathocle
541 2746 711 2834 Syracusio
725 2747 860 2836 pulchre
874 2749 1078 2814 communita]

114 2852 283 2918 obsidione
298 2873 378 2914 vana
394 2864 461 2912 tota
477 2863 566 2911 aestas
585 2849 722 2912 contrita
737 2865 795 2915 est.
813 2851 903 2913 lnter
921 2851 1078 2916 Uticame

116 2956 280 3045 thaginem
303 2968 395 3017 erant
416 2951 626 3038 Hippagreta,
647 2948 894 3039 diripiendoque
921 2975 1038 3034 naves,
1061 2976 1078 3041 q

115 3058 156 3121 ab
173 3057 266 3120 Utica
283 3067 482 3119 commeatus
501 3050 534 3113 in
554 3066 655 3113 castra
672 3053 844 3116 consulum
864 3053 1071 3140 portabatur,

115 3181 225 3224 rerum
244 3173 276 3220 et
294 3155 411 3219 divitiis
431 3152 516 3215 iuter
538 3150 658 3215 bellurn
680 3169 871 3217 creverant:
894 3152 982 3218 unde
996 3176 1062 3219 uon

113 3258 255 3325 vindicta
277 3255 401 3320 consuli
422 3252 466 3316 ob
485 3253 635 3333 injurias,
653 3275 750 3340 quarn
766 3255 997 3344 compendium
1017 3279 1055 3321 ex
1073 3280 1078 3345 1

114 3358 295 3448 petebatur.
315 3354 378 3419 Sed
396 3375 501 3440 neque
518 3352 674 3441 oppidum
692 3358 887 3445 expugnari,
905 3381 1013 3446 neque
1028 3357 1078 3422 adt

115 3472 322 3545 erumpentes
346 3454 417 3543 (bis
441 3454 527 3518 euim
551 3457 722 3544 eruptione
742 3457 942 3549 pugnatum)
963 3458 1078 3524 defend

114 3561 217 3631 chinae
236 3574 386 3647 potuere,
403 3578 504 3644 quum
524 3555 662 3623 obsessis
678 3559 773 3623 etiarn
791 3583 808 3622 a
825 3560 1020 3649 Carthagine
1038 3583 1077 3625 su

113 3677 186 3725 turn
206 3675 299 3724 esset.
325 3658 450 3722 Consul
474 3657 515 3722 ab
539 3659 631 3722 irrito
656 3660 804 3748 incepto,
827 3685 928 3748 quum
953 3661 1019 3741 jam
1049 3679 1078 3727 te

4 3783 5 3786 ’
114 3763 327 3827 hibernorum
346 3776 524 3849 appeteret,
541 3761 666 3826 Uticam
687 3764 863 3827 exercitum
885 3763 1024 3830 reduxit.
1043 3764 1078 3828 M

115 3863 314 3929 confirmavit
334 3886 369 3926 ea
396 3885 446 3926 res
472 3863 768 3951 Carthaginienses,
788 3863 920 3929 aliunde
943 3887 1077 3953 quoqne

115 3968 214 4056 speris
228 3965 396 4031 eventibus
412 3966 446 4029 in
463 3987 553 4051 spem
573 3981 696 4028 erectos
715 3965 855 4030 melioris
870 3968 1030 4031 fortunae:
1048 3989 1078 4054 pt

112 4093 211 4159 quam
227 4069 328 4150 enim,
342 4065 432 4156 quod
444 4065 623 4130 incolumes
636 4081 728 4130 erant
740 4068 947 4132 Hasdrubalis
960 4069 1076 4157 copiae,

113 4194 199 4236 maeae
223 4169 438 4236 defectionem
459 4166 646 4231 solabantur
667 4166 789 4254 Bithyoe
811 4167 852 4233 ad
874 4171 960 4257 ipsos
981 4172 1078 4233 transl

147 4372 163 4438 §
175 4374 259 4420 ΧΠ.
275 4373 328 4422 Liv.
341 4372 408 4439 Eplt.
418 4396 454 4409 -
463 4373 550 4421 unat.
560 4397 596 4410 -
605 4371 657 4422 Cio.
668 4372 695 4420 iu
705 4375 752 4423 Pis.
766 4391 819 4439 cap.
834 4392 872 4437 ¹9·
889 4403 924 4414 —-
939 4379 1046 4443 Appiau.
1055 4405 1078 4414 -

114 4457 181 4527 apud
188 4457 268 4507 Valet.
