2594 4980
157 696 221 763 JO.
245 691 469 758 FREINSH.
493 693 625 759 SUPP.
651 692 705 758 IN
730 691 841 759 LOC.
865 693 962 759 LIB.
985 692 1064 759 LX.
1094 690 1162 788 347

137 812 209 864 cules
228 811 263 864 ad
281 811 432 882 Geryonem
452 810 596 881 navigaret.
615 811 703 863 Motus
721 829 828 882 quoque
849 811 929 883 Syrias
948 811 1116 876 referuntur,
1134 813 1164 865 iu

136 898 233 968 quibus
251 896 391 965 Cleopatra
407 894 570 963 Demetrium
585 894 671 949 virum
687 912 765 947 auum
782 905 807 947 et
822 894 959 948 Seleucum
977 894 1078 959 filium,
1094 893 1164 949 indi-

136 993 232 1053 gnata,
247 979 334 1051 quod,
347 979 434 1034 occiso
447 990 522 1051 patre
534 981 590 1053 ejus
603 998 619 1033 a
634 998 677 1042 se,
687 978 790 1051 injussu
801 996 850 1031 suo
863 977 986 1032 diadema
996 980 1161 1051 sumpsisset,

135 1065 276 1118 interemit.

101 1239 127 1300 I.
153 1202 251 1303 (lon
278 1235 429 1299 Africano
448 1235 594 1317 juniore,
617 1250 771 1322 tanquam
795 1256 863 1297 non
889 1233 936 1296 rei
963 1232 1080 1313 modo,
1104 1230 1162 1296 sed

101 1340 196 1400 etiarn
216 1337 357 1401 historiae
375 1359 516 1404 romanae
533 1335 727 1399 exstinctum
745 1334 856 1397 lumen
873 1348 973 1413 esset,
993 1333 1037 1395 ita
1053 1328 1161 1419 proxi·

101 1462 230 1501 ntorum
248 1439 371 1524 aliquot
390 1437 561 1500 consulum
585 1459 692 1524 neque
715 1436 817 1499 multa
834 1433 1029 1516 admodum,
1054 1455 1161 1521 neque

100 1540 234 1602 illustria
251 1555 338 1628 gesta
359 1539 615 1626 conspiciuntur.
634 1539 694 1601 Cn.
713 1536 837 1601 Octavii
855 1538 915 1600 Cn.
932 1535 969 1600 F.
988 1536 1049 1599 Cn.
1066 1533 1107 1598 N.
1123 1535 1160 1597 T.

100 1642 198 1704 Annii
216 1642 306 1704 Lusci
325 1641 510 1705 consulatus
529 1640 610 1703 nibil
634 1640 736 1703 ferme
763 1639 889 1728 insigne
912 1636 1029 1710 habet,
1046 1651 1162 1724 praeter

101 1741 337 1804 incrementum
355 1741 503 1820 luxuriae,
523 1742 598 1830 quia
620 1757 690 1804 tum
714 1762 753 1803 ex
773 1739 898 1803 attalica
914 1737 1093 1802 hereditate
1107 1758 1161 1800 re·

100 1841 188 1928 gium
205 1843 458 1905 instrumentum
474 1842 573 1906 hastae
588 1842 777 1905 auctionum
792 1840 974 1919 subjectum
989 1854 1056 1919 est3
1073 1838 1162 1902 nulla

96 1941 161 2020 jam
188 1943 383 2006 verecundia
409 1944 537 2007 emendi
560 1942 785 2031 habendique,
812 1941 903 2031 quod
925 1942 1066 2031 populus
1092 1941 1161 2028 ipse

100 2041 295 2108 diventleret.
796 2061 799 2076 ¹

143 2146 184 2208 ΙΙ.
208 2145 501 2210 AMassiliensibus
520 2146 614 2234 legati
635 2161 810 2226 venerunt,
833 2167 894 2232 pro
915 2141 1160 2207 Phocaeensium

98 2246 221 2333 populo
239 2245 463 2333 deprecatum,
486 2270 627 2334 quorum
650 2247 747 2328 urbs,
770 2246 954 2334 propinqua
973 2243 1108 2324 Leucis,
1126 2243 1162 2305 iu

98 2347 243 2433 partibus
254 2348 427 2411 Aristonici
440 2348 564 2436 fuerat:
582 2348 616 2411 id
633 2372 736 2436 quum
753 2371 791 2411 ex
808 2346 885 2410 otlio
903 2346 1016 2435 populi
1032 2343 1162 2410 romani

98 2447 210 2508 fecisse
222 2447 411 2512 viderentur
426 2449 517 2537 (nam
532 2465 565 2512 et
575 2449 728 2513 Antiochi
748 2449 833 2512 bello
854 2449 1032 2536 pertinaces
1049 2446 1161 2510 hostes

99 2549 264 2634 egerant),
284 2567 414 2613 senatus
439 2551 553 2614 urbem
577 2573 763 2638 nomenque
790 2573 888 2613 omne
915 2548 1161 2612 Phocaeensium

98 2646 196 2711 deleri
209 2648 352 2726 jubebat.
370 2651 583 2714 Massilienses
599 2651 713 2738 igitur,
729 2651 818 2737 quod
836 2649 913 2712 inde
930 2650 1065 2737 profecti
1083 2670 1162 2712 con·

98 2747 218 2811 ditores
233 2773 298 2813 suae
314 2751 403 2813 urbis
423 2767 546 2832 essent,
564 2750 653 2813 haud
671 2773 762 2815 secus
779 2773 877 2836 quarn
895 2749 1159 2838 preparantibus

97 2848 237 2928 solliciti,
256 2851 501 2914 accuratissimis
517 2851 667 2939 precibus
691 2852 962 2940 impetraverunt,
983 2851 1069 2914 utin
1086 2847 1159 2937 gra·

97 2951 174 3013 tiam
191 2952 391 3014 amicissimae
408 2951 634 3039 fidissimaeque
649 2953 798 3033 civitatis,
812 2953 927 3040 saepius
941 2951 1065 3029 hostili,
1079 2972 1160 3014 sem-

95 3075 154 3138 per
171 3052 277 3116 infidae
293 3069 487 3140 parceretur.
513 3054 655 3142 Regibus
674 3053 792 3117 deinde
815 3054 943 3134 amicis,
962 3055 1018 3140 qui
1041 3051 1158 3116 aultilia

96 3156 214 3217 nostris
229 3155 477 3243 imperatoribus
489 3155 643 3236 tulerant,
658 3177 729 3242 quae
742 3154 872 3242 praemia
884 3154 1158 3242 persolverentur,

96 3279 198 3341 quum
217 3273 341 3321 mature
356 3256 569 3320 deliberatum
583 3271 680 3338 esset,
694 3256 863 3320 annitente
876 3255 921 3318 M.
934 3253 1077 3342 aquillio
1090 3274 1161 3344 pro·

94 3358 243 3437 consule,
261 3381 359 3444 quern
375 3357 577 3423 Mithridates
593 3357 749 3421 Ponticus
763 3356 953 3420 muneribus
967 3378 1063 3418 suurn
1079 3354 1159 3418 lece·

95 3473 159 3535 rat,
176 3459 220 3521 illi
238 3460 377 3549 Phrygia
391 3460 511 3542 major3
530 3459 602 3523 filiis
618 3459 775 3540 Ariathis,
793 3457 849 3546 qui
865 3457 981 3521 eodem
998 3456 1084 3520 bello
1101 3478 1157 3520 oc·

96 3556 230 3636 citlerat,
250 3561 409 3646 Lycaonia
425 3579 457 3626 et
474 3563 582 3627 Cilicia
599 3584 769 3625 concessae.

140 3660 199 3720 lll.
215 3658 291 3721 Haec
302 3662 417 3748 partim
429 3685 504 3726 eum
513 3663 546 3725 in
558 3685 681 3726 annum
692 3659 890 3740 inciderunt,
900 3660 956 3746 qui
967 3662 1002 3724 L.
1012 3660 1156 3723 Cassium
1190 3648 1195 3658 ¹

96 3760 137 3838 Q.
150 3759 186 3822 F.
197 3760 230 3821 L.
240 3760 282 3823 N.
292 3761 490 3849 Longinum,
506 3763 541 3827 L.
552 3759 740 3826 Cornelium
757 3762 791 3824 L.
805 3761 842 3823 F.
855 3760 992 3822 Cinnam
1007 3761 1156 3823 consules

92 3861 217 3925 habuit.
230 3862 314 3924 Tum
325 3884 457 3949 quoque
469 3864 604 3927 sollicita
615 3864 725 3927 civitas
737 3861 868 3950 agrariis
877 3860 1059 3925 actionibus
1067 3875 1154 3939 erat;

95 3979 128 4029 et
139 3962 276 4025 aliorum
290 3977 389 4041 metu,
399 3963 535 4026 aliorum
550 3964 797 4051 exspectatione,
804 3984 960 4048 quorsum
973 3965 1009 4026 C.
1020 3961 1158 4027 Gracchi

95 4066 205 4127 multis
214 4065 310 4127 bonis
322 4065 445 4128 artibus
455 4063 657 4129 efflorescens
669 4063 884 4129 adolescentia
897 4080 1051 4150 eruptura
1062 4079 1154 4128 esset.

129 4272 145 4335 5
157 4276 174 4319 Ι.
188 4276 218 4322 U.
230 4274 259 4322 C.
270 4275 334 4329 ὁπός
345 4275 377 4321 A.
386 4274 414 4321 C.
428 4273 485 4320 128.
497 4299 532 4308 -
545 4271 598 4319 Cic.
611 4271 641 4319 de
653 4271 712 4320 Nat.
722 4273 797 4319 Deor.
810 4272 848 4327 ΙΙ,
863 4271 886 4317 5.
901 4297 937 4306 -
951 4269 1014 4318 Plin.
1026 4271 1150 4327 mut,

96 4369 137 4401 1¹·
151 4384 184 4392 —-
196 4358 211 4420 S
225 4361 257 4405 11.
272 4359 362 4407 Justin.
373 4356 514 4411 xxxvn,
531 4355 807 4414 ret7‚stxxxvt11,
822 4354 847 4411 5,
858 4365 882 4402 ct
893 4354 987 4408 thn.
997 4354 1021 4405 3.
1031 4353 1153 4407 -Stttlt

93 4438 136 4489 lib.
147 4443 216 4497 xlv,
226 4459 252 4506 p.
262 4444 322 4502 647.
333 4471 367 4480 -
381 4443 433 4490 Liv.
447 4442 523 4500 XXI,
539 4439 776 4501 uo‚etXX1Vll‚
794 4439 835 4484 3².
