2594 4980
135 664 205 748 448
309 664 376 730 JO.
404 663 752 733 FREINSHEMII
781 664 1029 735 SUPPLEM.

132 784 194 847 nisi
215 783 305 870 quod
335 784 429 845 frons
450 784 563 845 leviter
585 782 705 848 obusta
719 784 891 873 vestigium
913 807 1005 850 casus
1028 781 1099 863 ejus
1120 783 1217 851 indi·

132 886 285 972 ciumque
304 884 472 948 retinebat.

178 988 323 1051 XLVIII.
343 987 428 1049 Hinc
447 988 476 1049 ei
492 988 616 1050 Bacchi
629 1008 813 1077 cognomen
827 987 968 1052 inditum
983 1009 1052 1051 esse
1068 987 1211 1076 quidam

133 1087 360 1167 erediderunt,
381 1087 471 1173 quod
490 1088 576 1151 illius
593 1110 726 1176 quoque
741 1089 877 1153 infantia
894 1105 977 1152 taeta
993 1088 1215 1172 fulminibus,

133 1212 239 1276 neque
256 1190 328 1252 laesa
344 1212 412 1252 esse
427 1190 591 1252 ferebatur
604 1213 612 1252 ι
626 1211 703 1252 nam
719 1189 773 1253 alii
790 1213 829 1254 ex
844 1189 1015 1254 bibacitate
1029 1188 1213 1278 quaesitum

134 1293 260 1371 ferunt,
279 1308 310 1353 et
332 1290 441 1377 quod,
465 1290 584 1354 edendi
606 1288 807 1378 bibendique
824 1291 991 1380 proposito
1008 1292 1214 1373 certamine,

134 1392 222 1456 haud
246 1392 378 1456 dubiam
401 1392 567 1454 victoriam
593 1391 797 1457 obtinuisset.
814 1393 903 1456 Sane
924 1392 1018 1455 multi
1040 1414 1117 1455 eum
1140 1390 1211 1456 cibi

133 1495 266 1581 vinique
283 1494 381 1555 fuisse
400 1509 550 1556 constat:
575 1492 632 1556 sed
648 1493 866 1583 magnitudIni
883 1493 1027 1582 corporis
1045 1509 1145 1580 atque
1162 1495 1212 1557 vi·

132 1596 218 1659 rium
234 1595 451 1683 congruebat,
464 1595 756 1682 frequentibusque
770 1596 1068 1678 exercitationibus,
1084 1597 1212 1683 quibus

133 1713 240 1761 totum
264 1719 299 1761 se
323 1696 507 1776 dediderat,
529 1696 686 1761 conviviis
710 1712 807 1783 atque
833 1698 924 1760 luxui
952 1697 1125 1760 minimum
1152 1682 1214 1761 tri·

133 1798 249 1862 buens.
263 1798 380 1884 Neque
394 1821 470 1862 sane
486 1816 549 1862 tam
565 1813 653 1862 vasta
666 1797 819 1887 cogitanti
834 1798 1016 1861 remissiore
1030 1819 1109 1860 cura
1120 1819 1212 1885 opus

135 1914 221 1979 erat,
240 1897 329 1985 quod
348 1901 472 1962 accolas
486 1900 636 1962 omnium
653 1899 909 1987 pugnacissimos
925 1898 1073 1962 habebat.

181 2000 297 2063 thx.
318 2001 449 2088 Quippe
463 2024 560 2087 supra
574 2001 719 2064 Pontum
735 2000 900 2063 Euxinum
917 1999 1067 2086 scythicae
1083 2021 1212 2062 sarma-

136 2103 272 2188 ticaeque
296 2118 407 2190 gentes
430 2103 491 2164 late
512 2100 715 2181 incolebant,
732 2101 851 2188 quibus
872 2099 912 2164 ad
935 2100 1016 2164 bella
1039 2098 1121 2163 nihil
1142 2123 1210 2164 un·

136 2226 234 2290 quam
250 2204 312 2266 suit
325 2204 520 2291 promptius.
536 2204 604 2266 Hos
619 2218 726 2266 tamen
743 2203 859 2289 partim
876 2201 978 2265 ductu
995 2224 1070 2277 suo,
1088 2200 1211 2290 partim

137 2304 287 2391 auspiciis
311 2327 368 2391 per
390 2304 613 2390 Diophantum
637 2302 776 2367 maxime
799 2318 832 2366 et
849 2303 1101 2391 Neoptolemum
1122 2326 1211 2391 pree·

136 2407 257 2485 festos,
278 2406 318 2467 ita
339 2403 545 2491 perdomuit,
564 2419 600 2467 ut
614 2403 655 2469 ad
672 2403 856 2468 Maeotidem
876 2422 908 2468 et
926 2403 1065 2467 Colchos
1082 2425 1210 2491 usque,

138 2507 300 2570 immenso
333 2522 491 2569 terrarum
521 2507 614 2588 sinu,
640 2506 815 2594 imperium
848 2504 1044 2569 extenderet.
1077 2502 1212 2583 Adjuvit

139 2631 233 2689 eum,
260 2631 331 2695 quae
359 2630 528 2694 nunquam
559 2607 737 2696 potentiori
764 2607 876 2688 deest,
904 2607 1053 2670 occasio:
1079 2627 1212 2694 semper

138 2710 225 2772 enim
243 2711 401 2796 reperies,
418 2711 490 2796 qui,
505 2711 643 2774 aliorum
660 2710 787 2791 injuriis
801 2708 967 2799 exagitati,
983 2709 1141 2772 ultionem
1157 2709 1211 2772 vel

136 2834 211 2874 eum
229 2811 383 2873 libertatis
405 2835 470 2874 suae
490 2813 636 2898 periculo
657 2810 865 2876 meditentur.
882 2812 968 2874 Tum
984 2811 1210 2874 Chersonesus

137 2914 215 2977 urbs
239 2914 357 2993 libera,
382 2938 422 2977 ne
445 2915 638 3001 Scytharum
663 2915 699 2978 in
725 2937 840 2979 manus
865 2912 1041 2989 incideret,
1061 2912 1211 2998 itemque

138 3017 274 3101 Bospori
293 3031 449 3102 tyrannus
467 3016 650 3096 Parisades,
673 3016 777 3095 majus
800 3016 895 3079 solito
918 3013 1078 3076 tributum
1097 3010 1138 3074 ab
1158 3011 1211 3075 bis

138 3116 222 3204 exigi
240 3115 443 3204 indignatus,
464 3116 642 3180 lllitlrridati
665 3139 700 3181 se
720 3115 935 3196 dediderunt,
959 3115 1077 3179 Irustra
1093 3113 1211 3202 prohi-

138 3218 291 3282 bentibus
316 3217 430 3279 Sciluri
458 3215 545 3296 filiis,
563 3240 664 3303 quos,
686 3241 824 3281 numero
849 3234 882 3280 et
907 3216 1048 3304 paternis
1074 3214 1211 3279 monitis

139 3335 254 3398 notos,
276 3317 501 3403 frequentibus
524 3318 640 3404 praeliIs
663 3318 799 3406 subegit.
826 3318 1069 3406 Quinquaginta
1094 3316 1210 3382 fratres

137 3418 236 3480 fuisse
263 3416 477 3496 Posidonius,
501 3418 666 3506 octoginta
683 3417 895 3505 Apollonides
918 3419 1082 3482 memoriae
1107 3416 1210 3482 trudi·

139 3518 269 3582 derunt.

184 3620 218 3683 l..
235 3619 292 3683 His
309 3623 510 3685 successibus
530 3623 721 3703 animosi0r,
737 3623 837 3687 totius
854 3622 942 3686 orbis
956 3623 1128 3711 imperium
1143 3621 1210 3684 im·

139 3722 242 3811 proba
261 3746 318 3809 spe
337 3724 397 3785 sibi
418 3723 603 3805 destinans,
622 3725 729 3788 Asiam
751 3740 783 3786 et
805 3725 970 3788 Romanos
995 3722 1129 3786 aemulos
1148 3743 1209 3784 co-

140 3826 240 3914 gitare
258 3824 374 3910 coepit:
397 3827 537 3888 subactis
553 3848 658 3914 usque
678 3823 719 3890 ad
736 3848 823 3889 mare
840 3822 1041 3900 Adriaticum
1060 3821 1210 3911 populis,

139 3928 191 3990 illa
204 3942 292 4015 parte
304 3927 490 4013 irrupturos
503 3928 640 4009 Italiam,
651 3925 739 3991 unde
751 3926 928 3990 maximum
939 3941 971 3989 et
981 3923 1211 4014 longissimum

175 4156 191 4220 S
209 4158 314 4204 XLVII.
330 4159 422 4203 Memn.
439 4157 504 4219 apud
522 4158 594 4204 Phut.
610 4183 645 4193 -
663 4157 946 4215 Jrrsttn.xxxv11‚2‚
960 4158 989 4216 3,
1003 4164 1027 4211 4.
1041 4153 1210 4203 -I‘lutarcb

140 4242 226 4304 Symp.
238 4243 261 4297 l,
276 4242 301 4287 6.
318 4267 352 4275 -
366 4239 380 4303 S
395 4239 507 4286 xtvsst.
527 4240 608 4288 Nicot.
623 4240 690 4305 apud
703 4239 796 4291 Athen.
812 4241 851 4299 K,
866 4243 891 4288 3.
904 4267 939 4278 -—
954 4241 1045 4289 Justin.
1055 4265 1089 4275 -
1099 4239 1211 4303 Appieu.

141 4323 203 4387 -§
220 4325 310 4371 xtlx.
324 4323 402 4370 strab.
415 4323 458 4370 lib.
471 4325 533 4380 Vll,
549 4341 592 4388 pp.
604 4326 653 4373 30⁶
665 4340 719 4388 sqq.
734 4350 769 4361 -
781 4322 1168 4389 Plutarcb.Apopbth.cap·19‚
1184 4333 1212 4373 et

142 4406 173 4453 de
187 4407 283 4455 Garrul.
299 4424 353 4470 cap.
369 4424 411 4468 ap.
