2594 4980
658 452 662 459 ι

118 709 164 805 78
291 711 359 776 JO.
386 709 729 779 FREINSHEMII
757 709 998 779 SUPPLEM.

116 831 253 920 improbe
270 828 462 910 lacessendo,
475 827 545 893 illos
553 851 752 918 praepropere
767 829 978 911 vindicando,
996 852 1042 893 res
1057 831 1089 894 in
1102 851 1167 894 etan

115 945 230 996 statum
246 930 425 994 addsrxisse.
991 981 993 984 Α

160 1036 203 1098 11.
216 1032 372 1119 Antiquae
387 1032 505 1098 referre
517 1047 600 1097 artes
614 1032 819 1114 videbantur,
836 1048 873 1097 ut
884 1054 1037 1122 prospera
1048 1032 1171 1122 publice

115 1134 265 1224 agnituri,
276 1133 351 1220 quia
368 1133 498 1196 fortuna
512 1150 626 1197 contra
643 1133 792 1216 dederat,
803 1135 928 1222 privato
942 1133 1064 1216 ducum
1073 1135 1177 1199 consi·

115 1238 159 1300 lio
177 1250 318 1323 coeptum
335 1250 527 1324 gestumque
543 1235 665 1302 bellum
681 1235 782 1301 rideri
800 1253 965 1324 cuperent.
977 1237 1080 1325 [gitur
1091 1259 1109 1300 a
1122 1257 1173 1300 se·

115 1355 226 1402 natore
238 1337 380 1424 quodam
396 1338 600 1428 interrogati:
616 1338 698 1428 quid
705 1343 751 1404 ita
763 1338 955 1403 damnandis
968 1339 1097 1404 dacibus
1105 1336 1177 1402 betti

37 1490 39 1494 s
115 1454 253 1504 eventum
268 1449 513 1526 exspectassent,
535 1438 624 1504 nullo
639 1463 771 1530 eousque
785 1444 875 1528 signo
889 1442 971 1505 edito
979 1489 990 1522 ,
1004 1442 1064 1505 sibi
1077 1439 1173 1505 consi·

113 1538 160 1604 lia
176 1563 283 1605 eorum
295 1539 478 1630 displicere?
494 1565 597 1630 quum
617 1566 732 1632 parum
754 1543 942 1632 expedirent
964 1565 1173 1632 responsum,

114 1640 282 1705 audivere:
289 1641 441 1731 populum
459 1644 741 1733 carthaginiensem
756 1646 794 1708 ob
809 1645 935 1710 illatum
950 1660 1064 1709 contra
1066 1643 1176 1732 scedas

114 1745 196 1806 socio
215 1747 377 1831 amicoque
402 1747 470 1831 regi
485 1744 615 1825 bellum,
634 1749 708 1809 satis
719 1757 894 1835 purgatum
909 1747 1035 1808 senatui
1040 1742 1174 1834 populo·

114 1867 172 1933 qne
184 1869 314 1909 romano
331 1869 393 1910 non
412 1847 522 1912 videri.
538 1849 596 1911 His
611 1847 790 1937 perturbati
803 1862 944 1910 oratores
959 1846 1130 1934 rogabant,
1139 1847 1177 1908 si-

115 1947 238 2036 quidem
245 1951 416 2036 peccavisse
430 1948 602 2038 respublica
616 1971 675 2012 sua
681 1949 895 2038 judicaretur,
907 1969 973 2034 qna
984 1949 1106 2009 rotrone
1117 1968 1177 2009 cor-

116 2052 179 2138 rigi
192 2048 339 2114 delictum
360 2051 465 2138 inique
471 2052 605 2138 posset?
618 2073 724 2138 neque
742 2050 830 2114 ahud
845 2069 1038 2136 responsum
1056 2048 1176 2112 auferre

116 2168 312 2240 potuerunt,
327 2152 388 2215 nisi
403 2151 548 2215 dandum
569 2175 631 2215 esse
648 2175 793 2240 operam,
810 2154 860 2214 uti
871 2152 997 2214 senatui
1002 2148 1177 2238 populoque

116 2250 325 2341 romanofiac
339 2256 423 2317 satis.
441 2253 552 2316 Torsit
568 2274 603 2316 ea
619 2275 670 2316 res
693 2266 840 2315 senatum
867 2250 1087 2339 Carthaginis,
1103 2246 1175 2338 quid

116 2377 152 2418 ea
166 2353 305 2418 formula
325 2354 464 2418 Romani
490 2353 713 2441 precepissent
736 2351 898 2440 plerisque
922 2351 1173 2442 ambigentibus:

115 2454 184 2535 alii,
193 2456 363 2543 pecuniam
377 2452 588 2543 aeisiciendam
602 2452 720 2534 videri,
738 2451 905 2535 dicebant,
919 2475 1065 2534 summae,
1084 2474 1175 2542 quam

117 2556 155 2620 P.
169 2556 329 2621 Cornelius
344 2556 445 2643 Scipio
461 2577 516 2619 suo
519 2552 650 2642 ferdere
667 2558 861 2642 imperassem
875 2555 939 2635 alii,
951 2554 1127 2621 Masinissa
1138 2575 1177 2618 m·

117 2654 318 2745 Imquendam
332 2678 394 2719 esse
406 2657 572 2742 regionem,
586 2655 625 2718 de
636 2656 725 2745 cujus
731 2657 808 2745 jure
813 2670 991 2745 pugnatum
1005 2672 1099 2721 esset.-
1108 2677 1177 2745 pos·

117 2774 221 2822 tremo
236 2759 333 2822 satius
348 2758 453 2820 visum
468 2755 579 2821 denuo
594 2756 679 2821 mitti
694 2781 768 2822 cum
785 2757 935 2846 precibus
949 2757 1176 2846 exploraturus,

116 2858 378 2948 quemadmodum
391 2872 514 2922 senatus
526 2855 672 2949 satisfieri
679 2858 784 2923 vellet.
796 2859 885 2923 Nihil
900 2881 1110 2946 responsum,
1120 2857 1176 2922 nisi

117 2984 181 3024 rem
197 2963 268 3050 ipsis
282 2961 408 3022 mmime
430 2962 570 3048 ignotam
597 2959 867 3048 Carthaginienses
878 2953 1011 3048 fnestra
1033 2980 1177 3048 quaerere.

119 3061 219 3144 Quod
234 3060 291 3124 ubi
310 3060 538 3148 Carthaginem
555 3061 710 3142 relatum,
730 3061 832 3142 major
848 3062 882 3124 in
901 3060 984 3124 urbe
1000 3077 1177 3124 consterna·

118 3164 164 3227 tio
186 3185 351 3251 pavorque
367 3184 435 3224 esse
452 3163 564 3252 coepit:
577 3185 679 3251 quum
697 3162 856 3251 perplexis
873 3162 1022 3227 omnium
1048 3161 1178 3242 animis,

119 3257 200 3328 nihil
211 3264 295 3345 jam,
314 3263 375 3326 nisi
391 3263 530 3342 bellum,
547 3278 579 3326 et
592 3263 712 3344 hostis,
727 3279 760 3327 et
778 3280 943 3354 captarum
961 3263 1096 3328 urbium
1112 3284 1177 3353 spe·

117 3367 198 3448 cies,
213 3383 247 3430 et
264 3381 403 3429 extrema
421 3365 529 3428 omnia
547 3364 805 3429 obversarentur.

160 3468 219 3532 111.
235 3469 278 3531 At
292 3464 407 3530 eodem
423 3480 585 3553 tempore,
603 3465 879 3554 quemadmodum
896 3464 1000 3554 rigide
1015 3488 1091 3529 cum
1108 3467 1177 3530 Car·

116 3567 388 3658 thaginiensibus,
405 3567 449 3630 ita
468 3589 543 3631 cum
563 3570 687 3634 Achaeis
707 3569 898 3634 clementius
916 3583 1024 3632 actum
1039 3591 1047 3631 t
1065 3567 1177 3658 princi·

118 3691 240 3761 pesque
256 3689 369 3732 eorum
389 3668 488 3759 longo
513 3670 623 3734 exsilio
642 3670 796 3753 absoluti,
816 3686 890 3759 post
905 3670 1080 3758 septimum
1097 3668 1177 3734 deei-

120 3793 211 3834 mum
220 3817 230 3850 ,
238 3789 334 3856 quam
343 3770 466 3833 evocati
476 3769 619 3852 fuerant,
630 3794 771 3851 annum,
783 3771 891 3834 minus
902 3771 1036 3835 trecenti
1044 3769 1177 3835 rediere:

120 3887 251 3936 caeteros
269 3868 387 3958 (supra
405 3871 491 3936 mille
512 3873 605 3937 initio
619 3872 765 3960 fuerant)
784 3874 902 3961 partim
923 3873 1074 3953 morbus,
1090 3872 1177 3938 alios

119 3994 222 4061 quum
240 3970 374 4035 evadere
392 3994 431 4035 ex
446 3973 591 4037 custodia
608 3975 831 4054 tentavissent,
846 3995 940 4062 poena
955 3974 1178 4062 absumpserat

120 4074 276 4139 Dimissos
291 4073 324 4135 in
337 4072 462 4162 Polybii
474 4074 612 4137 maxime
624 4074 777 4163 gratiam,
788 4074 956 4138 annitente
968 4074 1004 4139 P.
1019 4073 1171 4160 Scipione

119 4191 260 4256 constat,
270 4176 323 4239 cui
336 4190 369 4238 et
381 4191 474 4239 antea
487 4189 519 4239 et
530 4191 640 4264 postea
651 4176 700 4239 vir
711 4176 764 4240 ille
777 4176 821 4239 ob
832 4176 986 4239 virtutem
999 4191 1032 4238 et
1045 4175 1177 4265 egregias

122 4292 205 4341 artes
224 4276 285 4339 fuit
305 4276 515 4366 gratissimus.
536 4276 621 4340 Tum
643 4293 774 4369 quoque
791 4274 922 4341 Pietatis
940 4275 1023 4342 tedes
1046 4277 1080 4340 in
1102 4277 1177 4341 circs

156 4467 171 4531 ς
184 4472 203 4517 1.
216 4459 333 4528 FlorsH,
350 4470 392 4518 15.
404 4494 439 4507 -
448 4468 503 4517 xiv.
513 4467 579 4533 Epis.
589 4492 625 4505 -
635 4467 746 4534 Appian.
754 4468 842 4534 Libye.
851 4495 887 4510 ·-
897 4470 984 4518 Zonar.
