2594 4980
304 705 354 778 m
384 711 494 779 noc.
521 712 617 780 Lm.
644 713 777 782 Lxru
806 715 1033 786 mvmui.
1133 717 1205 804 aas

136 831 200 895 bat.
221 833 296 895 llaec
313 831 421 895 audita
442 832 573 895 fratrem
592 832 740 922 Grypum
756 834 798 898 ad
814 858 905 922 spem
924 836 1092 925 repetendi
1112 842 1207 933 regni

136 934 338 1015 excitarunt,
364 934 471 996 statim
495 934 615 1011 altero,
638 959 735 1023 quam
761 935 837 1000 inde
862 939 975 1025 pulsus
999 957 1084 1022 erat,
1105 966 1211 1009 anno.-

136 1036 238 1124 Igitur
257 1035 386 1114 adjutus
410 1035 450 1098 ab
466 1036 657 1124 Aspendiis,
679 1037 875 1126 Pamphyliae
894 1042 975 1104 urbe
997 1043 1072 1106 satis
1097 1066 1204 1131 popu·

135 1136 216 1217 losa,
232 1136 320 1199 unde
342 1154 374 1199 et
398 1138 580 1226 cognomcii
605 1139 634 1201 ei
657 1155 769 1225 postea
794 1163 917 1204 novum
942 1144 1021 1223 l'uit,
1045 1166 1151 1230 quum·
1169 1145 1204 1208 in

136 1238 259 1322 Syriam
278 1238 439 1316 venisset,
462 1239 531 1301 aliis
557 1239 601 1302 ob
625 1256 767 1303 veterem
793 1243 984 1326 amicitiam,
1007 1246 1092 1326 aliis,
1114 1245 1205 1333 quod

138 1340 212 1400 novi
230 1341 313 1426 regis
333 1362 439 1402 mores
456 1362 524 1403 non
539 1341 738 1428 probabant,
758 1342 863 1406 studia
882 1367 940 1407 sua
956 1345 1101 1408 certatim
1119 1344 1203 1409 ofle-

136 1439 298 1519 rentibus,
317 1437 427 1502 denuo
452 1463 511 1528 par
535 1442 653 1504 aemulo
671 1441 753 1522 fuit,
778 1445 953 1531 multisque
973 1445 1090 1511 deinde
1110 1447 1203 1511 aunis

136 1556 292 1604 certatum
313 1541 399 1604 inter
417 1543 530 1605 fratres
548 1558 613 1621 cst,
636 1544 829 1606 transmissis
844 1546 940 1608 etiam
955 1546 987 1607 in
1004 1544 1087 1610 filios
1103 1545 1202 1628 odiis,

135 1640 240 1705 donec
260 1658 292 1705 et
315 1664 454 1731 regnum
471 1644 583 1730 Syria,
601 1659 634 1706 et
650 1643 891 1707 Seleucidarutn
911 1667 1032 1733 genus,
1054 1645 1203 1711 funditus

135 1759 290 1807 mteriret.

178 1845 262 1907 XLI.
283 1844 346 1907 Sed
362 1846 456 1907 aliam
475 1844 606 1932 quidem
622 1846 744 1933 Syriam
760 1846 909 1934 Grypus;
926 1870 1017 1929 eam,
1033 1871 1104 1934 quae
1120 1847 1204 1913 Cala

134 1962 285 2025 vocatur,
316 1947 495 2034 Cyzicenus
520 1946 697 2010 obtinebat.
726 1948 777 2011 Sic
806 1947 906 2011 divisa
931 1949 1016 2011 inter
1040 1948 1125 2013 duos
1147 1974 1203 2040 po-

134 2048 233 2108 tentia
251 2070 353 2133 quum
371 2049 480 2111 minus
499 2072 516 2111 a
540 2049 653 2111 vicinis
677 2049 863 2130 timeretur,
883 2049 1068 2113 ludaeorum
1085 2073 1201 2139 respu-

133 2147 232 2228 blica,
250 2149 373 2212 Joanne
390 2151 553 2239 principe,
571 2151 693 2238 magnis
710 2151 918 2214 incrementis
932 2150 973 2215 ad
990 2151 1202 2238 pristinarum

133 2272 233 2335 opum
258 2252 398 2338 speciem
421 2249 576 2314 refloruit.
602 2252 686 2315 Huic
707 2253 1099 2340 loanni'cognomentum
1114 2255 1200 2336 Hyr·

131 2373 211 2412 cano
227 2351 304 2431 fuit,
322 2353 417 2416 ctiam
432 2369 507 2415 ante
523 2354 652 2442 populis
667 2352 726 2415 illis
740 2377 806 2416 non
825 2354 1051 2441 incognitum:
1068 2378 1109 2418 ne
1125 2357 1202 2443 quis

130 2469 256 2540 agente
275 2455 357 2516 victa
373 2454 569 2517 vocabulum
588 2453 727 2517 inditum
748 2455 857 2541 inepte
878 2452 1112 2517 affirmantibus
1127 2479 1199 2521 cre·

130 2552 193 2617 dat.
213 2555 277 2642 Ipsi
300 2555 431 2642 quidem
455 2554 574 2636 ludaei,
595 2578 792 2643 quamquam
815 2555 924 2644 gloriae
943 2556 1069 2642 gentilis
1091 2557 1199 2645 impo-

132 2670 236 2717 tenter
259 2657 412 2737 studiosi,
438 2658 617 2718 fraternum
645 2655 679 2718 id
708 2677 829 2717 nomeu
858 2654 957 2716 fuisse
981 2654 1146 2736 referunt,
1166 2671 1200 2720 et

129 2771 360 2839 postmortem
382 2757 466 2818 illins
490 2755 531 2817 ab
549 2753 644 2816 affine
669 2754 847 2841 proditorie
866 2753 1046 2834 interlecti,
1066 2752 1198 2818 decreto
1258 2822 1260 2827 ,

131 2854 296 2916 seniorum
323 2857 356 2916 in
381 2856 470 2917 hunc
494 2855 669 2934 collatum,
698 2871 734 2915 ut
759 2853 925 2916 clarissimi
949 2853 1095 2934 juvenis,
1120 2855 1196 2942 quia

130 2955 192 3015 rita
210 2956 294 3017 salva
315 2978 383 3018 esse
404 2956 613 3043 nequiverat,
634 2956 747 3018 saltem
769 2969 932 3042 superstes
950 2970 982 3016 et
998 2954 1196 3021 honoratum

130 3078 248 3119 nomen
266 3058 361 3120 soret.

172 3159 272 3222 XLll.
291 3160 351 3222 Hic
365 3161 477 3247 igitur,
493 3181 595 3247 quum
612 3159 727 3248 syriaci
744 3158 836 3247 regni
851 3155 1089 3220 formidabilem
1102 3171 1196 3222 antea

128 3262 304 3346 potentiani
323 3278 480 3349 perpetua
496 3285 611 3350 regum
630 3263 715 3325 inter
728 3284 762 3325 se
776 3260 859 3323 bella
875 3258 1114 3340 debilitassent,
1128 3260 1195 3339 jam

127 3385 144 3422 a
175 3379 278 3425 morte
302 3363 471 3444 Antiochi,
494 3387 561 3451 quo
590 3380 683 3427 natus
714 3378 762 3426 est
787 3362 983 3450 Cyzicenus,
1008 3361 1125 3440 abjecit
1143 3361 1196 3441 ju·
1256 3363 1262 3374 ⁴

128 3487 222 3549 gnm5
245 3487 351 3551 neque
370 3483 481 3551 postea
498 3464 675 3552 quidquam
694 3487 754 3553 pro
774 3463 919 3527 obnoxio
939 3478 997 3526 aut
1014 3461 1131 3525 cliente
1150 3462 1195 3526 la-

128 3588 198 3627 cere
224 3566 336 3629 voluit.
365 3566 428 3630 Sed
451 3567 599 3630 maximis
623 3565 768 3654 pecuniis
794 3587 833 3628 ex
858 3564 966 3651 quieta
992 3563 1193 3627 fertilissimae

126 3667 265 3753 regionis
283 3670 504 3754 possessione,
528 3669 665 3730 maxime
686 3690 725 3730 ex
747 3664 946 3752 opobalsami
966 3663 1194 3752 vectigalibus,

126 3789 245 3852 paucos
269 3768 352 3830 intra
372 3791 475 3831 annos
496 3769 656 3848 collectis,
677 3789 782 3855 qutun
805 3786 942 3828 romano
962 3765 1085 3852 populo
1102 3763 1192 3829 socio

126 3885 157 3930 et
171 3869 275 3930 amico
291 3884 454 3949 uteretur,
474 3885 506 3932 et
523 3871 654 3933 amissas
669 3866 823 3932 Antiochi
840 3866 926 3929 bello
942 3865 1040 3929 urbes
1055 3886 1192 3952 recupe-

126 3970 224 4050 ravit,
249 3985 281 4030 et
295 3969 381 4032 ultro
399 3971 507 4056 plures
522 3971 597 4034 alias
612 3969 808 4057 expugnavit
823 3966 932 4031 armis.
956 3966 1046 4047 Quin
1064 3981 1096 4028 et
1109 3964 1190 4028 ldu-

126 4093 221 4133 maeos
247 4069 333 4132 bello
358 4070 506 4158 fatigatos
532 4071 566 4134 in
593 4069 795 4134 deditionem
826 4068 970 4155 accepit,
996 4064 1193 4155 judaicoque

157 4278 173 4340 S
188 4280 240 4326 xt.
256 4278 344 4326 Iluscb,
359 4278 450 4328 Chron.
465 4303 500 4313 -
514 4276 635 4343 Porphyr.
650 4303 684 4312 -
696 4275 773 4324 strab.
786 4275 829 4323 lib.
844 4274 915 4330 xlv,
930 4289 956 4336 p.
966 4271 1027 4331 667.
1040 4297 1073 4307 --
1086 4270 1190 4338 Jotepb.

124 4361 200 4416 xm,
213 4378 252 4424 ¹7·
263 4389 297 4397 -
310 4362 326 4427 s
338 4363 405 4410 xtt.
418 4361 538 4425 Porphyr.
554 4386 588 4398 -
599 4361 686 4408 zanni.
704 4384 739 4398 -·
752 4360 839 4424 Scalig.
851 4357 878 4405 in
890 4354 977 4405 Iiuseb.
995 4381 1030 4393 -
1048 4355 1116 4422 Sulp.
1133 4359 1189 4407 Ser.

124 4467 158 4475 —
173 4445 363 4510 Pseudojoscph.
374 4447 417 4503 tv,
434 4460 474 4507 tp.
