2594 4980
145 753 213 826 332
317 756 383 822 JO.
411 757 437 821 F
444 754 754 826 REINSHEMII
785 757 1030 825 SUPPLEM.

101 898 103 905 ⁴
143 878 193 940 his
216 876 332 949 rebus,
356 897 428 962 spes
451 876 616 962 animique
640 874 865 940 dissidentium
895 878 1006 941 Romae
1028 876 1206 962 jactantur,

143 980 178 1043 P.
189 977 354 1066 Rupilius,
372 977 593 1063 proconsulari
611 977 747 1065 imperio
761 978 900 1042 Siciliam
917 978 1087 1061 obtinens,
1104 1002 1208 1069 quum

143 1080 224 1144 nihil
242 1078 282 1141 ad
299 1078 474 1166 pacandam
497 1079 632 1141 omnino
651 1079 869 1168 provinciam,
887 1095 1002 1168 praeter
1020 1080 1121 1169 ipsius
1139 1082 1210 1147 l'alsi

143 1186 227 1274 regis
243 1186 479 1272 captivitatem,
498 1201 700 1272 superesset,
714 1184 755 1249 ad
771 1184 1116 1273 comprehendendum
1132 1210 1209 1252 eum

143 1287 292 1375 expedito
303 1311 378 1350 cum
392 1288 492 1349 milite
504 1287 668 1374 processit.
687 1288 774 1351 Tum
790 1310 885 1369 vero,
900 1286 1066 1377 desperata
1079 1291 1210 1378 penitus

144 1389 263 1468 salute,
281 1389 337 1476 qui
356 1411 430 1450 cum
449 1390 543 1449 Euno
557 1388 725 1477 fugerant,
744 1388 865 1452 mutuis
881 1389 1070 1454 vulneribus
1086 1391 1209 1480 suppli·

143 1490 268 1554 ciorum
286 1489 466 1552 crudelitati
482 1513 515 1551 se
531 1504 731 1553 exemerunt.

188 1592 301 1653 XLVl.
327 1590 460 1663 Eunus,
481 1591 580 1652 homo
604 1590 737 1655 timidus
761 1605 794 1655 et
816 1612 943 1672 socors,
963 1613 1066 1678 quum
1082 1595 1117 1657 in
1136 1616 1211 1683 spe-

147 1691 251 1754 luncis
266 1690 464 1777 aliquamdiu
477 1691 638 1773 latuisset,
656 1707 802 1780 repertus
811 1707 1037 1780 extractusque
1053 1710 1119 1775 est,
1133 1718 1210 1759 cum

145 1792 318 1857 comitibus
344 1794 479 1855 omnino
501 1809 661 1879 quatuor:
680 1816 720 1857 ex
741 1793 861 1881 quibus
882 1793 959 1881 ipsis
980 1795 1129 1860 aestimari
1145 1812 1213 1861 sto·

145 1893 251 1958 liditas
275 1918 311 1957 ac
337 1896 486 1957 mollities
514 1895 622 1958 vesani
651 1895 890 1984 praestigiatoris
915 1911 1061 1983 poterat3
1087 1919 1214 1986 coquus

147 1995 252 2069 enim,
271 1996 456 2082 pistorque,
478 2018 515 2057 ac
538 1996 722 2077 balneator,
738 2018 813 2060 cum
830 2019 960 2077 scurra,
975 1999 1032 2085 qui
1045 2014 1214 2086 potantem

144 2096 323 2158 exhilarare
340 2113 502 2176 sueverat,
523 2098 657 2160 extremi
676 2098 802 2186 solique
818 2099 1041 2162 ministrorum
1059 2099 1088 2163 ei
1105 2122 1217 2188 super·

146 2198 246 2262 fuere.
278 2200 450 2278 Conjectus
479 2200 546 2286 ipse
573 2200 607 2262 in
637 2200 880 2288 Murgentinum
912 2222 1097 2283 carcerem,
1128 2200 1216 2265 foedo

148 2300 283 2380 morbo,
313 2324 414 2386 quum
441 2324 479 2364 cx
505 2316 660 2389 corrupto
683 2323 819 2388 corpore
844 2300 1068 2389 pediculorum
1086 2303 1135 2366 vis
1152 2301 1216 2366 im·

147 2425 257 2465 mensa
280 2403 471 2489 pullularet,
495 2404 601 2490 periit.
628 2402 825 2484 Proconsul,
845 2425 887 2465 ne
908 2401 987 2490 quid
1006 2401 1217 2490 reliquiarum

146 2528 283 2591 usquam
313 2528 346 2567 se
372 2504 548 2584 conderet,
573 2521 675 2568 totam
704 2504 841 2567 insulam
866 2525 940 2566 cum
966 2502 1121 2592 expeditis
1142 2524 1218 2592 per·

146 2607 308 2680 cucurrit,
328 2607 523 2693 penitusque
543 2620 748 2695 repurgatam
771 2605 812 2669 ab
834 2603 924 2667 omni
947 2626 1014 2666 non
1031 2602 1131 2667 modo
1147 2625 1217 2666 ma·

147 2709 244 2787 teria,
261 2707 428 2771 sedetiam
444 2709 629 2795 suspicione
644 2707 735 2787 belli,
753 2705 931 2785 ordinavit,
949 2704 1075 2794 legibus
1090 2704 1131 2770 de
1144 2726 1219 2769 sen·

150 2810 249 2872 tentia
266 2808 377 2871 decem
396 2810 576 2896 legatorum
597 2807 690 2872 datis.

192 2911 321 2974 XLVIl.
350 2911 483 2999 Ilzqn'lice
501 2912 541 2974 ab
560 2925 693 2975 auctore
711 2925 848 2988 vocatae3
869 2906 993 2994 diuque
1014 2907 1167 2996 deinceps
1184 2908 1218 2970 iu

151 3035 212 3074 usu
230 3029 326 3097 atque
346 3013 471 3073 honore
491 3011 578 3099 apud
606 3012 731 3076 Siculos
756 3011 856 3074 fuere.
872 3008 1047 3095 ‘Praecipue
1067 3006 1109 3072 de
1128 3007 1219 3088 judi-

149 3114 207 3176 ciis
224 3113 415 3176 cavebatur:
437 3127 472 3174 nt
492 3116 548 3199 qui
571 3113 708 3200 ejusdem
731 3114 863 3173 civitatis
883 3120 982 3172 esseut
1002 3106 1115 3189 Siculi,
1133 3109 1224 3172 donzi

149 3233 304 3283 certarent
318 3223 380 3281 suis
402 3218 537 3304 legibus;
561 3221 617 3305 qui
636 3218 829 3280 diversarum
838 3265 847 3294 ,
866 3218 949 3278 inter
965 3238 1015 3278 eos
1025 3229 1150 3303 praetor
1167 3238 1220 3278 ro·

151 3350 263 3388 manus
271 3326 443 3411 judicaret.
464 3323 676 3387 Admirationi
695 3344 746 3385 res
764 3345 800 3385 ea
822 3320 911 3385 haud
927 3321 1088 3384 immerito
1104 3320 1221 3384 Siculis

152 3427 233 3504 fuit,
255 3425 344 3511 quod
368 3447 465 3510 quem
487 3423 661 3511 aliquando
684 3422 865 3510 publicanis
891 3443 988 3510 opera
1013 3420 1119 3485 danda
1134 3422 1221 3486 tueri

152 3548 185 3588 se
205 3524 365 3603 viderant,
386 3523 537 3586 eumdem
556 3546 644 3586 nunc
662 3523 723 3587 sibi
739 3525 842 3615 leges,
861 3524 973 3587 insulae
988 3544 1117 3611 pacem,
1133 3521 1222 3612 fugi·

152 3627 225 3689 tivis
249 3643 280 3688 et
304 3625 510 3713 praedonibus
530 3625 685 3713 supplicia
707 3625 895 3690 reddentem
914 3623 1070 3687 viderent.
1090 3624 1223 3688 Consti·

152 3729 231 3792 tutis
253 3728 286 3789 in
312 3728 416 3790 Sicilia
442 3728 557 3808 rebus,
586 3728 794 3814 exercituque
820 3726 1009 3813 deportato,
1032 3745 1224 3813 quanquam

152 3852 203 3892 res
218 3830 383 3915 triumpho
399 3829 601 3917 dignissimas
617 3844 770 3917 gesserat,
788 3829 937 3891 ovatione
951 3841 1125 3890 contentus
1140 3826 1224 3908 fuit,

154 3954 195 3994 ne
218 3952 383 3993 summurn
405 3931 435 3991 in
457 3931 516 3993 bac
532 3929 660 3993 civitate
675 3929 804 3993 virtutis
818 3928 990 4016 'proemium
1007 3926 1112 3991 servili
1129 3926 1226 3993 vide·

153 4048 244 4097 retur
260 4032 470 4117 inscriptione
488 4031 664 4094 foedavisse.

197 4133 344 4197 XLVIII.
370 4133 481 4213 Quum
507 4131 624 4196 deinde
650 4134 687 4195 C.
707 4128 860 4194 Claudius
882 4130 918 4193 C.
942 4128 979 4192 F.
1002 4130 1064 4216 Ap.
1086 4127 1127 4191 N.
1145 4128 1228 4193 Pul·

153 4238 250 4315 cher,
269 4236 314 4299 bl.
336 4234 498 4320 Perperna
519 4234 563 4297 M.
586 4234 621 4297 F.
646 4232 796 4297 consules
818 4246 944 4312 essent,
967 4231 1004 4294 C.
1026 4227 1164 4294 Claudio
1183 4228 1229 4295 de

190 4435 207 4499 s
220 4437 309 4482 xm.
322 4433 443 4482 Plutarch.
454 4432 514 4495 Syll.
524 4430 581 4481 fine.
593 4459 628 4470 -
639 4431 744 4480 Diodor.
753 4431 797 4479 lib.
807 4431 930 4479 xxm.
941 4456 976 4467 -·
988 4428 1005 4494 S
1015 4429 1119 4477 xum.
1130 4430 1230 4479 Asson.

156 4520 254 4571 Pedion.
265 4519 298 4566 ad
310 4519 363 4568 Cic.
378 4519 403 4565 in
414 4519 485 4565 Verr.
499 4519 533 4576 11,
546 4518 585 4565 13.
595 4517 690 4567 -Vab
699 4516 805 4565 unam
815 4549 822 4574 ,
833 4529 858 4579 9.
868 4540 904 4552 -
916 4513 980 4561 Flor.
992 4513 1045 4571 111,
1056 4527 1097 4576 tq.
