2594 4980
121 695 190 778 242
294 693 364 760 10.
391 644 734 762 rn'nmsnsuu
760 686 1006 765 surmus.

120 810 261 879 Fucinus
277 834 335 900 per
352 811 451 874 millia
465 830 620 899 passuum
636 807 803 897 quinque,
817 804 925 873 csnds
940 828 1011 875 nnn
1026 826 1165 901 quss-

120 915 226 996 tibus,
238 913 272 975 in
286 933 417 976 omnem
436 926 559 1000 partem
573 906 767 989 exundarita
781 906 818 971 in
833 906 1029 975 Grncostssi
1041 910 1165 977 stu-⁸·

119 1017 166 1081 tio
175 1013 332 1104 sanguine
344 1011 453 1077 fluxit:
463 1010 615 1100 ssqrnlin
623 1009 784 1099 equuleus
796 1010 1164 1103 cnmqninquspedh

85 1161 88 1165 ,
119 1132 234 1180 natus:
249 1112 351 1177 multa
367 1111 465 1176 Urbis
481 1112 552 1177 loca
564 1106 703 1177 fulmine
717 1132 869 1199 percussa
880 1112 985 1179 fuere.

161 1216 203 1281 X.
228 1216 378 1311 Atropius
404 1214 528 1294 risum,
546 1210 637 1301 quod
653 1210 700 1277 M.
725 1209 1040 1303 Claudius'pmtor,
1062 1212 1164 1305 qni‘n

116 1316 315 1407 provinciam
340 1316 446 1379 iturus
470 1312 649 1379 Terracinae
673 1334 789 1377 navem
810 1312 1072 1401 conscenderat,
1098 1336 1164 1383 ms

117 1417 253 1481 fulmine
274 1415 357 1496 icta,
382 1412 599 1505 conflagravit.
629 1413 690 1479 His
708 1412 887 1480 terroribus
908 1436 950 1481 ex
971 1406 1165 1507 bsruspid

116 1512 273 1607 responso
300 1514 501 1604 procuratis,
521 1516 558 1583 C.
580 1514 739 1581 Hostilius
762 1514 955 1601 Mancinus,
980 1516 1037 1585 cni
1059 1512 1162 1587 bebi·

116 1618 347 1683 numantinum
366 1632 535 1700 evenerat,
550 1638 610 1707 per
623 1616 752 1682 Iasium
769 1632 802 1681 et
816 1615 983 1683 Etruriam
995 1616 1032 1685 in
1048 1610 1179 1711 ligur:¹

117 1718 281 1810 profectus
295 1733 360 1801 est,
379 1735 451 1783 uta
473 1732 573 1808 portu
596 1716 746 1783 Herculis
765 1716 907 1783 Monoeci
933 1716 970 1783 in
993 1714 1164 1811 Hisan-¹

117 1821 290 1909 navigaret.
313 1818 377 1884 Sed
399 1818 572 1883 consilium
589 1832 716 1885 mumre
737 1816 846 1909 coegit
865 1818 1026 1903 ominoso
1037 1820 1123 1889 vot'!
1133 1842 1164 1889 ss

115 1920 292 2009 improviso
309 1918 426 1984 auditae
441 1917 593 1984 terribilis
607 1917 737 2009 religio,
752 1916 805 1984 his
819 1918 898 2009 ipsis
911 1920 1040 2007 verbis,
1050 1938 1163 1991 m

117 2046 185 2086 non
208 2037 400 2110 conspecto,
423 2019 674 2086 resonantibus:
694 2051 708 2076 ι
722 2020 837 2099 Mane,
859 2020 1048 2091 Mancino».
1069 2024 1163 2117 Imp

117 2145 214 2206 nave,
225 2147 324 2211 quam
336 2120 584 2206 conscenderat,
597 2121 725 2206 relicta,
736 2122 887 2189 Genuam
895 2122 972 2207 ivit,
983 2142 1024 2191 ut
1032 2120 1162 2193 inrbm

116 2240 214 2290 reret
228 2225 279 2288 lbi
289 2241 454 2312 repertum
469 2225 504 2288 in
516 2223 598 2288 mari
608 2240 791 2313 serpentem
804 2226 934 2310 femus,
946 2226 1098 2319 interqoe
1107 2248 1161 2293 n·

115 2349 177 2389 nus
187 2323 535 2414 comprehendentium
544 2322 993 2415 effugisse'l'ristissssimorum
1003 2346 1161 2397 “cnm

118 2427 185 2492 boec
206 2428 298 2516 signa
314 2426 430 2506 fuisse,
449 2440 521 2489 tum
536 2448 671 2515 quoque
686 2426 863 2511 creditum,
884 2428 942 2495 sed
957 2424 1161 2499 indubitanti

115 2545 190 2618 post
202 2551 253 2593 res
270 2527 414 2617 auspicio
428 2524 596 2615 ductuque
609 2524 753 2591 Mancini
766 2550 882 2616 pamm
894 2550 1053 2619 prospere
1065 2542 1160 2623 gau.

117 2630 312 2717 Quanquam
329 2628 417 2691 enim
432 2642 601 2715 acceptum
616 2649 637 2690 a
652 2626 699 2694 M.
715 2626 842 2716 Popilio
860 2632 1061 2715 asscitum,
1072 2630 1159 2723 priss-

116 2753 212 2820 quam
235 2729 403 2817 disciplina
420 2725 655 2819 corrigeretur,
679 2726 934 2819 haudquaquam
956 2754 1070 2823 parem
1090 2729 1158 2799 bost'

115 2831 315 2898 ferocissimo
338 2846 443 2911 ratus,
461 2829 497 2893 in
521 2829 649 2911 castris,
667 2852 740 2917 qum
757 2845 789 2894 et
804 2830 905 2920 paulo
925 2848 1004 2899 ants
1019 2834 1157 2927 fisgissts

115 2950 276 3015 texerant,
290 2932 457 2997 continere
472 2928 670 3012 studuisset3
686 2946 811 3013 tamen,
828 2932 905 3021 quis
919 2934 1103 3025 propinqus
1112 2954 1157 3023 sp·

115 3036 192 3125 pido
209 3050 310 3099 castra
326 3049 435 3113 erant,
446 3030 539 3095 vitari
553 3030 729 3120 nequibat,
743 3032 824 3121 quin
836 3031 954 3122 saepius
966 3034 1074 3125 aliqua
1086 3046 1164 3127 puts.

116 3137 282 3225 copiarum
311 3131 552 3222 confligendum
576 3133 757 3198 necessario
782 3150 895 3201 esset:
920 3136 1042 3225 quibus
1062 3132 1155 3229 pssfi

117 3239 279 3327 plerisque
295 3233 448 3298 onrnibus
465 3233 657 3297 numantina
669 3256 721 3298 res
736 3234 884 3323 superior
898 3236 1069 3305 consulem
1083 3230 1153 3303 esc·

117 3339 283 3424 citumque
297 3356 470 3398 romanum
483 3331 573 3398 haud
586 3335 686 3424 magis
697 3334 907 3423 presentibus
922 3336 1066 3423 damnis,
1077 3354 1153 3429 qm!

118 3441 152 3503 in
170 3438 320 3502 futurum
336 3434 574 3522 desperatione,
590 3435 752 3526 fatigabat.

161 3541 219 3605 XI.
239 3539 365 3603 Interea
388 3560 454 3601 non
479 3537 662 3602 minoribus
683 3538 816 3620 animis,
831 3562 1020 3630 quanquam
1037 3532 1115 3609 dvffi
1128 3548 1156 3601 st

116 3642 288 3705 incruento
304 3637 494 3721 certamine,
511 3638 546 3702 in
564 3637 653 3705 Urbe
669 3636 901 3730 depugnatum.
916 3644 954 3709 L.
970 3642 1096 3710 Cassius
1107 3636 1156 3731 tsi·

115 3743 225 3807 bunus
247 3739 349 3829 plebis
368 3740 471 3830 legem
494 3739 767 3830 promulgaverat,
784 3752 821 3807 ut
841 3742 990 3833 exemplo
1009 3740 1156 3817 w,

116 3867 190 3935 quse
204 3843 326 3906 biennio
342 3855 416 3905 ants
429 3841 500 3905 lata
512 3841 554 3915 ds
563 3842 695 3906 costinis
710 3857 796 3922 erat,
812 3845 909 3908 enum
920 3842 1090 3937 sisjuds'siis
1100 3832 1159 3931 ᾧ

105 3942 225 4035 fragia
240 3966 302 4034 per
318 3939 652 4031 tabellnmfimntur.
670 3942 740 4008 lam
760 3943 897 4009 Gabinia
911 3944 966 4011 lex
983 3936 1161 4037 potentitfl·

152 4189 168 4255 s
181 4191 228 4239 rx.
240 4189 273 4237 n.
281 4188 311 4238 c.
322 4187 424 4248 nnn.
435 4186 465 4237 c.
475 4186 634 4248 nan-nv.
645 4185 711 4253 npn
721 4212 757 4224 -
767 4186 818 4237 sn.
827 4187 1095 4254 olm-vuum
1104 4178 1163 4243 s&

116 4273 180 4337 -s
198 4276 232 4320 K.
245 4273 354 4330 OrosV,
367 4280 383 4326 4
396 4282 420 4318 et
433 4270 457 4318 5.
470 4295 505 4306 -··
516 4268 568 4318 sut.
581 4268 672 4334 obseq.
688 4296 723 4306 ·—
734 4270 866 4336 Augustis.
879 4270 911 4319 ds
923 4270 979 4323 Cis·
994 4272 1053 4335 Dei,
1063 4270 1164 4327 mm·

116 4384 151 4394 —
162 4356 217 4404 Val.
235 4357 301 4404 Max.
316 4384 349 4393 -
365 4357 439 4405 Auct.
452 4352 484 4403 ds
495 4352 549 4403 nr.
561 4352 597 4403 ill.
609 4368 665 4419 esp.
679 4352 721 4415 59.
734 4381 769 4392 -
781 4354 834 4403 Lis.
853 4354 921 4419 Epis.
933 4381 969 4395 —
980 4354 1086 4423 Apph-
1095 4346 1166 4407 Π·

116 4466 151 4479 -α
162 4431 227 4488 Plus.
240 4438 266 4487 in
276 4440 332 4489 nb.
341 4436 462 4491 Gaesao·
