2594 4980
1158 407 1176 414 ι-

244 743 299 812 IN
329 741 446 809 LOC.
472 741 571 809 LIB.
598 739 772 810 LXXVI
803 740 1027 810 LIVIANI.
1099 765 1171 837 7²9

99 885 308 953 congressus,
324 862 443 926 amisso
460 862 620 944 exercitu,
637 883 702 925 una
717 883 793 926 cum
807 859 945 926 Obsidio
962 860 1026 926 alio
1040 863 1170 928 Italico·

99 984 173 1041 rum
188 963 272 1028 duce
290 985 465 1052 oppressus
480 978 540 1029 est.
1081 1043 1083 1048 Ι

107 1124 110 1129 .
143 1065 217 1129 Vll.
236 1063 441 1153 Pompaedio,
456 1064 619 1152 praecipua
631 1065 712 1128 tanti
725 1063 869 1131 incendii
884 1067 970 1148 lace,
987 1065 1169 1147 exstincto,

100 1167 166 1230 sive
182 1165 344 1255 Sulpicius
358 1166 470 1247 illum,
489 1166 573 1247 sive,
588 1183 626 1230 ut
638 1166 715 1230 alibi
731 1168 870 1231 relatum
886 1184 951 1249 est,
969 1169 1010 1249 Q.
1019 1167 1170 1232 Metellus

62 1258 65 1263 ’
100 1268 177 1332 Pius
199 1266 337 1349 occidit,
353 1290 457 1355 quum
473 1290 581 1355 neque
597 1267 769 1332 consilium
787 1270 1051 1357 Italicis,-neque
1068 1270 1171 1357 copiae

100 1384 190 1432 tanto
206 1369 397 1457 bellopares
411 1385 635 1456 superessent,
652 1369 720 1434 odii
734 1368 905 1434 adversum
917 1373 1083 1434 Romanos
1096 1386 1171 1433 tan·

101 1486 171 1534 tum
185 1471 264 1552 luit,
283 1487 321 1534 ut
340 1470 376 1533 in
396 1470 495 1534 alium
511 1492 605 1558 paene
621 1469 735 1534 orbem
752 1470 874 1560 legatos
889 1471 930 1535 ad
947 1470 1169 1535 Mithridatem

99 1569 283 1650 mitterent,
298 1591 397 1657 quem
412 1568 544 1634 studere
560 1570 657 1635 rebus
668 1570 826 1636 novandis
843 1588 1044 1660 acceperant.
1057 1574 1170 1654 Quum

98 1669 232 1758 praebita
246 1671 296 1735 his
308 1669 472 1735 audientia
484 1687 583 1751 esset,
600 1673 751 1762 princeps
766 1673 953 1762 legationis,
970 1674 1170 1755 ofiamnites,

98 1771 183 1852 «ait,
200 1787 299 1859 atque
308 1772 446 1853 Lucani,
466 1788 499 1836 et
511 1772 569 1859 qui
583 1773 635 1836 alii
649 1797 708 1862 per
715 1775 839 1839 Italiam
855 1774 970 1864 populi
984 1774 1101 1839 eodem
1115 1775 1172 1839 foe·

99 1871 198 1936 «dere
219 1874 447 1958 continentur,
472 1874 606 1938 tertium
622 1875 689 1954 jam
706 1898 830 1939 anuum
851 1876 972 1940 atrocia
993 1875 1170 1940 bellacum

99 1977 272 2040 «Romano
292 1991 431 2065 gerunt;
454 1975 547 2056 cujus
564 1975 716 2064 equidem
737 1999 845 2066 neque
867 2000 963 2042 causa
979 1977 1038 2041 tibi
1060 1978 1171 2066 ignota

99 2101 212 2159 «esse,
227 2101 335 2166 neque
353 2100 445 2142 casus
462 2094 559 2166 atque
571 2077 809 2144 vicissitudines
822 2094 970 2168 possunt.

143 2179 233 2246 VIII.
255 2180 404 2246 «Idcirco
427 2180 502 2244 licet
521 2181 642 2245 multos
666 2181 798 2245 illorum
820 2180 921 2245 duces
945 2180 1171 2268 exercitusque

100 2281 321 2365 «fuderimus,
340 2284 457 2372 partim
475 2283 574 2347 etiam
587 2281 817 2365 deleverimus,
838 2284 949 2358 castris
966 2281 1169 2370 urbibusque

101 2384 269 2448 «maximis
277 2400 375 2472 atque
385 2384 609 2449 munitissimis
619 2386 821 2474 expugnatis,
830 2401 928 2472 atque
938 2384 1053 2471 captis3
1063 2399 1170 2448 tamen

100 2514 113 2538 ι
123 2501 155 2549 et
167 2509 227 2550 nos
240 2509 316 2550 curn
329 2487 526 2552 validissimo
541 2487 835 2574 potentissimoque
845 2485 939 2549 hoste
949 2485 1171 2564 colluctantes,

100 2586 244 2650 :crebris
260 2603 358 2674 atquc
371 2587 620 2651 vehementibus
639 2586 841 2661 detrimentis
858 2586 1001 2673 quassari
1023 2586 1170 2675 contigit.

100 2687 200 2749 «Plus
221 2704 329 2751 tamen
351 2689 516 2775 aliquanto
536 2687 669 2767 fraude,
688 2709 787 2774 quam
806 2687 921 2767 armis,
938 2686 1076 2750 Romani
1093 2709 1172 2774 pro·

101 2787 290 2866 «lecerunt3
307 2788 425 2874 passim
440 2811 498 2875 per
513 2788 657 2851 civitates
674 2786 813 2851 serendo
831 2786 1041 2874 fovendoque
1056 2787 1172 2875 princi·

102 2910 204 2974 upum
220 2887 415 2968 discordias,
431 2888 522 2975 quod
536 2889 613 2977 ipsis
626 2909 684 2976 per
695 2911 761 2953 suae
774 2889 924 2953 factionis
939 2888 1089 2953 homines
1101 2890 1170 2976 ple·

101 3020 113 3043 «ι
124 3012 264 3077 rumque
274 3012 339 3054 non
351 2991 413 3053 l'uit
425 2989 572 3067 difficile,
585 2991 695 3054 multis
706 2990 814 3055 adhuc
827 2992 1015 3056 servitutem
1025 2992 1170 3055 etotium

102 3123 113 3144 «ι
124 3092 292 3157 laboriosae
307 3093 446 3156 libertati
463 3094 720 3181 praeferentibus.

147 3197 204 3260 IX.
220 3199 312 3261 «Hoc
325 3212 433 3259 tamen
447 3197 509 3258 luit
521 3197 555 3258 in
565 3196 752 3283 aliquorum
766 3195 949 3259 delectione
963 3194 1062 3275 boni,
1079 3194 1170 3282 quod

102 3280 115 3351 «i
124 3314 266 3380 secreto,
286 3296 447 3387 quidquid
467 3298 501 3360 in
524 3297 666 3362 consiliis
685 3313 743 3360 aut
763 3297 874 3360 castris
899 3318 1021 3386 aegrum
1043 3295 1170 3377 luerat,

103 3402 243 3464 «arctius
259 3402 337 3465 coiit
354 3400 607 3464 fortissimorum
623 3401 822 3488 populorum
839 3397 902 3462 lide
921 3398 1103 3484 animisque
1119 3397 1171 3460 in·

104 3500 322 3566 «dissolubilis
344 3519 376 3567 et
390 3502 510 3565 invicta
524 3501 670 3566 societas.
692 3500 797 3564 Nullae
818 3500 956 3588 amplius
976 3520 1071 3562 voces
1095 3497 1170 3562 belli

104 3634 116 3656 «
127 3604 209 3666 mala
223 3603 462 3692 deplorantium
476 3602 672 3684 audiuntur;
690 3603 778 3666 nulla
792 3601 895 3690 pacis,
914 3600 975 3666 nisi
987 3621 1059 3688 quae
1074 3599 1171 3663 liber·

104 3735 115 3759 a
127 3720 224 3769 tatem
237 3705 359 3788 firmet,
376 3729 514 3794 usquam
529 3704 668 3769 babetur
682 3705 805 3768 mentio
820 3727 827 3768 :
841 3703 906 3768 boc
923 3723 1037 3767 omnes
1051 3722 1172 3789 propo·
1255 3782 1256 3786 Ἰ

104 3808 189 3870 «sito
211 3830 341 3889 sumus,
365 3824 402 3871 ut
423 3831 488 3896 prae
512 3806 736 3870 dominatione
759 3827 893 3869 romana
915 3805 985 3868 leve
1007 3801 1101 3866 nobis
1123 3800 1171 3864 vi·

103 3906 257 3989 «deatur,
281 3908 443 3997 quidquid
465 3910 610 3997 ingerere
633 3907 825 3972 calamitosis
847 3904 1036 3970 hominibus
1060 3903 1171 3990 iniqua

103 4009 256 4073 «fortuna
271 4023 388 4097 potest.

147 4111 189 4174 X.
206 4141 219 4165 a
230 4112 392 4176 Caeterum
404 4112 445 4175 ab
458 4113 518 4176 ista
532 4128 619 4176 sorte
630 4112 745 4199 procul
758 4109 865 4174 adhuc
878 4109 999 4173 virtute
1012 4123 1122 4171 nostra
1137 4123 1170 4171 et

103 4235 261 4277 «munere
276 4212 412 4278 deorum
426 4213 603 4294 absumus;
620 4236 727 4301 neque
739 4212 932 4277 deteriorem
944 4210 1040 4275 armis
1053 4209 1174 4274 nostris

139 4418 225 4482 §VII
238 4421 310 4468 Oros.
320 4422 353 4479 V,
369 4422 408 4468 18.
422 4447 457 4457 -
469 4419 520 4469 Jul.
535 4420 626 4483 Obseq.
642 4445 676 4455 -
690 4418 743 4466 Liv.
758 4418 823 4481 Epit.
836 4445 871 4455 -
885 4420 961 4466 Auct.
974 4415 1005 4464 de
1015 4417 1068 4463 vir.
1083 4415 1170 4463 illustr.

60 4517 61 4520 ’
105 4520 158 4568 cop.
170 4505 217 4565 63,
226 4504 253 4554 in
265 4508 326 4555 Met.
337 4505 391 4557 Pio.
402 4532 438 4546 -
450 4505 525 4556 Diod.
537 4505 622 4569 Ilelog.
630 4503 674 4553 lib.
683 4503 819 4577 xxxvii.
