2594 4980
59 39 138 395 ¹
306 371 312 387 Ι

262 790 317 857 ΙΝ
348 787 462 854 LOC.
490 788 584 855 LIB.
612 787 705 854 LIII
735 786 947 856 LIVIANI.
1069 816 1133 860 arr

109 911 195 997 aspici,
211 908 364 996 nunquia
382 907 478 970 nullae
490 907 555 970 sint
566 928 677 970 earum
695 928 712 968 a
728 922 843 970 natura
860 907 1007 995 legitimae
1019 933 1139 993 causae,

109 1009 152 1074 ted
166 1011 244 1098 quia,
261 1024 444 1097 quaesunt,
461 1009 663 1098 ignorentur.

142 1112 225 1177 IXV.
235 1110 296 1175 Sed
307 1133 368 1174 nos
379 1109 419 1174 ad
432 1109 580 1174 ordinem
591 1133 701 1173 rerum
713 1126 875 1198 gestarum
889 1111 930 1192 Q.
941 1111 1059 1177 Fabius
1071 1138 1145 1179 con·

111 1212 149 1275 tul
162 1229 257 1294 vocat,
274 1212 331 1299 qui
351 1212 385 1274 in
403 1200 589 1276 ulteriorem
609 1212 795 1300 Hispaniam
812 1211 990 1298 (citerioris
1010 1214 1052 1295 Q.
1072 1217 1143 1281 Me-

112 1313 167 1378 tello
180 1329 380 1403 prorogatum
400 1329 468 1376 erat
491 1311 682 1401 Imperium)
709 1312 789 1376 duas
812 1313 955 1402 legiones
977 1335 1144 1399 romanas,

111 1413 305 1503 sudorumque
331 1413 466 1494 auxilia,
488 1415 526 1477 in
551 1415 740 1478 universum
767 1413 808 1478 ad
840 1413 1021 1480 octodecim
1047 1417 1146 1483 millia

111 1514 240 1601 politum
254 1515 341 1579 mille
350 1531 518 1578 sexcentos
531 1515 656 1601 equites
669 1513 807 1580 induxit
820 1516 971 1596 Quorum
983 1535 1146 1607 assumpta

59 1584 62 1677 l
112 1632 178 1701 parte
185 1641 277 1705 quum
286 1619 412 1681 Itumm
421 1615 605 1697 festinaret,
618 1615 736 1694 objecit
752 1636 786 1679 se
797 1616 831 1678 in
850 1616 965 1679 itinere
979 1616 1145 1684 Viriathus

59 1692 62 1783 l
112 1736 168 1780 cunt
181 1741 228 1782 sex
239 1717 380 1781 millibus
392 1738 547 1797 suorum,
562 1731 595 1779 et
609 1739 684 1779 cum
699 1716 839 1781 clamore
852 1718 1063 1808 tumultuque
1076 1720 1147 1785 bar-

59 1786 62 1895 l
112 1813 175 1882 batis
184 1818 284 1900 solito,
298 1817 458 1905 impetum
470 1817 504 1879 in
516 1817 681 1880 Romanos
692 1818 778 1881 fecit.
791 1819 868 1882 Erat
881 1841 957 1882 cum
970 1842 1050 1884 voce
1064 1838 1145 1886 stre·

113 1915 218 2005 piusque
236 1919 386 1998 dhsono,
405 1934 476 1982 tum
501 1917 597 1981 etiam
620 1916 775 2006 adspectu
798 1918 929 1984 horrida
954 1921 1054 2002 acies3
1078 1946 1145 1986 non

111 2024 200 2082 ceum
213 2019 308 2084 modo
324 2036 460 2100 ornatu,
477 2006 535 2083 sed
552 2020 652 2083 comis
666 2031 799 2107 quoque
818 2021 1010 2085 muliebrem
1026 2023 1060 2086 in
1076 2036 1154 2088 mo·⁰

113 2137 164 2181 reu
181 2121 442 2187 obumbrantibus
460 2121 586 2183 vultum
609 2142 617 2184 τ
641 2119 813 2184 accedebat
829 2143 955 2185 summa
973 2123 1146 2189 hominum

112 2212 233 2287 dutum
244 2223 309 2304 jam
324 2221 410 2286 bello
422 2221 637 2285 exercitorum
651 2222 848 2312 pugnacitas.
860 2223 1022 2289 Sustinuit
1036 2241 1145 2290 tamen

113 2315 293 2412 imrupentes
317 2322 452 2402 consul,
473 2344 574 2409 reque
599 2322 716 2386 infecta
739 2321 903 2387 discedere
920 2325 1057 2408 coactis,
1080 2328 1148 2415 ipse

113 2416 263 2492 mansum
277 2427 338 2491 iter
354 2440 576 2512 prosequutus
592 2441 650 2488 est.

146 2520 243 2592 xxvi.
256 2528 302 2591 Ut
321 2522 440 2590 deinde
462 2523 607 2612 reliquus
622 2526 782 2590 exercitus
800 2525 946 2607 advenit,
968 2525 1147 2617 decemque

114 2641 144 2684 τι
158 2627 247 2693 lllrim
267 2625 448 2715 elephanti,
472 2647 555 2713 quos
576 2625 737 2690 Numidiae
760 2648 816 2689 rex
840 2626 975 2715 Micipsa
999 2628 1146 2711 miserat,

114 2725 196 2793 cuttu
216 2752 273 2818 pro
296 2724 521 2816 magnitudine
539 2727 707 2814 copiarum
731 2727 846 2807 auctis,
872 2727 962 2815 prior
980 2730 1149 2817 pugnandi

115 2832 352 2911 pomeretam,
367 2828 495 2893 hostem
512 2825 681 2915 splendide
691 2827 767 2891 vicit
780 2849 787 2890 :
802 2827 859 2890 sed
872 2829 959 2891 inter
973 2829 1149 2917 insequen-

116 2918 174 2992 ibn
190 2956 284 3020 quum
300 2929 444 2996 dietrami
460 2928 592 2992 ordines
610 2942 738 3007 essent,
758 2927 938 3007 Viriathus,
964 2943 1003 2990 ut
1020 2945 1088 2992 erat
1109 2930 1151 2994 ad

115 3031 197 3096 (tuuis
209 3034 355 3122 praesenti
371 3032 498 3113 animo,
515 3030 582 3093 suis
595 3045 729 3116 repente
744 3051 784 3091 ex
798 3028 875 3116 luga
894 3027 1034 3092 collectis
1053 3031 1152 3095 victo·

116 3145 154 3189 Μ
166 3136 334 3226 aggredimur
349 3159 357 3199 z
373 3135 435 3197 tria
450 3154 565 3197 eorum
585 3130 683 3194 millia
700 3129 893 3219 prosternit;
911 3129 1052 3216 reliquos
1066 3154 1152 3197 com·

116 3227 219 3310 Pfflltiu
234 3228 351 3319 castis,
366 3252 458 3300 tanto
473 3257 512 3299 ex
530 3233 638 3298 subita
653 3235 793 3296 lortunae
812 3230 1023 3295 conversione
1041 3251 1151 3318 metu,

118 3341 156 3409 ¹¹⁸1
169 3337 212 3403 tir
229 3341 338 3430 paucis
353 3338 395 3402 ad
412 3352 520 3426 portas
537 3334 779 3414 resistentibus,
798 3355 914 3421 magna
933 3355 1006 3418 pars
1024 3334 1058 3397 in
1078 3351 1163 3400 tenu

120 3431 186 3499 affl.
197 3462 227 3506 se
240 3439 495 3523 absconderent,
513 3459 621 3524 neque
636 3435 676 3500 ab
693 3437 887 3522 imperatore
904 3450 936 3498 et
953 3435 1093 3502 tribunis
1111 3439 1151 3502 ad

120 3546 227 3620 ΡΜ
239 3538 467 3632 capessendam
480 3538 565 3628 adigi
581 3553 723 3626 possent.
737 3537 876 3625 Insignis
891 3557 927 3599 ea
944 3534 997 3600 die
1011 3540 1047 3603 C.
1068 3541 1151 3603 Fan·

120 3628 153 3692 nli
169 3639 255 3710 virtus
277 3643 418 3723 exstitit,
440 3641 514 3729 qui,
532 3642 567 3705 C.
587 3639 673 3704 Laelii
691 3661 800 3727 gener,
824 3637 862 3700 iis
888 3653 957 3700 tum
981 3638 1014 3701 in
1040 3643 1152 3705 castris

121 3730 250 3811 nilitabat.
266 3747 329 3810 Per
349 3746 440 3809 bunc
466 3743 604 3807 maxime
622 3756 747 3805 retenta
768 3738 970 3802 munimenta
994 3757 1071 3804 sunt
1092 3765 1100 3806 :
1121 3759 1153 3805 et

122 3847 392 3934 ¹⁰¹tuperveniens
407 3845 537 3910 diremit
552 3858 727 3908 certamen.

152 3932 266 4014 lxvfl.
294 3951 411 4035 Neque
434 3963 543 4010 tamen
568 3960 681 4033 postea
702 3941 866 4007 Viriathus
889 3939 1028 4021 destitit,
1052 3942 1153 4008 modo

122 4047 213 4127 noeVi,
222 4051 318 4115 modo
332 4047 547 4113 fervidissimo
561 4061 707 4132 tempore
717 4040 781 4106 diei
793 4041 960 4131 negotium
972 4035 1098 4105 consuli
1113 4045 1155 4107 fa-

122 4147 232 4229 oessert,
243 4173 363 4238 quum,
379 4150 463 4213 leves
476 4149 638 4238 agilesque
649 4160 682 4208 et
692 4143 841 4208 homines
858 4158 891 4206 et
901 4163 1001 4229 equos
1011 4142 1153 4228 habeus,

147 4360 252 4430 lunt.
263 4385 295 4433 II.
305 4386 334 4434 C.
346 4383 488 4441 s1o;a.c.
500 4389 556 4438 aaa.
564 4406 599 4417 -
607 4377 717 4428 Macros.
728 4373 847 4424 Saturnal.
857 4375 894 4429 ΙΙ,
908 4373 947 4418 13.
958 4398 990 4407 -
1001 4373 1051 4420 Jul.
1061 4376 1153 4443 Obaeq,

59 4456 65 4547 ι
124 4447 1155 4526 *⁰¹a·t‚4.-nt0a.ns.xxxn.-sxxv.atv.upn.-sppan.m⁸p.n.-

59 4568 73 4647 p
126 4521 188 4584 luth.
197 4539 236 4596 lib.
246 4552 280 4600 111
289 4565 361 4617 sm·
375 4549 587 4616 ιδεμ-μω.
599 4546 650 4596 sul.
663 4536 1024 4607 etseq-Appian-ciesn
1033 4542 1090 4590 Lat.
1101 4560 1157 4621 ⁰2⁸·
1233 4624 1236 4629 ⁴
