2594 4980
266 703 322 773 IN
349 703 461 771 LOC.
488 703 583 771 LIB.
611 702 703 770 LlII
732 702 941 772 lelaur.
1062 710 1135 778 203

93 848 149 890 am
165 825 313 916 accepit,
329 826 362 888 in
380 847 443 913 qua
460 825 581 888 bellum
600 823 786 912 gerebatur,
804 847 905 911 quum
923 827 1027 914 Appio
1043 828 1133 893 ltalia

93 929 236 992 auisset.
250 929 289 991 ln
305 950 369 1014 qua
384 929 459 1015 quia
472 942 581 1015 pacata
594 941 685 989 eraut
700 924 824 1005 omnia,
839 925 970 990 Metello
984 928 1132 994 invidens

93 1052 110 1092 r
125 1030 272 1117 inquieti
289 1028 404 1110 animi,
422 1045 455 1091 et
475 1028 632 1116 triumphi
653 1024 781 1105 avidus,
804 1025 951 1113 undique
967 1031 1132 1093 materiam

93 1130 140 1195 elli
154 1131 326 1220 captabat:
342 1131 512 1218 evenitque
528 1131 557 1192 ei
576 1131 654 1194 levis
671 1132 811 1210 occasio,
827 1129 879 1193 cui
895 1127 975 1192 adeo
992 1152 1060 1192 non
1080 1130 1135 1193 de-

93 1232 144 1315 tit,
165 1251 207 1297 ut
223 1257 263 1298 ex
278 1233 339 1297 hac
359 1255 435 1296 mox
456 1249 644 1320 praeternam
661 1234 879 1322 exsculperet,
898 1253 985 1294 arma
1002 1232 1133 1295 Salassis

93 1333 239 1400 ruendi.
253 1335 367 1399 Salassi
378 1357 457 1424 gens
470 1334 576 1422 alpina
588 1336 702 1399 vallem
717 1335 856 1423 amplam
870 1331 1046 1412 incolebat,
1060 1354 1134 1420 par·

93 1456 201 1523 unque
218 1437 397 1517 montium,
411 1436 530 1524 quibus
542 1459 579 1500 ea
593 1436 813 1501 claudebatur.
828 1435 881 1497 Lis
891 1449 964 1496 erat
976 1435 1053 1522 ipsis
1065 1455 1135 1521 pen

93 1554 167 1602 etna
181 1562 259 1615 curn
277 1534 405 1627 populis
426 1540 510 1602 infra
530 1562 585 1603 eos
605 1539 825 1603 habitantibus
844 1535 887 1598 ob
905 1536 1014 1602 Duriae
1030 1535 1134 1599 amnis

93 1632 206 1722 laeum,
219 1642 277 1729 qui
297 1639 339 1704 ad
358 1663 454 1704 usum
474 1641 676 1705 metallorum
699 1640 791 1727 (narn
812 1639 846 1701 in
867 1639 998 1705 Salassis
1016 1660 1133 1700 aurum

93 1742 236 1830 provenit)
255 1744 342 1807 narie
361 1742 484 1807 divisus
505 1743 784 1831 intercipiebatur,
804 1765 846 1807 ae
863 1743 968 1831 rigare
983 1739 1136 1803 inferiora

93 1840 246 1906 mentium
269 1866 362 1932 agros
384 1860 500 1931 posset.
522 1845 600 1907 Earn
622 1845 789 1925 injuriam,
806 1844 864 1932 qui
881 1845 973 1908 lesos
993 1864 1026 1905 se
1043 1857 1136 1930 puta·

93 1938 169 2025 brot,
183 1945 268 2033 apud
281 1963 430 2009 senatum
447 1946 568 2032 questi,
584 1946 817 2027 obtinuerunt,
832 1961 872 2008 ut
885 1944 990 2033 Appio
1005 1943 1131 2012 consuti

95 2037 259 2132 ffiaoeptatio
276 2047 338 2110 ista
355 2045 574 2111 mandaretur.
600 2047 674 2128 llic,
694 2062 822 2136 gentem
846 2046 1011 2110 innoxiam
1032 2045 1132 2108 laces·

98 2143 168 2208 tandi
186 2164 311 2236 arrepto
331 2147 444 2228 titulo,
464 2149 630 2237 regionem
646 2149 707 2211 late
723 2146 898 2227 vastando,
917 2167 1030 2238 capere
1045 2155 1134 2208 armai

99 2239 210 2310 &imos
226 2248 345 2311 omissa
359 2249 567 2315 cunctatione
578 2250 676 2338 cogit.
690 2248 754 2313 Sed
769 2271 873 2336 quum
887 2249 922 2310 in
938 2248 1017 2310 locis
1030 2247 1134 2334 impe·

101 2338 156 2409 ditia
171 2365 200 2411 et
218 2347 402 2413 difficilibus
425 2373 491 2413 non
513 2352 631 2414 minori
649 2350 823 2440 cupiditate
847 2367 972 2440 gereret
992 2350 1133 2429 bellum,
1202 2347 1206 2355 ’

102 2464 174 2531 wau
196 2454 424 2535 concitaverat,
446 2453 486 2516 ad
511 2455 656 2542 quinque
679 2454 778 2517 millia
799 2454 973 2518 homiuum
997 2450 1133 2516 adverso

100 2550 183 2631 pretio
198 2553 347 2641 perdidit.
1038 2550 1040 2555 ’
1105 2552 1109 2559 ’

134 2646 189 2717 Vll.
200 2656 274 2734 Ejus
289 2657 335 2719 rei
350 2657 467 2720 nuntio
481 2658 617 2720 Romam
631 2657 770 2743 perlato,
782 2653 957 2718 decemviri
970 2653 1015 2717 M.
1025 2652 1133 2721 AEmi·

102 2740 160 2812 hm
170 2753 319 2843 Lepidum
332 2773 502 2843 praetorem
515 2755 653 2835 adeunt,
668 2755 870 2835 nuntiantes,
882 2776 932 2835 se,
944 2777 1048 2842 quum
1061 2777 1135 2840 pro·

102 2842 230 2937 &porum
256 2880 352 2921 causa
377 2857 477 2922 libros
506 2858 673 2945 sibyllinos
699 2857 932 2942 inspexissent,
955 2857 1132 2943 reperisse,

102 2956 198 3032 notio
210 2959 330 3023 bellum
342 2959 442 3024 Gallis
456 2959 663 3023 inferendum
677 2973 776 3038 esset,
792 2956 960 3021 sacrificari
972 2959 1006 3020 in
1019 2978 1133 3020 eorum

102 3043 191 3122 finibus
203 3078 371 3149 oportere:
386 3077 586 3124 monuerunt
599 3061 695 3124 etiam
711 3083 751 3124 ex
765 3058 880 3123 iisdem
894 3060 999 3140 libris,
1016 3080 1133 3146 aquam

103 3164 152 3216 ΒΜ
164 3158 324 3242 Marciam,
344 3161 400 3225 sed
418 3163 608 3242 Aniensem,
627 3163 661 3224 in
677 3161 876 3249 Capitolium
892 3159 1133 3250 perducendam

103 3266 160 3320 Μ.
173 3261 214 3327 lle
228 3286 315 3351 aqua
336 3264 381 3327 M.
398 3263 486 3327 Titio
503 3264 670 3353 negotium
690 3262 829 3327 datum:
848 3262 889 3326 ad
909 3262 1077 3327 consulem
1095 3286 1132 3326 ex

105 3342 326 3428 &transtrorum
349 3365 486 3453 collegio
508 3366 596 3428 missi
616 3364 701 3446 duo,
725 3366 782 3452 qui
806 3365 995 3428 nuntiarent
1017 3365 1133 3445 simul,

104 3451 162 3533 lull
172 3458 233 3527 leri
249 3481 430 3553 oporteret,
447 3481 661 3554 curarentque
678 3465 878 3530 faciundum.
900 3467 949 3529 Ita
965 3465 1054 3529 velut
1070 3466 1135 3554 pla-

104 3554 160 3619 stis
177 3567 380 3648 numinibus,
405 3566 517 3644 majori
543 3567 690 3629 omnium
719 3588 776 3653 spe
801 3564 1056 3653 redintegratum
1085 3582 1134 3628 est

104 3644 210 3728 buum:
225 3668 412 3755 collatisque
429 3668 528 3756 signis
545 3668 690 3755 quinque
707 3668 805 3731 millia
822 3667 966 3731 hostiurn
984 3690 1075 3730 caesa.
1090 3668 1132 3729 'ln

105 3757 154 3835 μή
164 3767 308 3855 utrinque
321 3768 427 3850 clade,
442 3792 545 3857 quum
560 3770 815 3859 haudquaquam
829 3792 886 3857 par
901 3769 942 3832 ad
958 3766 1132 3858 reparanda

105 3845 191 3928 &aaa
205 3870 336 3933 facultas
354 3885 453 3952 essct,
474 3872 620 3957 perculsa
638 3865 717 3962 gens
732 3873 950 3952 Salassorum,
965 3872 1077 3959 legatis
1093 3870 1133 3933 ad

105 3966 236 4033 0⁰¹utilem
253 3972 374 4052 missis,
392 3973 545 4060 imperata
563 3975 719 4036 iacturam
735 3970 886 4040 ostendit.
907 3972 1032 4036 Consul
1054 3971 1135 4033 auri·

105 4049 213 4150 tuin„‚
228 4088 259 4135 et
275 4073 365 4161 quod
381 4096 533 4163 agrorum
550 4076 583 4138 in
598 4075 700 4163 planis
716 4091 798 4156 erat,
813 4073 953 4137 ademit:
967 4070 1133 4157 superiora

129 4265 188 4330 ΠΙ.
203 4285 231 4334 u.
241 4287 268 4335 c.
281 4289 345 4351 σος,
356 4300 412 4336 mre
426 4289 471 4338 ca.
488 4291 544 4344 rra.
560 4315 593 4326 -
606 4289 710 4337 nsanos.
727 4289 793 4354 apua
804 4289 885 4336 vaus.
899 4312 934 4322 -
950 4285 1003 4332 nv.
1018 4285 1084 4351 apa.
1099 4312 1134 4322 -

106 4343 164 4402 ua,
175 4360 212 4411 n.
226 4369 277 4429 rr,
288 4386 343 4434 pag.
356 4371 414 4420 205.
431 4399 465 4408 -
478 4373 537 4420 nu.
552 4399 586 4408 -
603 4374 713 4429 omer,
726 4382 750 4431 t·
768 4399 803 4411 -
819 4371 869 4419 rur.
885 4368 976 4431 osuq.
991 4396 1025 4406 -
1044 4369 1060 4434 5
1076 4370 1132 4418 vn.

108 4425 225 4499 'aare
234 4454 377 4516 aquae.
387 4483 418 4491 -
429 4456 482 4504 arv.
495 4456 559 4520 apa.
570 4483 604 4492 -
616 4456 694 4505 smu.
