<?xml version="1.0" encoding="UTF-8"?>
<!DOCTYPE html PUBLIC "-//W3C//DTD XHTML 1.0 Transitional//EN"
    "http://www.w3.org/TR/xhtml1/DTD/xhtml1-transitional.dtd">
<html xmlns="http://www.w3.org/1999/xhtml" xml:lang="en" lang="en">
 <head>
  <title>
</title>
<meta http-equiv="Content-Type" content="text/html;charset=utf-8" />
  <meta name='ocr-system' content='tesseract 3.04.00' />
  <meta name='ocr-capabilities' content='ocr_page ocr_carea ocr_par ocr_line ocrx_word'/>
</head>
<body>
  <div class='ocr_page' id='page_1' title='image "./titusliviuspata00freigoog_0290.png"; bbox 0 0 2594 4980; ppageno 0'>
   <div class='ocr_carea' id='block_1_1' title="bbox 292 686 1182 823">
    <p class='ocr_par' dir='ltr' id='par_1_1' title="bbox 292 686 1182 823">
     <span class='ocr_line' id='line_1_1' title="bbox 292 686 1182 823; baseline -0.003 -26"><span class='ocrx_word' id='word_1_1' title='bbox 292 729 346 797; x_wconf 86' lang='lat' dir='ltr'>m</span> <span class='ocrx_word' id='word_1_2' title='bbox 376 726 491 795; x_wconf 75' lang='lat' dir='ltr'>noc.</span> <span class='ocrx_word' id='word_1_3' title='bbox 517 727 611 795; x_wconf 80' lang='lat' dir='ltr'>ms.</span> <span class='ocrx_word' id='word_1_4' title='bbox 639 727 767 795; x_wconf 78' lang='lat' dir='ltr'>Lvnr</span> <span class='ocrx_word' id='word_1_5' title='bbox 799 686 1012 797; x_wconf 79' lang='lat' dir='ltr'>mvmm.</span> <span class='ocrx_word' id='word_1_6' title='bbox 1113 750 1182 823; x_wconf 80' lang='lat'>²97</span> 
     </span>
    </p>
   </div>
   <div class='ocr_carea' id='block_1_2' title="bbox 119 844 1291 4276">
    <p class='ocr_par' dir='ltr' id='par_1_2' title="bbox 123 844 1185 1030">
     <span class='ocr_line' id='line_1_2' title="bbox 124 844 1185 935; baseline 0 -23"><span class='ocrx_word' id='word_1_7' title='bbox 124 850 300 927; x_wconf 75' lang='lat' dir='ltr'>«alienam,</span> <span class='ocrx_word' id='word_1_8' title='bbox 319 849 402 910; x_wconf 89' lang='lat' dir='ltr'>sicut</span> <span class='ocrx_word' id='word_1_9' title='bbox 421 862 513 909; x_wconf 90' lang='lat' dir='ltr'>antea</span> <span class='ocrx_word' id='word_1_10' title='bbox 536 846 569 909; x_wconf 90' lang='lat' dir='ltr'>in</span> <span class='ocrx_word' id='word_1_11' title='bbox 593 844 739 910; x_wconf 81' lang='lat' dir='ltr'>fraudem</span> <span class='ocrx_word' id='word_1_12' title='bbox 758 846 837 934; x_wconf 82' lang='lat' dir='ltr'>legis</span> <span class='ocrx_word' id='word_1_13' title='bbox 858 847 976 910; x_wconf 83' lang='lat' dir='ltr'>lactum</span> <span class='ocrx_word' id='word_1_14' title='bbox 998 847 1185 935; x_wconf 85' lang='lat' dir='ltr'>frequenter</span> 
     </span>
     <span class='ocr_line' id='line_1_3' title="bbox 123 949 494 1030; baseline -0.013 -16"><span class='ocrx_word' id='word_1_15' title='bbox 123 981 136 1005; x_wconf 76' lang='grc' dir='ltr'>«ι</span> <span class='ocrx_word' id='word_1_16' title='bbox 146 951 268 1030; x_wconf 85' lang='lat' dir='ltr'>fuerat,</span> <span class='ocrx_word' id='word_1_17' title='bbox 283 949 464 1012; x_wconf 84' lang='lat' dir='ltr'><strong>redimeret.</strong></span> <span class='ocrx_word' id='word_1_18' title='bbox 480 979 494 1003; x_wconf 85' lang='lat'><strong>»</strong></span> 
     </span>
    </p>

    <p class='ocr_par' dir='ltr' id='par_1_3' title="bbox 124 1047 1268 2429">
     <span class='ocr_line' id='line_1_4' title="bbox 169 1047 1184 1138; baseline -0.002 -24"><span class='ocrx_word' id='word_1_19' title='bbox 169 1052 258 1114; x_wconf 87' lang='lat' dir='ltr'>Xlll.</span> <span class='ocrx_word' id='word_1_20' title='bbox 280 1052 382 1113; x_wconf 83' lang='lat' dir='ltr'>«Haec</span> <span class='ocrx_word' id='word_1_21' title='bbox 405 1048 492 1136; x_wconf 92' lang='lat' dir='ltr'>plebi</span> <span class='ocrx_word' id='word_1_22' title='bbox 515 1065 623 1137; x_wconf 82' lang='lat' dir='ltr'>grata,</span> <span class='ocrx_word' id='word_1_23' title='bbox 645 1069 716 1134; x_wconf 84' lang='lat' dir='ltr'>quae</span> <span class='ocrx_word' id='word_1_24' title='bbox 739 1047 831 1112; x_wconf 85' lang='lat' dir='ltr'>facile</span> <span class='ocrx_word' id='word_1_25' title='bbox 853 1048 1005 1135; x_wconf 85' lang='lat' dir='ltr'>praeteriti</span> <span class='ocrx_word' id='word_1_26' title='bbox 1031 1048 1184 1138; x_wconf 85' lang='lat' dir='ltr'>temporis</span> 
     </span>
     <span class='ocr_line' id='line_1_5' title="bbox 124 1147 1186 1235; baseline -0.004 -21"><span class='ocrx_word' id='word_1_27' title='bbox 124 1151 247 1215; x_wconf 81' lang='lat' dir='ltr'>serebat</span> <span class='ocrx_word' id='word_1_28' title='bbox 266 1151 438 1229; x_wconf 87' lang='lat' dir='ltr'>jacturam,</span> <span class='ocrx_word' id='word_1_29' title='bbox 463 1148 540 1212; x_wconf 93' lang='lat' dir='ltr'>dum</span> <span class='ocrx_word' id='word_1_30' title='bbox 565 1150 597 1211; x_wconf 93' lang='lat' dir='ltr'>in</span> <span class='ocrx_word' id='word_1_31' title='bbox 623 1164 791 1235; x_wconf 84' lang='lat' dir='ltr'>posterum</span> <span class='ocrx_word' id='word_1_32' title='bbox 815 1148 865 1211; x_wconf 91' lang='lat' dir='ltr'>sui</span> <span class='ocrx_word' id='word_1_33' title='bbox 891 1149 972 1210; x_wconf 92' lang='lat' dir='ltr'>ratio</span> <span class='ocrx_word' id='word_1_34' title='bbox 996 1147 1186 1227; x_wconf 79' lang='lat' dir='ltr'>haberetur,</span> 
     </span>
     <span class='ocr_line' id='line_1_6' title="bbox 124 1249 1186 1337; baseline -0.001 -23"><span class='ocrx_word' id='word_1_35' title='bbox 124 1251 324 1315; x_wconf 88' lang='lat' dir='ltr'>intoleranda</span> <span class='ocrx_word' id='word_1_36' title='bbox 339 1249 554 1337; x_wconf 80' lang='lat' dir='ltr'>locupletibus</span> <span class='ocrx_word' id='word_1_37' title='bbox 568 1264 675 1330; x_wconf 88' lang='lat' dir='ltr'>erant,</span> <span class='ocrx_word' id='word_1_38' title='bbox 692 1271 878 1336; x_wconf 84' lang='lat' dir='ltr'><strong>quanquam</strong></span> <span class='ocrx_word' id='word_1_39' title='bbox 894 1251 1010 1331; x_wconf 87' lang='lat' dir='ltr'>injuste</span> <span class='ocrx_word' id='word_1_40' title='bbox 1023 1270 1186 1336; x_wconf 85' lang='lat' dir='ltr'>possessa,</span> 
     </span>
     <span class='ocr_line' id='line_1_7' title="bbox 126 1349 1187 1439; baseline -0.001 -24"><span class='ocrx_word' id='word_1_41' title='bbox 126 1367 249 1432; x_wconf 86' lang='lat' dir='ltr'>tamen,</span> <span class='ocrx_word' id='word_1_42' title='bbox 267 1352 342 1438; x_wconf 88' lang='lat' dir='ltr'>quia</span> <span class='ocrx_word' id='word_1_43' title='bbox 358 1352 456 1439; x_wconf 84' lang='lat' dir='ltr'>longo</span> <span class='ocrx_word' id='word_1_44' title='bbox 475 1365 620 1438; x_wconf 87' lang='lat' dir='ltr'>tempore</span> <span class='ocrx_word' id='word_1_45' title='bbox 635 1349 860 1438; x_wconf 82' lang='lat' dir='ltr'><strong>possederant,</strong></span> <span class='ocrx_word' id='word_1_46' title='bbox 877 1372 936 1438; x_wconf 85' lang='lat' dir='ltr'>pro</span> <span class='ocrx_word' id='word_1_47' title='bbox 953 1372 1013 1413; x_wconf 90' lang='lat' dir='ltr'>suo</span> <span class='ocrx_word' id='word_1_48' title='bbox 1031 1350 1187 1437; x_wconf 85' lang='lat' dir='ltr'>patrimo·</span> 
     </span>
     <span class='ocr_line' id='line_1_8' title="bbox 126 1450 1186 1540; baseline -0.001 -25"><span class='ocrx_word' id='word_1_49' title='bbox 126 1454 180 1516; x_wconf 91' lang='lat' dir='ltr'>nio</span> <span class='ocrx_word' id='word_1_50' title='bbox 198 1453 404 1540; x_wconf 87' lang='lat' dir='ltr'>impudenter</span> <span class='ocrx_word' id='word_1_51' title='bbox 419 1451 668 1516; x_wconf 82' lang='lat' dir='ltr'>defendentibus</span> <span class='ocrx_word' id='word_1_52' title='bbox 687 1474 695 1516; x_wconf 95' lang='lat'><strong>:</strong></span> <span class='ocrx_word' id='word_1_53' title='bbox 716 1453 881 1540; x_wconf 90' lang='lat' dir='ltr'>multaque</span> <span class='ocrx_word' id='word_1_54' title='bbox 901 1453 1018 1540; x_wconf 87' lang='lat' dir='ltr'>passim</span> <span class='ocrx_word' id='word_1_55' title='bbox 1035 1450 1186 1515; x_wconf 78' lang='lat' dir='ltr'>adversus</span> 
     </span>
     <span class='ocr_line' id='line_1_9' title="bbox 127 1552 1268 1643; baseline 0 -27"><span class='ocrx_word' id='word_1_56' title='bbox 127 1554 294 1617; x_wconf 81' lang='lat' dir='ltr'>Tiberium</span> <span class='ocrx_word' id='word_1_57' title='bbox 309 1576 419 1640; x_wconf 88' lang='lat' dir='ltr'>aspera</span> <span class='ocrx_word' id='word_1_58' title='bbox 435 1569 467 1616; x_wconf 92' lang='lat' dir='ltr'>et</span> <span class='ocrx_word' id='word_1_59' title='bbox 482 1553 560 1617; x_wconf 81' lang='lat' dir='ltr'>falsa</span> <span class='ocrx_word' id='word_1_60' title='bbox 570 1552 786 1634; x_wconf 80' lang='lat' dir='ltr'>jactabantur,</span> <span class='ocrx_word' id='word_1_61' title='bbox 793 1556 940 1643; x_wconf 80' lang='lat' dir='ltr'>juvenem</span> <span class='ocrx_word' id='word_1_62' title='bbox 943 1552 1140 1641; x_wconf 85' lang='lat' dir='ltr'>factiosum,</span> <span class='ocrx_word' id='word_1_63' title='bbox 1157 1565 1190 1616; x_wconf 84' lang='lat' dir='ltr'>et</span> <span class='ocrx_word' id='word_1_64' title='bbox 1264 1555 1268 1565; x_wconf 90' lang='lat'>&#39;</span> 
     </span>
     <span class='ocr_line' id='line_1_10' title="bbox 125 1654 1191 1743; baseline 0.002 -26"><span class='ocrx_word' id='word_1_65' title='bbox 125 1658 230 1719; x_wconf 82' lang='lat' dir='ltr'>nimioe</span> <span class='ocrx_word' id='word_1_66' title='bbox 249 1660 411 1743; x_wconf 81' lang='lat' dir='ltr'>potestatis</span> <span class='ocrx_word' id='word_1_67' title='bbox 433 1655 578 1734; x_wconf 77' lang='lat' dir='ltr'>avidum,</span> <span class='ocrx_word' id='word_1_68' title='bbox 596 1655 679 1718; x_wconf 76' lang='lat' dir='ltr'>nibil</span> <span class='ocrx_word' id='word_1_69' title='bbox 699 1654 806 1734; x_wconf 78' lang='lat' dir='ltr'>aliud,</span> <span class='ocrx_word' id='word_1_70' title='bbox 831 1655 892 1718; x_wconf 77' lang='lat' dir='ltr'>line</span> <span class='ocrx_word' id='word_1_71' title='bbox 919 1656 1102 1743; x_wconf 80' lang='lat' dir='ltr'>largitione,</span> <span class='ocrx_word' id='word_1_72' title='bbox 1128 1655 1191 1719; x_wconf 79' lang='lat' dir='ltr'>nisi</span> 
     </span>
     <span class='ocr_line' id='line_1_11' title="bbox 125 1754 1186 1844; baseline -0.002 -24"><span class='ocrx_word' id='word_1_73' title='bbox 125 1761 214 1820; x_wconf 71' lang='lat' dir='ltr'>vtem</span> <span class='ocrx_word' id='word_1_74' title='bbox 238 1757 284 1820; x_wconf 86' lang='lat' dir='ltr'>od</span> <span class='ocrx_word' id='word_1_75' title='bbox 305 1779 434 1844; x_wconf 83' lang='lat' dir='ltr'>regnum</span> <span class='ocrx_word' id='word_1_76' title='bbox 456 1779 602 1844; x_wconf 86' lang='lat' dir='ltr'>quaerere.</span> <span class='ocrx_word' id='word_1_77' title='bbox 623 1757 729 1820; x_wconf 87' lang='lat' dir='ltr'>Facile</span> <span class='ocrx_word' id='word_1_78' title='bbox 754 1756 917 1820; x_wconf 84' lang='lat' dir='ltr'>refellebat</span> <span class='ocrx_word' id='word_1_79' title='bbox 939 1757 999 1820; x_wconf 88' lang='lat' dir='ltr'>ista</span> <span class='ocrx_word' id='word_1_80' title='bbox 1021 1754 1186 1833; x_wconf 84' lang='lat' dir='ltr'>Tiberius,</span> 
     </span>
     <span class='ocr_line' id='line_1_12' title="bbox 126 1857 1186 1947; baseline -0.005 -25"><span class='ocrx_word' id='word_1_81' title='bbox 126 1882 193 1922; x_wconf 84' lang='lat' dir='ltr'>non</span> <span class='ocrx_word' id='word_1_82' title='bbox 212 1883 306 1923; x_wconf 83' lang='lat' dir='ltr'>causa</span> <span class='ocrx_word' id='word_1_83' title='bbox 323 1861 449 1939; x_wconf 89' lang='lat' dir='ltr'>minus,</span> <span class='ocrx_word' id='word_1_84' title='bbox 466 1881 564 1946; x_wconf 89' lang='lat' dir='ltr'>quam</span> <span class='ocrx_word' id='word_1_85' title='bbox 582 1858 785 1945; x_wconf 84' lang='lat' dir='ltr'>eloquentia,</span> <span class='ocrx_word' id='word_1_86' title='bbox 803 1859 965 1947; x_wconf 82' lang='lat' dir='ltr'>superior,</span> <span class='ocrx_word' id='word_1_87' title='bbox 984 1857 1186 1947; x_wconf 85' lang='lat' dir='ltr'>graviterque</span> 
     </span>
     <span class='ocr_line' id='line_1_13' title="bbox 126 1957 1187 2048; baseline -0.006 -25"><span class='ocrx_word' id='word_1_88' title='bbox 126 1961 329 2023; x_wconf 78' lang='lat' dir='ltr'>inhumanam</span> <span class='ocrx_word' id='word_1_89' title='bbox 355 1974 561 2048; x_wconf 80' lang='lat' dir='ltr'>possessorum</span> <span class='ocrx_word' id='word_1_90' title='bbox 590 1961 783 2048; x_wconf 83' lang='lat' dir='ltr'>iniquitatem</span> <span class='ocrx_word' id='word_1_91' title='bbox 812 1959 1002 2037; x_wconf 89' lang='lat' dir='ltr'>accusabat,</span> <span class='ocrx_word' id='word_1_92' title='bbox 1028 1960 1084 2045; x_wconf 86' lang='lat' dir='ltr'>qui</span> <span class='ocrx_word' id='word_1_93' title='bbox 1109 1957 1187 2019; x_wconf 81' lang='lat' dir='ltr'>cives</span> 
     </span>
     <span class='ocr_line' id='line_1_14' title="bbox 125 2056 1186 2148; baseline -0.001 -27"><span class='ocrx_word' id='word_1_94' title='bbox 125 2083 209 2138; x_wconf 84' lang='lat' dir='ltr'>suos,</span> <span class='ocrx_word' id='word_1_95' title='bbox 227 2084 360 2148; x_wconf 84' lang='lat' dir='ltr'>quorum</span> <span class='ocrx_word' id='word_1_96' title='bbox 384 2059 490 2123; x_wconf 85' lang='lat' dir='ltr'>labore</span> <span class='ocrx_word' id='word_1_97' title='bbox 511 2059 578 2123; x_wconf 73' lang='lat' dir='ltr'>ille</span> <span class='ocrx_word' id='word_1_98' title='bbox 598 2083 667 2148; x_wconf 81' lang='lat' dir='ltr'>opes</span> <span class='ocrx_word' id='word_1_99' title='bbox 692 2059 901 2125; x_wconf 70' lang='lat' dir='ltr'>accumulate</span> <span class='ocrx_word' id='word_1_100' title='bbox 924 2074 1034 2139; x_wconf 86' lang='lat' dir='ltr'>essent,</span> <span class='ocrx_word' id='word_1_101' title='bbox 1053 2073 1086 2121; x_wconf 90' lang='lat' dir='ltr'>et</span> <span class='ocrx_word' id='word_1_102' title='bbox 1102 2056 1186 2121; x_wconf 78' lang='lat' dir='ltr'>nune</span> 
     </span>
     <span class='ocr_line' id='line_1_15' title="bbox 124 2161 1186 2250; baseline -0.003 -25"><span class='ocrx_word' id='word_1_103' title='bbox 124 2185 246 2250; x_wconf 83' lang='lat' dir='ltr'>quoque</span> <span class='ocrx_word' id='word_1_104' title='bbox 260 2162 512 2249; x_wconf 81' lang='lat' dir='ltr'>defenderentur,</span> <span class='ocrx_word' id='word_1_105' title='bbox 525 2185 575 2224; x_wconf 83' lang='lat' dir='ltr'>eos</span> <span class='ocrx_word' id='word_1_106' title='bbox 588 2177 728 2225; x_wconf 79' lang='lat' dir='ltr'>extorres</span> <span class='ocrx_word' id='word_1_107' title='bbox 741 2173 873 2248; x_wconf 77' lang='lat' dir='ltr'>agerent</span> <span class='ocrx_word' id='word_1_108' title='bbox 883 2161 991 2224; x_wconf 79' lang='lat' dir='ltr'>iisdem</span> <span class='ocrx_word' id='word_1_109' title='bbox 1005 2162 1098 2237; x_wconf 79' lang='lat' dir='ltr'>orvis,</span> <span class='ocrx_word' id='word_1_110' title='bbox 1111 2180 1186 2246; x_wconf 86' lang='lat' dir='ltr'>quo·</span> 
     </span>
     <span class='ocr_line' id='line_1_16' title="bbox 125 2261 1186 2353; baseline -0.002 -27"><span class='ocrx_word' id='word_1_111' title='bbox 125 2264 193 2326; x_wconf 82' lang='lat' dir='ltr'>rum</span> <span class='ocrx_word' id='word_1_112' title='bbox 208 2265 267 2353; x_wconf 87' lang='lat' dir='ltr'>jus</span> <span class='ocrx_word' id='word_1_113' title='bbox 291 2279 385 2352; x_wconf 86' lang='lat' dir='ltr'>atque</span> <span class='ocrx_word' id='word_1_114' title='bbox 406 2264 555 2326; x_wconf 74' lang='lat' dir='ltr'>ditionem</span> <span class='ocrx_word' id='word_1_115' title='bbox 577 2261 703 2327; x_wconf 81' lang='lat' dir='ltr'>illorum</span> <span class='ocrx_word' id='word_1_116' title='bbox 723 2264 879 2352; x_wconf 78' lang='lat' dir='ltr'>sanguine</span> <span class='ocrx_word' id='word_1_117' title='bbox 900 2261 1071 2352; x_wconf 80' lang='lat' dir='ltr'>respublica</span> <span class='ocrx_word' id='word_1_118' title='bbox 1084 2282 1186 2350; x_wconf 65' lang='lat' dir='ltr'>para»</span> 
     </span>
     <span class='ocr_line' id='line_1_17' title="bbox 126 2368 220 2429; baseline 0 -1"><span class='ocrx_word' id='word_1_119' title='bbox 126 2368 220 2429; x_wconf 76' lang='lat' dir='ltr'>visset.</span> 
     </span>
    </p>

    <p class='ocr_par' dir='ltr' id='par_1_4' title="bbox 126 2465 1291 3264">
     <span class='ocr_line' id='line_1_18' title="bbox 169 2465 1186 2556; baseline 0.001 -27"><span class='ocrx_word' id='word_1_120' title='bbox 169 2468 215 2529; x_wconf 88' lang='lat' dir='ltr'>Xl</span> <span class='ocrx_word' id='word_1_121' title='bbox 220 2467 256 2530; x_wconf 93' lang='lat' dir='ltr'>V.</span> <span class='ocrx_word' id='word_1_122' title='bbox 271 2465 397 2530; x_wconf 72' lang='lat' dir='ltr'>«Etiam</span> <span class='ocrx_word' id='word_1_123' title='bbox 413 2467 500 2546; x_wconf 87' lang='lat' dir='ltr'>serae,</span> <span class='ocrx_word' id='word_1_124' title='bbox 515 2468 635 2554; x_wconf 89' lang='lat' dir='ltr'>quibus</span> <span class='ocrx_word' id='word_1_125' title='bbox 648 2491 706 2554; x_wconf 90' lang='lat' dir='ltr'>per</span> <span class='ocrx_word' id='word_1_126' title='bbox 720 2469 841 2532; x_wconf 90' lang='lat' dir='ltr'>ltaliam</span> <span class='ocrx_word' id='word_1_127' title='bbox 856 2470 983 2556; x_wconf 70' lang='lat' dir='ltr'>replete</span> <span class='ocrx_word' id='word_1_128' title='bbox 996 2467 1080 2531; x_wconf 76' lang='lat' dir='ltr'>silvae</span> <span class='ocrx_word' id='word_1_129' title='bbox 1094 2481 1186 2541; x_wconf 85' lang='lat' dir='ltr'>sunt,</span> 
     </span>
     <span class='ocr_line' id='line_1_19' title="bbox 126 2567 1186 2657; baseline 0 -27"><span class='ocrx_word' id='word_1_130' title='bbox 126 2568 309 2630; x_wconf 80' lang='lat' dir='ltr'>«cubilibus</span> <span class='ocrx_word' id='word_1_131' title='bbox 329 2583 361 2630; x_wconf 94' lang='lat' dir='ltr'>et</span> <span class='ocrx_word' id='word_1_132' title='bbox 379 2567 568 2630; x_wconf 86' lang='lat' dir='ltr'>habitaculis</span> <span class='ocrx_word' id='word_1_133' title='bbox 590 2591 657 2631; x_wconf 90' lang='lat' dir='ltr'>nou</span> <span class='ocrx_word' id='word_1_134' title='bbox 676 2585 802 2649; x_wconf 82' lang='lat' dir='ltr'>carent,</span> <span class='ocrx_word' id='word_1_135' title='bbox 823 2583 890 2657; x_wconf 89' lang='lat' dir='ltr'>quo</span> <span class='ocrx_word' id='word_1_136' title='bbox 906 2592 940 2632; x_wconf 91' lang='lat' dir='ltr'>se</span> <span class='ocrx_word' id='word_1_137' title='bbox 956 2570 1111 2657; x_wconf 87' lang='lat' dir='ltr'>recipiant</span> <span class='ocrx_word' id='word_1_138' title='bbox 1127 2590 1135 2630; x_wconf 91' lang='lat'>:</span> <span class='ocrx_word' id='word_1_139' title='bbox 1152 2581 1186 2630; x_wconf 92' lang='lat' dir='ltr'>at</span> 
     </span>
     <span class='ocr_line' id='line_1_20' title="bbox 127 2669 1187 2757; baseline -0.002 -25"><span class='ocrx_word' id='word_1_140' title='bbox 127 2670 197 2748; x_wconf 63' lang='lat' dir='ltr'>ahi,</span> <span class='ocrx_word' id='word_1_141' title='bbox 212 2692 352 2756; x_wconf 90' lang='lat' dir='ltr'>quorum</span> <span class='ocrx_word' id='word_1_142' title='bbox 367 2669 531 2731; x_wconf 86' lang='lat' dir='ltr'>laboribus</span> <span class='ocrx_word' id='word_1_143' title='bbox 543 2669 759 2755; x_wconf 82' lang='lat' dir='ltr'>Italiae&#39;quies,</span> <span class='ocrx_word' id='word_1_144' title='bbox 773 2692 914 2757; x_wconf 91' lang='lat' dir='ltr'>quorum</span> <span class='ocrx_word' id='word_1_145' title='bbox 926 2669 1085 2732; x_wconf 90' lang='lat' dir='ltr'>mortibus</span> <span class='ocrx_word' id='word_1_146' title='bbox 1099 2682 1187 2731; x_wconf 82' lang='lat' dir='ltr'>caete·</span> 
     </span>
     <span class='ocr_line' id='line_1_21' title="bbox 127 2768 1185 2857; baseline -0.001 -24"><span class='ocrx_word' id='word_1_147' title='bbox 127 2793 260 2833; x_wconf 80' lang='lat' dir='ltr'>«rorum</span> <span class='ocrx_word' id='word_1_148' title='bbox 275 2770 337 2832; x_wconf 88' lang='lat' dir='ltr'>vita</span> <span class='ocrx_word' id='word_1_149' title='bbox 353 2769 531 2848; x_wconf 85' lang='lat' dir='ltr'>redimitur,</span> <span class='ocrx_word' id='word_1_150' title='bbox 543 2769 605 2831; x_wconf 86' lang='lat' dir='ltr'>nisi</span> <span class='ocrx_word' id='word_1_151' title='bbox 619 2768 709 2856; x_wconf 90' lang='lat' dir='ltr'>quod</span> <span class='ocrx_word' id='word_1_152' title='bbox 723 2768 869 2834; x_wconf 89' lang='lat' dir='ltr'>eamdem</span> <span class='ocrx_word' id='word_1_153' title='bbox 883 2793 957 2832; x_wconf 89' lang='lat' dir='ltr'>oum</span> <span class='ocrx_word' id='word_1_154' title='bbox 971 2769 1185 2857; x_wconf 85' lang='lat' dir='ltr'>locupletibus</span> 
     </span>
     <span class='ocr_line' id='line_1_22' title="bbox 126 2864 1186 2956; baseline 0.002 -24"><span class='ocrx_word' id='word_1_155' title='bbox 126 2871 251 2933; x_wconf 76' lang='lat' dir='ltr'>«lucem</span> <span class='ocrx_word' id='word_1_156' title='bbox 284 2870 412 2948; x_wconf 89' lang='lat' dir='ltr'>vident,</span> <span class='ocrx_word' id='word_1_157' title='bbox 439 2864 655 2956; x_wconf 83' lang='lat' dir='ltr'>eumdemque</span> <span class='ocrx_word' id='word_1_158' title='bbox 684 2892 790 2934; x_wconf 88' lang='lat' dir='ltr'>aerem</span> <span class='ocrx_word' id='word_1_159' title='bbox 823 2872 978 2950; x_wconf 88' lang='lat' dir='ltr'>trahunt,</span> <span class='ocrx_word' id='word_1_160' title='bbox 1006 2868 1186 2935; x_wconf 79' lang='lat' dir='ltr'>commodis</span> 
     </span>
     <span class='ocr_line' id='line_1_23' title="bbox 127 2964 1221 3061; baseline 0.003 -27"><span class='ocrx_word' id='word_1_161' title='bbox 127 2971 377 3035; x_wconf 80' lang='lat' dir='ltr'>«communibus</span> <span class='ocrx_word' id='word_1_162' title='bbox 403 2971 557 3034; x_wconf 90' lang='lat' dir='ltr'>omuibus</span> <span class='ocrx_word' id='word_1_163' title='bbox 577 2989 754 3036; x_wconf 86' lang='lat' dir='ltr'>arcentur:</span> <span class='ocrx_word' id='word_1_164' title='bbox 783 2996 848 3036; x_wconf 93' lang='lat' dir='ltr'>non</span> <span class='ocrx_word' id='word_1_165' title='bbox 873 2989 1011 3054; x_wconf 88' lang='lat' dir='ltr'>tectum,</span> <span class='ocrx_word' id='word_1_166' title='bbox 1030 2974 1091 3037; x_wconf 90' lang='lat' dir='ltr'>sub</span> <span class='ocrx_word' id='word_1_167' title='bbox 1118 2964 1186 3061; x_wconf 70' lang='lat' dir='ltr'>quii</span> <span class='ocrx_word' id='word_1_168' title='bbox 1218 2987 1221 2993; x_wconf 85' lang='lat'>&#39;</span> 
     </span>
     <span class='ocr_line' id='line_1_24' title="bbox 128 3072 1184 3162; baseline 0.002 -26"><span class='ocrx_word' id='word_1_169' title='bbox 128 3073 288 3148; x_wconf 73' lang='lat' dir='ltr'>«latitent,</span> <span class='ocrx_word' id='word_1_170' title='bbox 306 3095 372 3134; x_wconf 92' lang='lat' dir='ltr'>non</span> <span class='ocrx_word' id='word_1_171' title='bbox 390 3073 516 3152; x_wconf 90' lang='lat' dir='ltr'>locum,</span> <span class='ocrx_word' id='word_1_172' title='bbox 533 3073 590 3135; x_wconf 91' lang='lat' dir='ltr'>ubi</span> <span class='ocrx_word' id='word_1_173' title='bbox 605 3072 722 3160; x_wconf 90' lang='lat' dir='ltr'>pedem</span> <span class='ocrx_word' id='word_1_174' title='bbox 739 3075 773 3136; x_wconf 89' lang='lat' dir='ltr'>in</span> <span class='ocrx_word' id='word_1_175' title='bbox 788 3097 849 3139; x_wconf 89' lang='lat' dir='ltr'>suo</span> <span class='ocrx_word' id='word_1_176' title='bbox 862 3089 999 3162; x_wconf 91' lang='lat' dir='ltr'>ponant,</span> <span class='ocrx_word' id='word_1_177' title='bbox 1013 3074 1184 3138; x_wconf 89' lang='lat' dir='ltr'>obtinent:</span> 
     </span>
     <span class='ocr_line' id='line_1_25' title="bbox 128 3174 1291 3264; baseline 0.001 -28"><span class='ocrx_word' id='word_1_178' title='bbox 128 3176 217 3264; x_wconf 69' lang='lat' dir='ltr'>avagi</span> <span class='ocrx_word' id='word_1_179' title='bbox 230 3197 304 3238; x_wconf 92' lang='lat' dir='ltr'>cum</span> <span class='ocrx_word' id='word_1_180' title='bbox 317 3174 473 3237; x_wconf 84' lang='lat' dir='ltr'>uxoribus</span> <span class='ocrx_word' id='word_1_181' title='bbox 484 3191 517 3236; x_wconf 82' lang='lat' dir='ltr'>et</span> <span class='ocrx_word' id='word_1_182' title='bbox 529 3174 637 3237; x_wconf 92' lang='lat' dir='ltr'>liberis</span> <span class='ocrx_word' id='word_1_183' title='bbox 651 3176 684 3237; x_wconf 93' lang='lat' dir='ltr'>in</span> <span class='ocrx_word' id='word_1_184' title='bbox 699 3176 766 3263; x_wconf 89' lang='lat' dir='ltr'>ipsa</span> <span class='ocrx_word' id='word_1_185' title='bbox 782 3176 883 3264; x_wconf 89' lang='lat' dir='ltr'>patria</span> <span class='ocrx_word' id='word_1_186' title='bbox 896 3176 1042 3239; x_wconf 82' lang='lat' dir='ltr'>exsilium</span> <span class='ocrx_word' id='word_1_187' title='bbox 1056 3188 1186 3264; x_wconf 80' lang='lat' dir='ltr'>agunt.»</span> <span class='ocrx_word' id='word_1_188' title='bbox 1287 3178 1291 3187; x_wconf 82' lang='grc'><em>’</em></span> 
     </span>
    </p>

    <p class='ocr_par' dir='ltr' id='par_1_5' title="bbox 119 3273 1190 3870">
     <span class='ocr_line' id='line_1_26' title="bbox 170 3273 1187 3368; baseline 0.003 -30"><span class='ocrx_word' id='word_1_189' title='bbox 170 3277 241 3340; x_wconf 87' lang='lat' dir='ltr'>XV.</span> <span class='ocrx_word' id='word_1_190' title='bbox 259 3278 443 3338; x_wconf 85' lang='lat' dir='ltr'>Conversus</span> <span class='ocrx_word' id='word_1_191' title='bbox 460 3274 578 3340; x_wconf 91' lang='lat' dir='ltr'>deinde</span> <span class='ocrx_word' id='word_1_192' title='bbox 595 3273 636 3339; x_wconf 92' lang='lat' dir='ltr'>ad</span> <span class='ocrx_word' id='word_1_193' title='bbox 652 3277 862 3365; x_wconf 87' lang='lat' dir='ltr'>locupletium</span> <span class='ocrx_word' id='word_1_194' title='bbox 878 3300 1010 3368; x_wconf 82' lang='lat' dir='ltr'>agmen,</span> <span class='ocrx_word' id='word_1_195' title='bbox 1028 3275 1187 3342; x_wconf 84' lang='lat' dir='ltr'>invidiose</span> 
     </span>
     <span class='ocr_line' id='line_1_27' title="bbox 127 3376 1190 3469; baseline 0.005 -32"><span class='ocrx_word' id='word_1_196' title='bbox 127 3377 367 3466; x_wconf 84' lang='lat' dir='ltr'>interrogabat:</span> <span class='ocrx_word' id='word_1_197' title='bbox 388 3398 453 3463; x_wconf 84' lang='lat' dir='ltr'>qua</span> <span class='ocrx_word' id='word_1_198' title='bbox 476 3377 604 3441; x_wconf 85' lang='lat' dir='ltr'>tandem</span> <span class='ocrx_word' id='word_1_199' title='bbox 627 3401 726 3441; x_wconf 85' lang='lat' dir='ltr'>causo</span> <span class='ocrx_word' id='word_1_200' title='bbox 751 3378 889 3468; x_wconf 71' lang='lat' dir='ltr'>iniquum</span> <span class='ocrx_word' id='word_1_201' title='bbox 908 3395 1080 3469; x_wconf 83' lang='lat' dir='ltr'>putarent,</span> <span class='ocrx_word' id='word_1_202' title='bbox 1101 3376 1190 3468; x_wconf 70' lang='lat' dir='ltr'>quod</span> 
     </span>
     <span class='ocr_line' id='line_1_28' title="bbox 119 3477 1188 3571; baseline 0.008 -33"><span class='ocrx_word' id='word_1_203' title='bbox 119 3477 235 3565; x_wconf 77' lang='lat' dir='ltr'>populi</span> <span class='ocrx_word' id='word_1_204' title='bbox 248 3492 341 3556; x_wconf 84' lang='lat' dir='ltr'>esset,</span> <span class='ocrx_word' id='word_1_205' title='bbox 363 3478 400 3543; x_wconf 81' lang='lat' dir='ltr'>id</span> <span class='ocrx_word' id='word_1_206' title='bbox 412 3478 533 3568; x_wconf 83' lang='lat' dir='ltr'>populo</span> <span class='ocrx_word' id='word_1_207' title='bbox 554 3480 676 3543; x_wconf 75' lang='lat' dir='ltr'>dividit</span> <span class='ocrx_word' id='word_1_208' title='bbox 692 3502 750 3544; x_wconf 86' lang='lat' dir='ltr'>eur</span> <span class='ocrx_word' id='word_1_209' title='bbox 770 3504 868 3546; x_wconf 82' lang='lat' dir='ltr'>servos</span> <span class='ocrx_word' id='word_1_210' title='bbox 887 3484 1018 3563; x_wconf 63' lang='lat' dir='ltr'>civibus,</span> <span class='ocrx_word' id='word_1_211' title='bbox 1040 3483 1188 3571; x_wconf 65' lang='lat' dir='ltr'>militibus</span> 
     </span>
     <span class='ocr_line' id='line_1_29' title="bbox 127 3579 1188 3674; baseline 0.008 -36"><span class='ocrx_word' id='word_1_212' title='bbox 127 3579 294 3642; x_wconf 78' lang='lat' dir='ltr'>inhabilem</span> <span class='ocrx_word' id='word_1_213' title='bbox 309 3579 430 3642; x_wconf 73' lang='lat' dir='ltr'>milicie</span> <span class='ocrx_word' id='word_1_214' title='bbox 444 3582 582 3661; x_wconf 73' lang='lat' dir='ltr'>trudam,</span> <span class='ocrx_word' id='word_1_215' title='bbox 596 3597 752 3665; x_wconf 84' lang='lat' dir='ltr'>postremo</span> <span class='ocrx_word' id='word_1_216' title='bbox 767 3587 829 3647; x_wconf 80' lang='lat' dir='ltr'>sut&#39;s</span> <span class='ocrx_word' id='word_1_217' title='bbox 847 3584 964 3649; x_wconf 84' lang='lat' dir='ltr'>alienos</span> <span class='ocrx_word' id='word_1_218' title='bbox 974 3583 1188 3674; x_wconf 72' lang='lat' dir='ltr'>preferrent?</span> 
     </span>
     <span class='ocr_line' id='line_1_30' title="bbox 128 3679 1188 3773; baseline 0.008 -33"><span class='ocrx_word' id='word_1_219' title='bbox 128 3680 263 3744; x_wconf 75' lang='lat' dir='ltr'>«Vestra</span> <span class='ocrx_word' id='word_1_220' title='bbox 280 3679 420 3766; x_wconf 88' lang='lat' dir='ltr'>denique</span> <span class='ocrx_word' id='word_1_221' title='bbox 437 3703 534 3768; x_wconf 87' lang='lat' dir='ltr'>opera</span> <span class='ocrx_word' id='word_1_222' title='bbox 552 3682 705 3745; x_wconf 83' lang='lat' dir='ltr'>ellectum</span> <span class='ocrx_word' id='word_1_223' title='bbox 724 3700 790 3762; x_wconf 87' lang='lat' dir='ltr'>est,</span> <span class='ocrx_word' id='word_1_224' title='bbox 808 3700 846 3746; x_wconf 94' lang='lat' dir='ltr'>ut</span> <span class='ocrx_word' id='word_1_225' title='bbox 867 3686 1065 3748; x_wconf 90' lang='lat' dir='ltr'>mentiantur</span> <span class='ocrx_word' id='word_1_226' title='bbox 1083 3685 1188 3773; x_wconf 89' lang='lat' dir='ltr'>impe·</span> 
     </span>
     <span class='ocr_line' id='line_1_31' title="bbox 128 3781 1188 3870; baseline 0.006 -28"><span class='ocrx_word' id='word_1_227' title='bbox 128 3796 270 3844; x_wconf 77' lang='lat' dir='ltr'>«ratores</span> <span class='ocrx_word' id='word_1_228' title='bbox 286 3781 404 3861; x_wconf 88' lang='lat' dir='ltr'>nostri,</span> <span class='ocrx_word' id='word_1_229' title='bbox 422 3804 524 3868; x_wconf 94' lang='lat' dir='ltr'>quum</span> <span class='ocrx_word' id='word_1_230' title='bbox 541 3783 609 3845; x_wconf 90' lang='lat' dir='ltr'>acie</span> <span class='ocrx_word' id='word_1_231' title='bbox 628 3783 782 3845; x_wconf 89' lang='lat' dir='ltr'>instructa</span> <span class='ocrx_word' id='word_1_232' title='bbox 798 3806 858 3870; x_wconf 91' lang='lat' dir='ltr'>pro</span> <span class='ocrx_word' id='word_1_233' title='bbox 875 3784 936 3845; x_wconf 89' lang='lat' dir='ltr'>aris</span> <span class='ocrx_word' id='word_1_234' title='bbox 953 3800 985 3848; x_wconf 91' lang='lat' dir='ltr'>et</span> <span class='ocrx_word' id='word_1_235' title='bbox 1001 3784 1081 3848; x_wconf 84' lang='lat' dir='ltr'>focis</span> <span class='ocrx_word' id='word_1_236' title='bbox 1097 3783 1188 3848; x_wconf 91' lang='lat' dir='ltr'>dimi·</span> 
     </span>
    </p>

    <p class='ocr_par' dir='ltr' id='par_1_6' title="bbox 127 3881 1280 4276">
     <span class='ocr_line' id='line_1_32' title="bbox 128 3881 1186 3972; baseline 0.008 -32"><span class='ocrx_word' id='word_1_237' title='bbox 128 3912 138 3933; x_wconf 83' lang='lat'>«</span> <span class='ocrx_word' id='word_1_238' title='bbox 150 3902 220 3943; x_wconf 89' lang='lat' dir='ltr'>care</span> <span class='ocrx_word' id='word_1_239' title='bbox 240 3881 390 3944; x_wconf 86' lang='lat' dir='ltr'>homines</span> <span class='ocrx_word' id='word_1_240' title='bbox 408 3881 547 3959; x_wconf 86' lang='lat' dir='ltr'>jubent:</span> <span class='ocrx_word' id='word_1_241' title='bbox 567 3899 687 3969; x_wconf 86' lang='lat' dir='ltr'>quotus</span> <span class='ocrx_word' id='word_1_242' title='bbox 706 3883 792 3946; x_wconf 88' lang='lat' dir='ltr'>euim</span> <span class='ocrx_word' id='word_1_243' title='bbox 812 3883 950 3970; x_wconf 89' lang='lat' dir='ltr'>quisque</span> <span class='ocrx_word' id='word_1_244' title='bbox 969 3908 1055 3948; x_wconf 85' lang='lat' dir='ltr'>aram</span> <span class='ocrx_word' id='word_1_245' title='bbox 1080 3900 1186 3972; x_wconf 88' lang='lat' dir='ltr'>pater·</span> 
     </span>
     <span class='ocr_line' id='line_1_33' title="bbox 127 3970 1280 4072; baseline 0.009 -31"><span class='ocrx_word' id='word_1_246' title='bbox 127 4010 140 4034; x_wconf 84' lang='lat'>«</span> <span class='ocrx_word' id='word_1_247' title='bbox 151 4003 243 4063; x_wconf 86' lang='lat' dir='ltr'>nam,</span> <span class='ocrx_word' id='word_1_248' title='bbox 260 3998 316 4044; x_wconf 89' lang='lat' dir='ltr'>aut</span> <span class='ocrx_word' id='word_1_249' title='bbox 332 3983 430 4045; x_wconf 86' lang='lat' dir='ltr'>larem</span> <span class='ocrx_word' id='word_1_250' title='bbox 446 3970 632 4046; x_wconf 85' lang='lat' dir='ltr'>familiarem</span> <span class='ocrx_word' id='word_1_251' title='bbox 648 4004 786 4068; x_wconf 85' lang='lat' dir='ltr'>usquam</span> <span class='ocrx_word' id='word_1_252' title='bbox 802 3983 920 4047; x_wconf 77' lang='lat' dir='ltr'>habet?</span> <span class='ocrx_word' id='word_1_253' title='bbox 937 3985 993 4049; x_wconf 86' lang='lat' dir='ltr'>sed</span> <span class='ocrx_word' id='word_1_254' title='bbox 1008 4008 1068 4072; x_wconf 90' lang='lat' dir='ltr'>pro</span> <span class='ocrx_word' id='word_1_255' title='bbox 1083 3985 1189 4050; x_wconf 87' lang='lat' dir='ltr'>alieno</span> <span class='ocrx_word' id='word_1_256' title='bbox 1253 4051 1259 4060; x_wconf 84' lang='grc'>,</span> <span class='ocrx_word' id='word_1_257' title='bbox 1277 4012 1280 4016; x_wconf 59' lang='grc'>“</span> 
     </span>
     <span class='ocr_line' id='line_1_34' title="bbox 127 4082 1189 4173; baseline 0.004 -29"><span class='ocrx_word' id='word_1_258' title='bbox 127 4113 139 4135; x_wconf 73' lang='grc' dir='ltr'>«ι</span> <span class='ocrx_word' id='word_1_259' title='bbox 148 4083 241 4162; x_wconf 90' lang='lat' dir='ltr'>luxu,</span> <span class='ocrx_word' id='word_1_260' title='bbox 258 4106 318 4170; x_wconf 89' lang='lat' dir='ltr'>pro</span> <span class='ocrx_word' id='word_1_261' title='bbox 331 4082 443 4146; x_wconf 91' lang='lat' dir='ltr'>alienis</span> <span class='ocrx_word' id='word_1_262' title='bbox 454 4083 572 4170; x_wconf 89' lang='lat' dir='ltr'>opibus</span> <span class='ocrx_word' id='word_1_263' title='bbox 588 4083 735 4171; x_wconf 87' lang='lat' dir='ltr'>spiritum</span> <span class='ocrx_word' id='word_1_264' title='bbox 749 4082 914 4171; x_wconf 83' lang='lat' dir='ltr'>vitamque</span> <span class='ocrx_word' id='word_1_265' title='bbox 930 4085 1072 4173; x_wconf 84' lang='lat' dir='ltr'>prodigit</span> <span class='ocrx_word' id='word_1_266' title='bbox 1086 4108 1189 4148; x_wconf 88' lang='lat' dir='ltr'>roma·</span> 
     </span>
     <span class='ocr_line' id='line_1_35' title="bbox 127 4183 1187 4276; baseline 0.003 -30"><span class='ocrx_word' id='word_1_267' title='bbox 127 4206 212 4255; x_wconf 51' lang='lat' dir='ltr'>snus</span> <span class='ocrx_word' id='word_1_268' title='bbox 232 4185 283 4247; x_wconf 90' lang='lat' dir='ltr'>ille</span> <span class='ocrx_word' id='word_1_269' title='bbox 301 4184 461 4273; x_wconf 86' lang='lat' dir='ltr'>populus,</span> <span class='ocrx_word' id='word_1_270' title='bbox 479 4206 576 4270; x_wconf 89' lang='lat' dir='ltr'>quem</span> <span class='ocrx_word' id='word_1_271' title='bbox 592 4183 680 4248; x_wconf 88' lang='lat' dir='ltr'>orbis</span> <span class='ocrx_word' id='word_1_272' title='bbox 696 4200 856 4248; x_wconf 86' lang='lat' dir='ltr'>terrarum</span> <span class='ocrx_word' id='word_1_273' title='bbox 874 4185 1046 4250; x_wconf 91' lang='lat' dir='ltr'>dominum</span> <span class='ocrx_word' id='word_1_274' title='bbox 1063 4187 1187 4276; x_wconf 81' lang='lat' dir='ltr'>magni·</span> 
     </span>
    </p>
   </div>
   <div class='ocr_carea' id='block_1_3' title="bbox 128 4389 1191 4540">
    <p class='ocr_par' dir='ltr' id='par_1_7' title="bbox 128 4389 1191 4540">
     <span class='ocr_line' id='line_1_36' title="bbox 162 4389 1191 4461; baseline 0.011 -25"><span class='ocrx_word' id='word_1_275' title='bbox 162 4389 261 4453; x_wconf 73' lang='lat' dir='ltr'>§xllb</span> <span class='ocrx_word' id='word_1_276' title='bbox 275 4393 394 4440; x_wconf 84' lang='lat' dir='ltr'>Plutarch.</span> <span class='ocrx_word' id='word_1_277' title='bbox 408 4394 434 4440; x_wconf 81' lang='lat' dir='ltr'>in</span> <span class='ocrx_word' id='word_1_278' title='bbox 447 4393 572 4453; x_wconf 83' lang='lat' dir='ltr'>Graccho,</span> <span class='ocrx_word' id='word_1_279' title='bbox 583 4410 636 4459; x_wconf 87' lang='lat' dir='ltr'>cap.</span> <span class='ocrx_word' id='word_1_280' title='bbox 653 4396 693 4444; x_wconf 80' lang='lat'>13.</span> <span class='ocrx_word' id='word_1_281' title='bbox 709 4423 740 4432; x_wconf 85' lang='lat'>·-</span> <span class='ocrx_word' id='word_1_282' title='bbox 754 4396 881 4459; x_wconf 63' lang='lat' dir='ltr'>Anguem.</span> <span class='ocrx_word' id='word_1_283' title='bbox 895 4394 926 4442; x_wconf 84' lang='lat' dir='ltr'>de</span> <span class='ocrx_word' id='word_1_284' title='bbox 939 4395 993 4445; x_wconf 81' lang='lat' dir='ltr'>etv.</span> <span class='ocrx_word' id='word_1_285' title='bbox 1008 4396 1131 4457; x_wconf 75' lang='lat' dir='ltr'>uei,111,</span> <span class='ocrx_word' id='word_1_286' title='bbox 1145 4407 1191 4461; x_wconf 64' lang='lat' dir='ltr'>at.</span> 
     </span>
     <span class='ocr_line' id='line_1_37' title="bbox 128 4475 441 4540; baseline 0.026 -21"><span class='ocrx_word' id='word_1_287' title='bbox 128 4500 162 4510; x_wconf 89' lang='lat'>-</span> <span class='ocrx_word' id='word_1_288' title='bbox 173 4475 276 4524; x_wconf 86' lang='lat' dir='ltr'>Diodor.</span> <span class='ocrx_word' id='word_1_289' title='bbox 285 4477 350 4540; x_wconf 88' lang='lat' dir='ltr'>apud</span> <span class='ocrx_word' id='word_1_290' title='bbox 360 4477 441 4527; x_wconf 82' lang='lat' dir='ltr'>Valet.</span> 
     </span>
    </p>
   </div>
   <div class='ocr_carea' id='block_1_4' title="bbox 0 0 1303 4980">
    <p class='ocr_par' dir='ltr' id='par_1_8' title="bbox 0 0 1303 4980">
     <span class='ocr_line' id='line_1_38' title="bbox 0 0 1303 4980; baseline 0 0"><span class='ocrx_word' id='word_1_291' title='bbox 0 0 1303 4980; x_wconf 95' lang='lat' dir='ltr'> </span> 
     </span>
    </p>
   </div>
  </div>
 </body>
</html>
