2594 4980
348 711 401 780 IN
432 711 549 780 LOC.
575 712 671 780 LIB.
700 711 810 779 LXII
842 712 1062 784 LIVIANI.
1170 711 1243 799 42'3

169 832 340 895 facientis:
367 830 424 911 sed
447 832 520 919 plus
542 830 652 895 adhuc
672 830 833 910 judicium
858 831 962 914 illius,
985 848 1024 897 ut
1048 831 1242 898 doctissime

170 934 345 1020 Principis,
360 933 476 997 ethaeo
491 934 641 1015 lecturae,
661 955 820 998 revereor.
837 934 920 1016 Quae
938 950 1077 1022 utraque
1091 934 1166 999 licet
1179 934 1243 999 cla·

169 1035 293 1099 rissinra
304 1037 426 1123 ubique
436 1035 521 1099 fama
534 1036 606 1100 orbi
620 1037 850 1117 innotuerunt,
862 1036 943 1101 mihi
954 1037 1120 1101 lubentius
1132 1035 1243 1121 credo,

170 1139 227 1224 qui
252 1138 367 1202 studiis
393 1138 462 1217 ejus
491 1160 589 1227 snpra
617 1138 796 1202 triennium
820 1137 1032 1227 quotidianus
1056 1136 1245 1204 administer

170 1239 314 1316 aderam,
336 1263 403 1327 quo
423 1257 570 1328 tempore
588 1240 801 1328 (quamquam
820 1240 1008 1330 gravissimo
1026 1239 1114 1305 bello
1135 1238 1244 1328 impli-

170 1357 256 1422 cata,
275 1342 356 1405 nihil
379 1343 517 1432 negotiis
540 1341 743 1428 detraheret)
770 1341 951 1406 incredibili
971 1341 1103 1421 ardore,
1125 1355 1158 1405 et
1176 1340 1246 1405 l'eli·

170 1443 264 1506 citare
294 1442 416 1531 ingenii
446 1442 665 1507 eruditionem
697 1445 822 1532 rapuit,
848 1443 1032 1531 latinosque
1060 1459 1093 1507 et
1123 1464 1245 1533 grecos

170 1544 341 1631 scriptores
367 1545 575 1627 celebriores,
602 1545 660 1633 qui
687 1561 831 1609 nostram
857 1544 899 1610 ad
926 1560 1051 1609 aetatem
1076 1544 1245 1633 pervenire

169 1660 366 1732 potuerunt,
385 1645 559 1734 plerosque
580 1668 695 1710 omnes
714 1647 844 1712 evolvit.

214 1748 344 1812 XLVII.
359 1748 535 1829 Caeterum,
549 1764 706 1837 tanquam
723 1749 757 1812 in
771 1748 932 1837 principio
943 1747 1068 1836 operis,
1081 1745 1245 1812 testificari

170 1848 299 1930 licebit,
322 1872 361 1913 eo
383 1873 436 1913 rne
458 1850 569 1914 animo
589 1849 630 1913 ad
650 1850 822 1916 historiam
847 1849 1053 1915 scribendam
1076 1847 1245 1931 accedere,

171 1965 208 2012 ut
224 1951 346 2014 nemini
363 1951 564 2040 legisse'eam
581 1951 758 2040 aliquando
776 1951 884 2017 fraudi
901 1974 1076 2040 nexaeque,
1091 1950 1149 2015 sed
1164 1950 1248 2016 utili·

171 2053 227 2115 tati
244 2056 353 2140 potius
372 2071 470 2142 atque
492 2055 716 2119 emolumento
737 2054 827 2137 fore,
846 2053 1019 2120 confidam.
1043 2056 1245 2142 Temporum

172 2155 259 2217 enim
273 2177 388 2220 eorum
410 2157 582 2244 scriptores
603 2179 734 2239 omnes,
758 2157 879 2221 caeteris
895 2157 1031 2222 fortasse
1048 2156 1146 2221 rebus
1162 2178 1247 2243 quo·

170 2254 249 2318 libet
265 2257 477 2344 antiquorum
495 2258 642 2340 inferior,
659 2281 725 2322 une
740 2257 812 2339 illa,
825 2257 883 2322 sed
897 2256 1010 2322 eadem
1023 2280 1100 2321 sane
1114 2256 1246 2323 maximi

157 2359 330 2420 *momenti
351 2381 402 2440 re,
426 2375 656 2447 superaturum
679 2382 749 2424 esse
776 2359 921 2440 ominor,
945 2357 1037 2447 quod
1062 2358 1245 2423 christianae

171 2459 385 2548 philosophiae
404 2462 573 2550 praeceptis
592 2461 761 2526 institutus
785 2461 1030 2548 inherensque,
1051 2461 1156 2525 nullas
1172 2459 1246 2525 illm

171 2580 244 2624 rum
270 2585 383 2645 more,
406 2564 469 2627 sub
496 2562 623 2626 blandae
652 2562 845 2650 eloquentiae
875 2561 1069 2642 involucris,
1098 2561 1246 2627 exitiosas

172 2663 318 2727 moribus
336 2663 468 2728 iusidias
486 2680 620 2728 struem.
875 2726 879 2736 ,

215 2763 363 2827 XLVIII.
380 2764 463 2827 Mihi
481 2765 585 2845 enim,
600 2785 770 2827 romanam
790 2762 959 2827 historiam
976 2763 1062 2827 varie
1083 2786 1245 2852 sparsam,

172 2876 269 2946 atque
293 2884 376 2950 saepe
397 2863 432 2926 in
452 2864 683 2927 minutissimas
700 2864 873 2951 particulas
894 2863 1084 2948 dissectam,
1103 2863 1246 2930 redinte-

172 2964 292 3051 granti,
306 2987 409 3051 quum
428 2965 598 3053 Hippolyti
613 2981 645 3029 et
661 2964 798 3030 Osiridis
811 2964 928 3030 fabulae
947 2966 1162 3032 obversentur
1177 2967 1247 3032 ani·

172 3087 243 3145 mo,
253 3065 499 3131 similitudinem
511 3065 648 3132 Osiridis
659 3067 876 3156 praetulerim:
890 3067 983 3148 cujus
995 3091 1098 3155 quum
1111 3069 1251 3136 lacerata

172 3183 205 3228 et
215 3167 347 3247 disjecta
361 3169 507 3233 membra
522 3169 763 3259 colligerentur,
778 3167 949 3258 pudendas
963 3186 1070 3258 partes
1083 3193 1246 3260 nusquam

173 3271 391 3357 comparuisse
408 3286 601 3335 mensurant.
618 3269 743 3335 Eadem·
761 3270 842 3334 mihi
860 3294 959 3359 opera
972 3269 1087 3336 sedulo
1103 3271 1246 3355 dabitur,

175 3393 214 3431 ne
233 3371 313 3457 quid
329 3373 559 3460 superstitione
576 3394 748 3460 spurcum,
764 3388 822 3436 aut
835 3371 1022 3437 adulatione
1035 3372 1178 3459 foedum,
1189 3391 1248 3440 aut

173 3473 316 3556 qualibet
332 3475 485 3539 vitiorum
503 3474 575 3538 labe
589 3473 801 3563 pudendum,
819 3473 944 3538 etiamsi
960 3490 999 3538 ut
1015 3474 1057 3539 ab
1074 3475 1143 3540 aliis
1159 3475 1246 3542 dicta

174 3570 295 3636 lactare
311 3576 425 3639 referri
449 3598 619 3641 necessum
642 3576 720 3656 erit,
738 3597 792 3640 me
813 3591 947 3640 auctore
966 3577 1140 3664 quisquam
1159 3597 1247 3644 amet

175 3672 339 3758 probetre.

219 3776 335 3839 XLIX.
367 3776 481 3858 Quum
518 3779 606 3843 enim
641 3777 852 3841 historiarum
886 3776 1093 3866 cognitione,
1122 3796 1247 3867 quanto

175 3876 438 3964 unumquodque
453 3877 620 3966 ingenium
635 3878 823 3968 generosius
840 3893 904 3964 est,
916 3892 1008 3943 tanto
1021 3878 1246 3946 vehementius

174 3977 349 4060 afficiatur,
368 3976 438 4041 fieri
456 3994 578 4066 potest,
594 3979 757 4066 soletque,
775 3994 813 4042 nt
832 3977 996 4043 benevolis
1015 3979 1133 4067 magis,
1147 4002 1245 4067 quam
1274 4007 1282 4029 ⁴

175 4081 276 4144 cautis
293 4079 488 4160 lectoribus,
505 4078 559 4143 hic
574 4080 711 4169 obrepat
725 4101 833 4161 error,
855 4097 892 4144 ut
906 4078 1065 4160 judicium
1080 4081 1247 4170 scriptoris

175 4198 364 4271 sequantur,
376 4181 566 4270 priusquam
586 4181 646 4270 ipsi
669 4181 710 4246 de
730 4181 885 4270 scriptore
901 4180 1131 4266 judicaverint3
1146 4205 1246 4274 appe.

174 4284 338 4372 tendaque
357 4298 414 4347 aut
435 4281 585 4348 evitanda
609 4283 736 4373 singula
762 4283 977 4366 arbitrentur,
999 4300 1100 4372 prout
1122 4284 1164 4351 ab
1187 4286 1248 4356 illu

211 4453 354 4519 surm.
368 4455 491 4506 Plutarch.
505 4454 536 4505 de
549 4455 608 4505 laid.
621 4466 646 4506 et
660 4455 725 4505 Osir.
739 4471 794 4525 cap.
810 4471 898 4521 19.-
912 4455 1017 4507 Diodor.
1027 4455 1072 4509 lib.
1084 4458 1131 4515 tv,
