2594 4980
891 343 895 351 ι

616 363 625 379 ἱ

249 728 304 795 ru
334 725 449 793 noc.
478 725 578 793 mn.
605 723 780 791 nxxrv
809 722 1040 791 murini.
1111 719 1182 817 697

109 880 122 902 «ι
132 848 257 936 ignavia
275 825 461 925 tradiderit,
472 839 647 909 Asculani?
659 843 797 908 Parcent
811 842 947 922 scilicet,
961 865 979 905 a
995 842 1116 930 quibus
1132 843 1184 905 in·

111 979 124 1004 a
135 948 284 1013 terfectos
295 947 525 1035 proconsules,
540 946 730 1010 interfectos
742 944 865 1033 legatos
878 966 968 1025 suos,
979 941 1076 1009 fidem
1086 945 1184 1033 pacis,

109 1050 331 1129 «majestatem
351 1048 496 1136 imperii,
511 1047 691 1130 foederum,
708 1045 858 1136 hospitii,
878 1046 1099 1136 cognationis,
1112 1047 1185 1127 jura

111 1153 246 1216 «omnia
270 1151 386 1215 violata
411 1173 480 1216 esse
503 1149 750 1214 meminerunt?
775 1150 838 1213 nisi
860 1150 946 1213 forte
970 1148 1186 1212 blandiuntur

110 1253 195 1316 «sibi
218 1252 369 1341 quidam,
388 1253 446 1340 qui
463 1254 528 1332 jam
547 1253 626 1316 olim
644 1252 799 1316 Romanis
817 1251 998 1339 approbare
1014 1247 1113 1314 fidem
1133 1251 1185 1313 in·

111 1356 385 1442 «nocentiamque
414 1377 506 1420 suam
533 1353 695 1418 student:
722 1376 741 1417 a
767 1375 910 1440 quorum
940 1350 1133 1415 nominibus
1158 1351 1185 1414 si

109 1456 264 1519 «interim
279 1456 447 1538 abstineo,
465 1479 531 1521 non
548 1472 597 1520 est
612 1472 650 1519 ut
665 1478 701 1520 se
717 1470 848 1542 sperent
861 1453 980 1519 fallere.

154 1556 277 1620 XXIX.
299 1556 352 1620 «Ν
354 1579 397 1621 on
417 1579 486 1620 esse
502 1557 583 1620 mihi
600 1557 746 1645 ignotos,
764 1579 905 1644 quorum
920 1553 1042 1618 invidia
1057 1569 1187 1617 metuve

111 1685 124 1709 a
134 1671 279 1741 spretum
299 1657 493 1745 imperium,
509 1657 628 1722 deserti
647 1659 731 1723 cives
750 1674 783 1720 et
799 1671 1058 1746 propugnatores
1071 1656 1188 1737 vestri,

111 1757 262 1843 «prodita
275 1776 442 1847 postremo
463 1760 565 1848 patria
582 1776 647 1840 est,
664 1774 791 1823 matura
810 1759 984 1822 noxiorum
1002 1779 1097 1844 poena
1112 1757 1189 1820 satis

111 1887 124 1911 a
135 1857 296 1923 ostendet.
313 1859 454 1942 Quando
471 1861 559 1924 enim
577 1861 714 1925 aliorum
732 1860 870 1940 scelere,
889 1858 1028 1923 aliorum
1047 1858 1189 1922 amentia

111 1981 174 2022 «eo
186 1959 326 2024 deducta
342 1983 393 2026 res
410 1978 476 2043 est,
494 1980 533 2027 ut
547 1963 722 2027 imminens
743 1961 906 2026 excidium
926 1961 1035 2049 patriae
1054 1960 1188 2025 indubi-

112 2077 242 2125 «tanter
259 2065 474 2151 prospiciam,
492 2087 601 2152 neque
622 2087 682 2154 ego
703 2079 867 2152 superstes
891 2064 921 2126 ei
945 2086 1019 2144 ero,
1037 2085 1097 2126 nec
1115 2063 1189 2126 iilos

110 2164 251 2250 «patiar,
264 2188 364 2251 penes
377 2189 459 2254 quos
474 2167 634 2232 malorum
648 2167 787 2231 istorum
801 2166 896 2254 culpa
907 2164 1037 2229 residet.
1048 2196 1061 2220 ν
1074 2165 1187 2247 Quum

111 2262 230 2328 deinde
249 2267 325 2331 satis
341 2266 398 2332 diu
414 2268 577 2354 atrocibus
593 2269 700 2332 verbis
719 2267 934 2348 concionem,
953 2267 1115 2355 praecipue
1132 2289 1188 2330 ve·

111 2381 196 2430 teres
216 2370 369 2451 umidos,
394 2371 452 2458 qui
477 2371 521 2434 ob
543 2369 714 2459 pristinam
737 2369 937 2433 simultatem
960 2383 1034 2431 tum
1056 2389 1190 2455 quoque

112 2468 298 2556 negligendi
311 2471 440 2561 imperii
451 2489 601 2536 auctores
612 2471 738 2559 populo
751 2472 882 2535 fuerant
892 2518 902 2545 ‚
912 2468 1141 2533 vehementem
1154 2469 1189 2532 in

111 2568 262 2632 timorem
279 2569 466 2635 adduxisset
484 2573 579 2658 (uam
593 2587 751 2653 armatos,
767 2587 800 2635 et
814 2571 872 2657 qui
886 2593 952 2634 una
968 2586 1141 2650 venerant,
1158 2586 1191 2633 et

114 2671 171 2754 qui
189 2670 223 2732 in
240 2672 389 2759 praesidio
407 2688 499 2735 erant
515 2672 623 2752 urbis,
646 2670 735 2735 dicto
754 2669 921 2735 audientes
944 2670 1086 2735 habebat
1097 2671 1126 2758 ),
1149 2670 1191 2735 ad

54 2816 56 2821 ·
112 2786 316 2856 postremum
335 2775 451 2859 corripi
464 2772 619 2860 quosdam
634 2771 858 2834 tusculanorum
868 2773 1050 2860 prrirctjoum
1062 2771 1167 2850 jussit.

157 2873 263 2937 XXX.
280 2873 410 2956 Quibus
422 2874 538 2937 ultimo
550 2873 711 2962 supplicio
725 2872 944 2961 consumptis,
960 2872 1030 2959 ipse
1041 2895 1118 2936 cum
1132 2895 1192 2937 cae·

113 2975 209 3055 teris,
224 2992 257 3039 et
273 2974 526 3040 honoratissimo
544 2998 679 3062 quoque
695 2974 876 3037 amicorum
893 2971 1063 3062 magnifice
1079 2975 1190 3061 epula·

112 3092 182 3158 tus,
199 3077 312 3140 vinum
331 3076 454 3140 affatim
475 3077 604 3158 hausit3
620 3075 739 3140 deinde
756 3098 860 3163 quum
877 3074 1075 3139 destinatum
1093 3077 1191 3141 morti

112 3193 239 3266 tempus
253 3178 454 3261 advenisset,
471 3196 635 3270 postrema
654 3178 802 3243 oratione
814 3178 930 3242 affatus
946 3194 1139 3266 praesentes,
1156 3178 1189 3241 in

112 3281 299 3361 hujusmodi
319 3283 417 3347 verba
440 3283 610 3371 prorupit:
630 3283 803 3346 «Alterum
820 3303 954 3362 eorum,
971 3303 1043 3368 quae
1058 3281 1093 3344 in
1109 3302 1189 3345 con·

112 3384 229 3448 acione
248 3385 480 3474 promiseram,
501 3384 639 3466 exsolvi,
657 3405 816 3471 nequem
839 3381 1046 3470 proditorum
1062 3381 1191 3471 prodita

113 3485 327 3574 “perditaque
339 3488 441 3576 patria
453 3487 572 3567 laetari,
587 3503 644 3550 aut
657 3487 770 3550 saltem
787 3507 956 3573 superesse
969 3483 1120 3572 pereunti
1133 3505 1190 3570 pa·

112 3599 240 3650 uterer:
259 3609 348 3651 nunc
364 3589 496 3653 alterius
510 3588 607 3652 etiam
623 3584 804 3676 praestanda
824 3583 903 3650 fides
924 3601 988 3668 est,
1011 3608 1053 3649 ne
1073 3601 1107 3649 et
1122 3580 1211 3673 ipse'

112 3688 304 3774 «supersim.
319 3689 409 3772 Quid
423 3689 614 3755 contrahitis
625 3691 767 3771 frontes,
779 3688 896 3752 amici?
912 3687 993 3776 quid
1004 3687 1193 3751 abominan-

112 3818 125 3843 ·
137 3788 224 3852 tibus
241 3790 379 3854 similem
395 3792 523 3855 vultum
538 3791 658 3883 fingitis
669 3791 684 3855 i
697 3791 778 3855 nihil
795 3792 888 3855 triste
901 3791 1031 3879 loquuti
1042 3811 1168 3854 sumus.

157 3890 279 3954 XXXI.
300 3921 313 3946 ι
326 3891 402 3955 Non
419 3907 540 3956 temere
557 3892 638 3955 mihi
654 3909 769 3981 raptus
786 3908 836 3957 est
852 3892 1014 3956 moriendi
1031 3893 1190 3979 impetus,

112 4021 125 4045 ι
137 4011 242 4076 neque
259 3992 394 4079 poenitet
409 3993 531 4081 incepti
552 3995 690 4082 pigetve.
709 3993 800 4059 ldem
816 3995 945 4058 animus
961 4042 970 4075 ,
986 3994 1028 4058 ad
1045 3991 1190 4058 efficicn·
1247 4050 1250 4055 ,

111 4088 232 4165 «dum,
249 4091 340 4178 quod
356 4094 533 4181 proposui,
549 4094 710 4178 sufficiet,
728 4096 785 4183 qui
800 4096 841 4161 ad
857 4095 1110 4184 concipiendum
1126 4096 1192 4159 suf·

111 4223 124 4246 ι
136 4192 229 4272 iecit,
244 4208 277 4255 et
293 4193 384 4279 quod
400 4195 573 4259 consilium
592 4195 726 4260 dictavit
741 4197 844 4278 ratio,
862 4197 965 4260 virtus
984 4213 1188 4284 exsequetur.

146 4397 161 4460 S
182 4399 279 4447 XXIX.
295 4400 325 4447 U.
346 4400 373 4448 (i.
394 4401 458 4458 663;
475 4402 506 4448 A.
521 4403 550 4448 (1.
573 4404 615 4464 89.
635 4429 669 4438 ·-
688 4402 795 4467 Appian.
817 4403 890 4452 Civii.
914 4403 956 4451 lib.
976 4406 995 4451 1.
1018 4431 1053 4440 --
1073 4402 1188 4466 §XXX

110 4479 184 4529 Oros.
197 4485 229 4537 V,
246 4485 283 4530 18.
