2594 4980
135 698 205 782 stt
306 701 374 767 to.
402 701 745 768 raemsnenn
775 650 1040 766 surenam.

132 819 329 902 offenderat,
341 838 372 882 et
390 822 463 907 quia
482 820 522 883 de
536 837 651 884 caetero
665 820 746 884 nihil
760 819 820 883 sibi
835 817 998 880 tribuebat
1010 817 1196 901 immodice,

132 921 183 986 his
198 944 330 1009 quoque
347 944 413 983 non
429 937 554 1009 poterat
570 945 639 986 esse
651 944 747 1010 supra
762 920 897 984 modum
914 941 1040 983 exosus.
1057 920 1144 1007 Ergo
1156 921 1197 984 li·

133 1042 184 1088 cet
202 1025 407 1112 superstitem
426 1024 460 1086 in
480 1024 590 1087 multis
604 1024 726 1112 experti
742 1044 870 1112 gravem
889 1019 1106 1083 adversarium
1124 1024 1197 1084 l'ue-

131 1142 220 1206 rant,
231 1127 409 1190 extinctum
423 1143 529 1188 tamen
542 1126 825 1205 desiderabant,ut
834 1123 962 1211 publice
972 1123 1196 1205 utilissimum,

133 1227 193 1292 sibi
211 1251 277 1291 non
294 1229 393 1308 ultra,
409 1252 506 1316 quam
523 1229 604 1291 ratio
620 1243 802 1316 pateretur,
813 1227 979 1290 infestum.
998 1224 1058 1289 Die
1075 1225 1198 1289 funeris

132 1330 219 1408 ejus,
240 1331 280 1411 Q.
300 1330 449 1393 Metellus
464 1330 711 1411 Macedonicus,
729 1328 782 1394 cui
801 1329 945 1392 simultas
959 1350 1033 1390 euni
1047 1327 1197 1414 Scipione

132 1453 247 1521 magna
262 1431 501 1509 intercesserat,
514 1431 622 1495 liberis
633 1432 700 1495 suis
714 1429 809 1494 dixit:
825 1461 837 1484 α
852 1429 915 1508 lte,
928 1427 1000 1508 filii,
1014 1429 1198 1515 exsequias:

133 1555 330 1620 ‘nunquam
354 1533 430 1595 civis
451 1533 578 1612 majoris
602 1533 702 1597 funus
719 1531 878 1596 videbitis.
894 1560 907 1586 υ
927 1533 991 1612 lta,
1011 1552 1197 1618 quanquam

132 1634 264 1721 publico
283 1635 395 1696 funere
411 1634 589 1722 privassent
604 1656 679 1698 eum
697 1634 913 1712 offensiones,
933 1631 1059 1696 efficere
1072 1649 1198 1714 tamen,

134 1735 212 1820 quin
232 1736 380 1798 omnium
399 1734 553 1797 ordinum
571 1735 611 1799 de
628 1758 667 1800 eo
680 1735 840 1816 judicium
859 1735 1094 1822 admiratioque
1112 1735 1198 1799 mul·

132 1836 273 1899 titudine
289 1839 556 1923 prosequentium
575 1853 688 1902 testata
705 1837 815 1917 fieret,
834 1860 901 1901 non
918 1852 1105 1924 potuerunt.

178 1936 327 2001 LXXXI.
359 1939 527 2025 lidemque
556 1957 664 2004 motus
694 1941 876 2004 animorum
907 1939 1058 2003 intellecti
1088 1955 1200 2026 postea

134 2057 228 2122 sunt,
248 2063 350 2126 quum
374 2042 513 2103 Africani
534 2043 666 2105 nomine
685 2043 817 2130 epulum
836 2041 959 2129 populo
979 2041 1019 2122 Q.
1038 2041 1199 2104 Maximus

133 2138 217 2203 lilius
233 2141 265 2202 in
281 2141 441 2227 Capitolio
458 2141 566 2206 daret:
583 2143 624 2206 ab
639 2165 678 2206 eo
693 2143 779 2206 enim
796 2144 836 2225 Q.
849 2143 997 2224 Tubero,
1011 2141 1100 2228 quod
1117 2158 1201 2206 esset

135 2239 277 2320 ejusdem
294 2241 434 2303 Airicani
452 2243 572 2305 sororis
586 2241 687 2324 filius,
704 2243 880 2306 triclinium
896 2261 1040 2307 sternere
1053 2260 1199 2331 rogatus,

136 2343 209 2429 quia
226 2342 314 2403 lectis
329 2343 442 2429 ligneis
457 2344 620 2430 pelliculas
634 2343 780 2407 boerlinas
798 2367 857 2431 pro
872 2345 1020 2431 stragulis
1033 2345 1200 2424 injecerat,

137 2459 170 2504 et
183 2442 289 2506 fictilia
305 2445 401 2505 santia
418 2467 476 2531 pro
488 2445 569 2507 vasis
583 2445 741 2532 argenteis
755 2461 962 2531 exposuerat,
978 2443 1201 2530 intempestiva

136 2542 316 2632 frugalitate
334 2543 414 2605 adeo
436 2546 624 2609 bominibus
642 2545 821 2632 displicuit,
839 2561 875 2607 ut
890 2561 1064 2633 praeturam
1083 2543 1201 2609 deinde

135 2661 267 2730 petens,
286 2646 334 2708 vir
348 2647 422 2707 alias
440 2647 683 2735 integerrimus,
697 2647 774 2710 civis
788 2647 949 2734 optimus,
962 2644 1002 2708 ad
1015 2646 1083 2709 haec
1098 2645 1201 2709 AEmi-

135 2743 255 2808 liorum
273 2763 305 2808 et
323 2749 545 2812 Africanorum
560 2748 676 2812 decora
690 2751 879 2837 preferens,
893 2770 959 2810 non
976 2748 1036 2811 alia
1050 2749 1090 2812 de
1107 2770 1202 2811 causa

135 2847 296 2935 repulsam
318 2851 422 2914 ferret.
445 2851 589 2933 Quaestio
607 2867 712 2914 tamen
731 2849 772 2912 de
789 2865 893 2911 morte
910 2865 975 2911 tam
991 2849 1125 2936 insignis
1141 2846 1201 2911 viri

137 2969 204 3009 non
220 2965 267 3011 est
282 2950 410 3013 habita:
431 2975 496 3014 non
516 2954 586 3017 sine
600 2953 720 3016 rubore
736 2951 919 3030 bonorum,
936 2951 1055 3038 quibus
1068 2973 1203 3037 appare·

138 3047 210 3127 bat,
226 3072 327 3135 quum
343 3053 518 3116 maximum
532 3052 672 3116 dedecus
684 3053 818 3116 civitatis
832 3052 1020 3116 interfectus
1034 3052 1203 3116 Africanus

137 3149 238 3212 videri
260 3170 385 3239 posset,
404 3157 504 3231 ritajus
523 3140 626 3216 multo
645 3155 731 3233 l'ore,
746 3175 812 3215 non
830 3153 1038 3215 vindicatum.

182 3253 345 3317 LXXXll.
373 3255 485 3339 Populi
507 3253 621 3316 studiis
639 3253 759 3315 facturn
780 3252 813 3314 id
836 3270 971 3339 putant,
994 3255 1029 3316 C.
1055 3252 1203 3317 Graccho

139 3356 328 3433 metuentis,
342 3377 382 3416 ne
400 3355 451 3416 ille
465 3353 568 3416 affinis
585 3354 688 3439 culpae
702 3355 917 3440 reperiretur:
937 3378 1039 3441 eaque
1053 3354 1093 3417 de
1107 3377 1204 3418 causa

138 3455 233 3515 etiam
250 3477 437 3540 suppressa,
455 3478 526 3539 quae
541 3455 697 3534 diximus,
712 3478 878 3518 servorum
894 3456 1021 3522 indicia.
1037 3458 1120 3520 Nam
1135 3457 1203 3519 col·

138 3555 222 3640 legas
241 3557 308 3632 ejus
328 3556 359 3617 in
381 3557 750 3620 tritunvir·atu.Fulvium
766 3557 897 3643 quidem
914 3580 1029 3647 inagna
1045 3557 1203 3645 suspicio,

139 3655 320 3718 Carbonem
338 3658 449 3742 opinio
465 3681 556 3744 paene
570 3675 654 3721 certa
669 3658 833 3722 onerabat.
845 3659 914 3721 Nec
927 3659 1204 3746 praetermiserim,

138 3758 171 3818 in
189 3757 283 3818 bonis
302 3758 439 3821 Africani
456 3757 541 3822 baud
558 3759 696 3846 amplius
712 3760 843 3848 triginta
858 3759 937 3823 duas
951 3761 1048 3824 libras
1062 3761 1203 3849 argenti,

140 3857 218 3920 duas
242 3873 274 3919 et
298 3859 446 3922 selibram
472 3861 540 3922 auri
564 3861 681 3924 fuisse:
707 3860 883 3924 hodiernos
907 3883 1013 3924 mores
1038 3861 1208 3937 evidenter

140 3975 293 4046 arguente
309 3963 508 4041 testimonio,
520 3985 615 4050 posse
633 3963 736 4043 viros,
747 3985 785 4025 ex
801 3984 834 4025 se
851 3985 1000 4050 magnos,
1013 3963 1204 4025 altissimum

176 4123 191 4188 ς
215 4128 318 4173 LXXX.
342 4128 374 4172 ll.
395 4129 422 4176 (ἰ,
443 4131 508 4185 623:
526 4134 556 4178 Α.
571 4131 598 4178 C.
618 4132 894 4193 129.-vett.11‚4.
916 4159 950 4169 -
970 4133 1044 4180 Auct.
1059 4131 1090 4179 de
1100 4131 1156 4179 Vir.
1168 4131 1204 4180 ill.

140 4224 192 4270 cap.
205 4208 246 4254 st.
265 4234 298 4243 -
312 4212 418 4272 Appian.
435 4239 469 4247 -
487 4213 538 4258 Cic.
558 4214 583 4258 in
599 4216 682 4261 Somu.
697 4216 762 4279 Srip.
777 4227 801 4262 et
815 4232 860 4279 pro
880 4218 996 4274 Murena,
1009 4233 1063 4280 cap.
1080 4215 1207 4272 363idem

140 4293 166 4337 in
182 4291 238 4337 Lael.
258 4307 310 4355 cap.
328 4308 366 4354 ¹9·
386 4322 419 4329 -—
442 4295 544 4342 Diodor.
563 4296 629 4360 apud
645 4298 725 4346 Voles.
738 4325 773 4335 -
787 4299 850 4347 Plio.
861 4301 926 4357 Vll,
943 4308 985 4356 tt.
1002 4327 1036 4336 -
1055 4297 1206 4364 snm.

142 4373 248 4436 Appian.
263 4401 296 4408 -
313 4377 364 4423 Cic.
378 4376 402 4421 in
418 4377 473 4423 lael.
489 4394 542 4442 cap.
560 4379 587 4433 3,
598 4389 621 4426 et
635 4396 680 4447 pro
693 4382 809 4438 Murena,
824 4398 878 4446 cap.
889 4383 930 4432 38.
951 4411 985 4423 --
1002 4385 1086 4432 Senec.
1102 4398 1141 4449 ep.
1156 4382 1208 4447 95.

144 4458 186 4518 98.
198 4460 293 4507 -Vab
309 4462 376 4507 Max.
389 4463 421 4518 V,
440 4462 467 4517 3,
490 4477 517 4520 1,
529 4473 553 4511 et
566 4464 630 4522 vu,
644 4464 668 4513 5.
680 4490 715 4502 -
729 4465 781 4513 le.
796 4467 860 4530 Eplt.
