2594 4980
295 695 348 765 IN
378 696 490 767 LOC.
516 697 611 764 LIB.
637 696 779 764 LXXV
808 696 1021 765 LIVIANI.
1121 694 1192 791 713

105 810 108 815 “
125 817 191 880 suis
209 815 365 880 militibus
383 816 528 904 amisisse
545 815 686 899 Sullam,
707 816 871 879 memoriae
887 813 1057 905 proditur:
1074 830 1112 878 ut
1124 815 1190 895 jam

125 940 194 981 non
214 918 283 981 sine
304 940 421 998 causa,
442 941 546 1005 quum
564 919 712 981 omnium
727 917 964 1005 cognominum
981 915 1115 980 haberet
1129 939 1191 1004 po-

127 1033 294 1099 testatem,
313 1017 425 1082 Felicis
443 1019 693 1107 appellationem
710 1020 830 1084 coeteris
847 1019 1025 1109 praetulisse
1041 1018 1139 1083 dicas.

168 1120 272 1186 XVII.
292 1121 368 1184 Non
385 1120 484 1208 igitur
501 1122 626 1204 minor,
647 1143 745 1209 quam
761 1143 822 1210 pro
838 1144 889 1206 re,
905 1121 1012 1185 letitia
1031 1139 1064 1186 et
1082 1120 1191 1185 exsul·

124 1220 202 1285 tatio
232 1221 266 1283 in
293 1222 404 1285 castris
428 1223 570 1287 romanis
597 1224 669 1288 luit.
694 1223 895 1287 Postumiani
920 1223 1056 1304 milites,
1080 1223 1191 1287 hostili

124 1323 280 1411 sanguine
292 1322 417 1387 civilem
434 1324 510 1388 satis
526 1326 669 1413 expiasse
687 1323 818 1406 crediti,
834 1325 945 1406 venia,
964 1325 1069 1389 caeteri
1085 1323 1190 1388 laudi·

124 1422 205 1503 bus,
231 1444 346 1487 omnes
366 1425 505 1512 praemiis
528 1426 731 1514 amplissimis
754 1426 888 1510 donati,
913 1427 1052 1492 vicissim
1074 1442 1108 1490 et
1128 1426 1190 1515 ipsi

124 1522 241 1587 ducem
259 1547 349 1608 raro,
370 1547 429 1590 nec
450 1526 512 1590 nisi
527 1528 637 1615 paucis
655 1527 791 1591 omnino
807 1549 981 1609 concesso,
998 1527 1125 1591 honore
1140 1526 1190 1590 af·

123 1625 281 1691 fecerunt.
300 1627 414 1709 Certe,
430 1651 460 1691 se
471 1629 514 1692 ab
523 1631 663 1693 exercuit
677 1628 723 1690 ad
736 1627 859 1693 Nolam
869 1628 1060 1692 obsidionali
1070 1651 1191 1692 corona

123 1725 296 1807 donatum,
313 1751 412 1817 quum
425 1730 539 1794 Italico
552 1729 634 1794 bello
647 1730 768 1818 legurm
783 1744 873 1809 esset,
892 1746 925 1794 et
937 1730 1065 1819 scripsit
1074 1731 1144 1819 ipse
1154 1731 1188 1794 in

124 1831 362 1895 commentariis
378 1831 482 1913 Sulla,
502 1833 588 1896 etin
605 1831 678 1895 villa
695 1832 895 1911 Tusculana,
911 1853 984 1919 quae
1000 1848 1112 1920 postea
1128 1832 1191 1895 fuit

122 1929 304 2012 Ciceronis,
321 1932 435 2020 pinxit.
716 1989 718 1992 .
1201 2010 1209 2020 ,

62 2044 65 2049 “
167 2032 288 2097 XVIII.
307 2033 387 2097 Eam
408 2033 532 2098 solebat
549 2056 568 2097 e
588 2034 732 2123 gmmine
755 2031 850 2097 viridi
866 2049 1010 2097 servatus
1033 2032 1195 2096 exercitus·

124 2129 218 2213 dare,
235 2133 292 2196 ubi
314 2134 435 2198 virtute
450 2135 568 2224 insigni
584 2134 678 2199 ducis
693 2134 825 2199 liberata
847 2135 888 2199 ab
904 2134 1042 2199 instanti
1064 2131 1190 2198 excidio

123 2248 224 2297 castra
247 2251 363 2299 essent.
389 2236 494 2324 Igitur
511 2235 627 2300 seriem
655 2258 765 2299 rerum
791 2251 889 2323 atque
912 2251 1097 2325 temporum
1116 2256 1190 2298 exa·

122 2335 259 2400 minanti
281 2337 322 2402 ad
347 2338 464 2402 Nolam
486 2353 616 2426 accepta
635 2337 783 2418 videtur,
804 2335 847 2402 ad
867 2335 1042 2425 Pompeios
1064 2336 1189 2400 merita.

122 2436 247 2500 Interea
264 2439 419 2527 temporis
439 2439 499 2504 Cn.
518 2439 693 2527 Pompeius
710 2440 842 2519 consul,
860 2439 978 2503 relictis
994 2438 1036 2501 ad
1051 2436 1193 2502 obsidio·

122 2560 197 2601 nem
214 2540 396 2606 esculanam
411 2540 538 2605 idoneis
553 2540 673 2629 copiis,
688 2541 722 2604 in
733 2540 903 2616 Vestinos,
920 2539 1059 2612 vicinam
1076 2539 1191 2602 Picen·
1247 2560 1253 2571 ·

123 2639 210 2702 tibus
228 2657 372 2727 gentem,
390 2641 628 2729 expeditionem
645 2640 738 2721 fecit,
756 2662 877 2728 eosque
889 2640 999 2704 multo
1015 2640 1190 2703 certamine

123 2740 167 2802 ita
182 2739 326 2821 domuit,
344 2757 382 2804 ut
401 2741 506 2827 palam
520 2742 607 2804 inter
624 2763 659 2805 se
677 2741 719 2804 de
734 2739 901 2805 deditione
918 2742 1086 2830 agitarent.

166 2842 255 2907 XIX.
295 2843 357 2906 Cui
386 2844 489 2907 ferme
516 2843 655 2930 tempori
685 2842 885 2930 colloquium
919 2865 994 2907 cum
1026 2843 1061 2907 P.
1082 2842 1191 2908 Vettio

79 2962 84 2974 ·
123 2943 266 3024 Catone,
297 2941 387 3030 quod
406 2965 441 3007 se
456 2943 563 3007 tirone
578 2960 736 3031 praesente
754 2942 903 3009 habitum
927 2945 1039 3008 Cicero
1061 2944 1191 3025 scribit,

121 3044 275 3134 assignari
291 3062 398 3133 potest
414 3067 422 3109 t
436 3043 478 3108 ad
493 3042 583 3131 quod
597 3067 701 3132 quum
714 3046 812 3108 l'rater
826 3045 969 3109 consulis
985 3045 1101 3109 Sextus
1115 3067 1191 3109 evo·

121 3163 210 3210 catus
231 3148 334 3210 Roma
355 3147 511 3227 venisset,
532 3169 673 3234 cumque
695 3148 775 3211 Cato
797 3147 980 3223 salutasset,
1004 3147 1137 3229 «Quem
1158 3162 1191 3211 te

120 3249 346 3336 «appellemin
364 3249 491 3338 inquit;
512 3249 632 3330 atille,
653 3248 852 3314 «Voluntate
872 3248 1054 3337 hospitem,
1078 3271 1191 3314 neces·

120 3349 235 3412 «sitate
256 3350 382 3414 bostem
398 3383 420 3415 υ.
448 3351 536 3413 Dum
559 3372 714 3438 prospere
737 3350 893 3439 Pompeio
921 3352 999 3415 locis
1025 3351 1190 3439 plerisque

120 3449 341 3537 expeditiones
360 3451 498 3533 cedunt,
518 3453 649 3516 alterius
670 3475 804 3540 quoque
820 3454 963 3518 consulis
978 3452 1067 3517 haud
1085 3453 1189 3540 poeni-

120 3549 216 3613 tenda
244 3568 331 3639 gesta
357 3556 513 3619 lucrant:
538 3577 646 3643 neque
669 3571 853 3642 postremus
876 3578 916 3619 eo
939 3556 1025 3620 bello
1048 3556 1188 3643 impera·

119 3667 247 3733 torum,
270 3654 394 3723 Marsos
417 3655 587 3743 aliquoties
613 3654 757 3731 fuderat,
783 3655 959 3744 multisque
978 3656 1056 3720 locis
1081 3676 1189 3719 acrem

119 3768 357 3842 strenuumque
371 3754 488 3821 ducem
505 3774 656 3847 gesserat.

164 3855 238 3919 XX.
257 3854 321 3920 Sed
342 3857 374 3919 in
399 3858 471 3944 ipso
487 3881 587 3922 cursu
603 3858 843 3947 prosperitatis,
865 3880 938 3945 spes
955 3858 1093 3945 aurplas,
1117 3857 1188 3944 glo·

119 3956 265 4045 riamque
278 3957 452 4040 illustrem,
470 3982 544 4024 cum
559 3960 627 4048 ipsa
644 3961 709 4024 vita
723 3961 843 4050 posuit.
860 3963 949 4024 Dum
964 3960 1057 4023 enim.
1068 3958 1110 4023 ad
1121 3960 1187 4022 Fu·

118 4058 227 4122 cinum
245 4059 351 4124 lacum
368 4075 470 4123 castra
492 4062 675 4125 Marsorum
693 4078 877 4150 oppugnat,
899 4077 932 4124 et
946 4059 1187 4149 propemodum

151 4265 409 4329 sxv1.sppun.-
419 4268 490 4312 oro..
504 4293 537 4300 -
550 4265 602 4314 nv.
616 4265 680 4328 upa.
693 4293 726 4302 -
739 4266 792 4314 cte.
803 4293 837 4302 -
848 4267 950 4328 nutrop.
962 4263 979 4311 1.
988 4264 1019 4311 v.
1032 4263 1091 4328 -s
1104 4266 1186 4313 svn.
1209 4247 1213 4259 '

118 4350 148 4396 U.
164 4351 191 4399 C.
210 4348 318 4406 663311.
334 4350 363 4398 C.
378 4350 419 4410 89.
436 4376 471 4385 -
483 4348 545 4397 Plin.
561 4349 651 4407 XXII,
667 4356 681 4402 I
696 4361 720 4397 et
735 4352 760 4398 6.
776 4378 810 4386 -
824 4347 838 4413 S
851 4350 950 4421 XVIII.
966 4348 1072 4412 AppIau.
1087 4376 1121 4386 -
1134 4350 1187 4399 biv.

116 4431 182 4495 upa.
196 4460 229 4469 -
244 4431 477 4497 ctc.mtnp.-x11,
494 4448 533 4481 ιι.
