2594 4980
138 704 204 778 138
305 712 371 777 JO.
399 710 739 780 FREINSHEMII
772 711 1012 781 SUPPLEM.

131 829 249 892 inlerre
262 829 417 908 instituit,
427 853 524 917 quam
535 829 722 916 aptioribus
734 830 923 895 consulibus
933 831 1151 897 factitatumlue

128 947 186 995 rat.
205 931 479 1022 Carthaginienses
494 953 641 1018 quoque,
660 947 748 994 extra
764 931 880 995 urbem
898 934 1074 1022 progressi,
1085 948 1151 997 castr

128 1052 190 1117 pro
202 1032 301 1095 muris
318 1047 561 1119 opposuerunt:
579 1032 612 1094 in
626 1054 698 1118 quae
712 1032 809 1120 paulo
819 1049 894 1119 post
903 1034 999 1096 etiam
1011 1032 1151 1099 Hasdruh

128 1132 311 1219 imperator,
325 1149 357 1196 et
371 1132 540 1221 praefectus
554 1133 701 1221 equitum
718 1135 863 1221 Rithyas,
883 1157 959 1197 cum
973 1134 1114 1222 peditum
1127 1157 1151 1201 se

127 1233 285 1314 millibus,
309 1236 472 1321 equitibus
494 1235 595 1316 mille,
613 1235 713 1300 veteri
733 1252 766 1299 et
786 1237 959 1301 exercitato
977 1238 1096 1320 milite,
1109 1258 1151 1303 sut

129 1334 274 1426 ingressi.

167 1438 206 1500 V.
224 1438 336 1519 Quum
359 1439 479 1501 interea
494 1438 585 1517 Piso,
602 1460 641 1501 ex
656 1436 898 1501 mediterraneis
918 1460 1084 1519 reversus,
1098 1458 1151 1501 exa

127 1537 227 1601 citum
242 1540 383 1626 Scipioni
401 1537 596 1619 tradidisset,
610 1541 703 1626 isque
717 1539 850 1622 milites,
870 1540 1042 1604 ambitioso
1055 1540 1151 1628 imperi

125 1638 271 1719 habitos,
292 1662 352 1727 pro
372 1639 482 1704 labore
503 1657 535 1705 et
555 1639 722 1729 disciplina
744 1642 870 1721 otium,
888 1642 1131 1730 avaritiamque,
1148 1671 1151 1697 ι

124 1742 250 1827 rapinas
260 1743 371 1805 sectari
382 1742 664 1823 animadverteret,
677 1743 757 1806 nihil
771 1744 935 1831 antiquius
947 1744 1079 1824 habuit,
1092 1763 1151 1831 quat

123 1858 160 1904 ut
176 1843 239 1907 hoc
256 1860 381 1909 tantum
401 1843 556 1934 llagitium
573 1845 680 1931 primo
698 1865 831 1930 quoque
848 1860 994 1932 tempore
1013 1844 1151 1909 tollerent

122 1942 200 2006 Erat
217 1960 249 2007 et
265 1944 350 2007 aliud
370 1944 459 2008 haud
478 1947 586 2009 minus
601 1945 720 2007 militiae
734 1943 892 2023 dedecus,
909 1944 1001 2030 quod
1013 1967 1054 2009 ex
1068 1945 1151 2009 lorea

121 2043 216 2131 plebe
233 2068 366 2134 magnus
383 2068 540 2108 numerus
558 2046 733 2108 exercitum
747 2045 953 2131 sequebatur,
966 2045 1080 2134 proedae
1095 2068 1151 2110 (atr

122 2167 198 2208 cum
214 2145 432 2209 audacissimis
448 2148 633 2234 quibusque
648 2146 804 2209 militibus
820 2147 946 2225 injussu
963 2146 1057 2212 ducis
1074 2169 1151 2212 exau

122 2249 286 2311 rentium:
312 2247 415 2327 unde,
441 2249 507 2311 sive
530 2249 605 2312 felix
631 2249 688 2329 iis,
711 2249 777 2312 sive
804 2249 1004 2338 improspera
1029 2248 1151 2313 temerit

120 2350 252 2430 fuisset,
271 2350 426 2413 exercitus
450 2350 625 2439 ignominia
645 2348 918 2436 incommodaque
934 2349 1133 2438 gravabatur,
1149 2382 1151 2399 ι

121 2451 226 2516 clades
246 2473 378 2530 eorum,
395 2465 451 2513 aut
465 2450 555 2540 fuga,
572 2453 687 2514 famam
705 2453 924 2515 Romanarum
940 2452 1108 2538 copiarum
1124 2472 1151 2513 ιιι

121 2551 254 2632 nuebat;
277 2567 308 2614 et
329 2551 451 2639 praeda,
469 2552 494 2614 si
517 2575 612 2638 quam
637 2553 827 2632 retulerant,
846 2551 1025 2639 disciplinae
1041 2552 1151 2617 eratin

119 2652 218 2731 mica,
235 2675 337 2738 quum
352 2652 469 2740 passim
486 2652 519 2715 in
538 2653 665 2733 castris,
682 2653 764 2716 etin
784 2653 900 2717 iisdem
914 2677 1000 2743 saepe
1012 2653 1151 2719 contube

121 2755 182 2817 niis
206 2753 365 2842 cupiditas
384 2754 424 2818 de
441 2755 532 2818 lucro
549 2752 797 2841 disceptantium
815 2755 848 2817 in
863 2754 967 2842 jurgia
986 2772 1018 2819 et
1040 2755 1151 2835 rixas,=

118 2879 356 2944 nonnunquam
379 2858 413 2919 in
429 2857 562 2919 vulnera
577 2878 613 2919 ac
629 2855 730 2919 caedes
746 2856 854 2919 exiret.
870 2856 928 2919 His
945 2852 1151 2921 armorumd

118 2956 370 3023 honestamentis
396 2958 541 3022 offensus
567 2956 693 3044 Scipio,
721 2978 860 3044 vereque
882 2980 994 3021 secum
1014 2974 1151 3046 reputant

118 3059 247 3125 difficile
261 3084 329 3123 essc
345 3060 547 3147 imperatori,
557 3074 595 3121 ut
608 3059 757 3123 hostibus
775 3057 888 3122 evadat
906 3061 1066 3147 superior,
1082 3058 1151 3123 don«

118 3164 271 3226 militibus
296 3163 398 3249 impar
424 3177 492 3241 est,
517 3159 557 3245 ad
583 3161 774 3225 concionem
801 3176 930 3224 vocatos
958 3160 1013 3224 tali
1040 3160 1151 3225 oratio!

119 3265 284 3352 castigavit
304 3288 311 3326 ε

159 3365 215 3429 Vl.
225 3396 237 3420 «ι
248 3366 279 3428 Si
292 3364 424 3452 quidem
439 3387 511 3452 quae
524 3365 641 3441 facitis,
655 3366 772 3429 milites
783 3365 870 3453 (nam
883 3365 989 3451 qualia
1001 3365 1069 3429 sint
1079 3380 1111 3428 et
1120 3362 1151 3450 ip

118 3498 129 3522 n
141 3467 242 3530 nostis
252 3515 259 3546 ,
268 3482 301 3529 et
314 3489 366 3529 me
375 3467 493 3529 referre
505 3466 633 3553 pudet),
644 3492 680 3531 ea
688 3483 793 3531 vestra
806 3467 923 3554 magis,
938 3488 1038 3552 quam
1045 3465 1151 3529 aliona

119 3569 235 3656 «culpa
251 3567 318 3630 fieri
330 3568 511 3649 arbitrarer,
526 3592 591 3632 non
605 3593 707 3634 essem
722 3568 930 3658 peccantibus
946 3567 1064 3648 facilis,
1078 3584 1151 3651 neq!

119 3669 183 3733 aad
198 3669 453 3758 repraesentanda
470 3671 625 3758 supplicia
644 3673 759 3760 piger:
780 3694 868 3734 nunc
886 3685 1011 3749 autem,
1029 3667 1104 3756 quia
1119 3684 1151 3728 at

117 3795 210 3859 uper,
228 3795 330 3859 quum
352 3773 459 3837 adhuc
477 3773 646 3837 vobiscum
669 3775 855 3853 militarem,
882 3772 1032 3835 meliores
1057 3766 1151 3833 fuisti

115 3894 213 3960 «spes
230 3888 294 3952 est,
314 3873 478 3955 futurum,
497 3891 534 3938 ut
550 3897 632 3962 quos
649 3875 750 3938 laxata
767 3874 934 3962 disciplina
948 3872 1109 3959 corrupit,
1126 3890 1151 3933 e

42 3986 46 4001 '
115 3972 212 4036 «dem
233 3970 382 4036 adstricta
402 3992 435 4039 et
456 3973 671 4064 redintegrata
690 3977 839 4064 corrigat.
864 3976 944 4057 Quae
966 3972 1098 4038 anobis
1120 3992 1151 4058 μ

115 4075 281 4156 «ιιιιΙιιΙιο,
307 4076 417 4141 eadem
441 4077 551 4140 omnia
570 4078 639 4164 ipse
667 4078 744 4157 feci,
770 4077 979 4162 facturusque
1002 4096 1087 4138 sum.
1108 4072 1151 4135 Be

117 4177 209 4240 «lum
226 4199 334 4241 severa
351 4179 441 4267 lege,
459 4196 492 4243 et
513 4196 552 4244 ut
574 4180 708 4243 nomine
728 4200 864 4242 romano
880 4177 1035 4265 dignum,
1053 4175 1151 4240 aniam

116 4294 186 4341 «est
207 4301 330 4368 gerere,
355 4302 423 4342 non
447 4279 481 4342 in
507 4279 643 4345 modum
664 4280 822 4346 latrocinii
843 4279 958 4369 globos
981 4292 1151 4347 armaten:

150 4466 165 4532 S
179 4468 210 4514 V.
218 4470 282 4519 vett.
294 4472 320 4530 1,
335 4485 375 4519 m.
389 4495 424 4510 -
436 4470 542 4536 Appiae.
