2594 4980
136 742 203 811 ns
310 744 375 811 to.
401 714 741 813 ruerusneuu
770 741 1012 811 secessu.

129 865 216 928 mani
235 863 411 926 invocabat.
436 862 551 950 Neque
566 863 611 926 illi
627 863 758 952 segnius
778 862 811 925 in
831 862 1015 950 Bithyniam
1030 861 1159 943 inrum,

129 966 267 1029 subinde
285 966 506 1029 deficientibus
520 966 561 1029 ad
579 990 633 1030 eos
652 965 770 1029 multis.
786 964 881 1028 Unde
893 964 1021 1029 Prusias
1036 964 1160 1031 anneus

130 1068 270 1147 diffisus,
300 1084 331 1131 et
361 1070 583 1131 llornanorurn
603 1091 666 1157 ope
692 1066 822 1131 insidias
847 1090 1019 1131 evasurum
1044 1088 1160 1157 sperare,

127 1172 303 1235 exercitum
321 1192 488 1257 opponere
499 1170 701 1258 supersedit:
718 1186 844 1233 tantum
858 1191 876 1233 a
889 1168 1067 1260 Diegylbde
1077 1188 1163 1233 actuo

129 1274 236 1361 petitis
254 1273 457 1360 acceptisque.
475 1273 656 1337 Thracibus
676 1273 874 1361 quingentis,
893 1294 1009 1336 eorum
1025 1268 1163 1361 presidis,

126 1392 160 1438 et
178 1377 259 1437 arcis
278 1375 304 1436 N
308 1377 389 1437 icaeae
407 1375 616 1439 munimentis
627 1375 761 1439 salutem
774 1374 952 1439 tutabatur.

124 1546 127 1551 ,
171 1479 212 1540 Χ.
233 1478 306 1541 Non
326 1478 387 1540 luit
405 1476 437 1539 id
451 1476 621 1540 consilium
638 1477 713 1539 lelix
728 1475 863 1540 Prusiae:
876 1474 989 1538 nocuit
1003 1468 1166 1561 proetutl'n

127 1580 273 1667 praetoris
292 1579 407 1641 urbani
424 1578 561 1659 fuctum,
574 1577 629 1665 qui
645 1601 702 1667 per
715 1577 890 1641 absentiam
902 1577 1073 1641 consulum
1086 1572 1166 1638 dele·

124 1681 253 1769 gatione
275 1680 439 1769 bithynica
456 1681 575 1744 referre
589 1702 692 1767 quum
709 1678 888 1760 debuisset,
905 1700 973 1766 quo
989 1674 1166 1768 gratumlt·

101 1850 106 1861 ,
124 1783 190 1846 talo
206 1784 336 1859 laceret,
355 1806 412 1870 per
427 1804 525 1869 quam
542 1782 661 1845 multos
677 1780 745 1844 dies
764 1781 903 1871 neglexit
923 1803 931 1844 ε
950 1778 1067 1844 deinde
1082 1792 1166 1865 qum

127 1900 257 1947 senatus
265 1884 455 1948 decrevisset
463 1932 472 1965 ,
481 1884 561 1947 ittab
569 1886 769 1972 iosopraetone
777 1884 878 1969 legati
883 1894 945 1947 tres
957 1884 1166 1946 uomitum!

125 1986 174 2048 ad
186 2009 232 2048 res
242 1986 398 2070 Bitlpnioe
415 1986 656 2074 conponendas,
672 1987 749 2050 tales
760 1985 895 2075 delegit,
914 1999 952 2048 ut
965 2002 1090 2048 eausam
1101 1994 1166 2067 pt!-

126 2088 218 2152 bcret
236 2089 280 2153 Μ.
295 2089 409 2152 Catoni
422 2085 569 2171 dicendi,
583 2086 767 2177 legationem
780 2110 801 2149 a
808 2084 928 2176 populo
941 2104 1070 2149 romam
1083 2076 1166 2151 nti,

123 2212 196 2278 quie
211 2212 267 2253 nee
286 2202 394 2277 captet,
415 2211 471 2252 nec
483 2192 597 2277 podes,
615 2212 671 2255 nec
687 2212 742 2253 cor
756 2189 906 2253 liaberet:
922 2188 1022 2252 unius
1036 2185 1113 2251 eninr
1125 2178 1166 2243 le·

124 2307 273 2380 gatorunr
303 2308 399 2379 caput
424 2292 625 2356 cicatricibus
647 2293 793 2357 deforme
816 2307 900 2372 erat3
921 2293 1002 2356 alter
1024 2280 1166 2353 bbonlnt

124 2416 164 2457 ex
182 2392 333 2481 pedibus3
352 2394 466 2456 tertius
484 2393 524 2456 ad
544 2394 710 2458 stultitiam
727 2417 831 2482 usque
847 2394 983 2482 simplex
997 2390 1166 2456 habebut·

123 2496 193 2557 Nec
213 2495 379 2556 rnclinrem
399 2496 498 2583 igitur
515 2513 667 2560 eventurn
687 2498 756 2559 haec
775 2496 909 2585 legatio,
929 2516 1028 2583 quant
1042 2512 1098 2581 pro
1113 2485 1166 2549 b0·

123 2596 251 2659 minurn
268 2596 440 2682 opinione,
457 2596 580 2662 babuit.
600 2600 709 2679 Quum
729 2598 816 2661 enirn
840 2621 878 2661 ex
899 2610 1068 2684 compacto
1084 2588 1166 2655 lliw·

123 2697 234 2760 medes
246 2698 446 2783 Attalusque,
455 2720 486 2760 se
497 2702 529 2761 in
533 2711 690 2787 potestate
697 2697 916 2787 senoensem,
929 2692 1159 2787 respondissent

124 2797 339 2884 Bithynorum
358 2798 519 2885 principes
531 2801 620 2885 prius
633 2800 740 2862 edocti
756 2815 970 2889 negaverunt,
985 2822 1016 2862 se
1023 2794 1113 2887 prodi
1117 2788 1166 2855 ΕΙ

122 2922 206 2964 cessit
223 2923 329 2963 eorum
347 2899 470 2979 derdere,
489 2898 733 2989 quorumfitlem
750 2904 886 2989 sequuti,
909 2899 1026 2964 bellum
1042 2896 1166 2962 odem

120 3003 267 3065 Pruszom
289 3004 481 3090 stunpsissent
501 3024 512 3063 .·
535 3024 632 3089 neque
653 3004 735 3065 enin
746 3013 821 3089 post
830 2999 975 3089 professo
992 3000 1081 3079 odit,
1100 2996 1166 3059 du

118 3115 264 3190 ctumque
282 3107 422 3165 artimum
438 3112 544 3180 sutem,
563 3101 780 3167 subditionem
796 3102 1002 3167 crudelissimi
1012 3102 1088 3190 regis
1099 3087 1166 3163 mli

119 3218 214 3267 turos.
238 3205 283 3266 lta
301 3203 412 3289 legati,
432 3217 469 3265 ut
486 3201 542 3288 qui
558 3201 600 3265 ad
620 3203 835 3292 Bithynorum
851 3204 927 3267 istas
950 3204 1092 3292 querelas
1104 3190 1166 3263 nul

119 3302 187 3365 lum
202 3325 219 3365 a
236 3318 348 3365 senatu
367 3302 555 3366 mandatum
571 3304 759 3386 attulerant,
778 3306 875 3370 rebus
896 3305 1013 3371 eodem
1029 3306 1064 3369 in
1080 3314 1165 3369 suu}

121 3425 188 3490 quo
203 3419 406 3490 repererant,
421 3403 556 3480 relictis,
573 3403 798 3471 discesserunt.

160 3505 218 3568 Xl.
246 3505 427 3567 Destitutus
454 3505 548 3569 unica
579 3529 636 3594 spe
662 3508 809 3589 Prusias,
840 3508 933 3589 cujus
964 3506 1081 3574 fiducia
1100 3494 1166 3569 ult

115 3604 245 3669 aliunde
272 3605 408 3693 praesidii
433 3624 612 3694 paraverat,
633 3608 854 3673 Nicomediam
875 3608 1037 3698 perfugit,
1057 3602 1166 3672 munit

115 3707 248 3786 urbem,
261 3723 309 3787 et,
322 3707 348 3770 si
359 3709 498 3771 venisset
508 3708 627 3790 hostis,
640 3710 724 3773 ferre
734 3710 939 3774 obsidionem
949 3726 1087 3797 paratus.
1096 3704 1166 3769 Tu:

118 3830 195 3871 vcro
217 3810 301 3872 vices
318 3833 391 3872 suas
415 3811 509 3898 plane
527 3812 651 3900 peregit
670 3812 836 3902 publicum
856 3812 1166 3899 odium3aperttoqt1

115 3910 156 3972 ab
179 3909 348 3997 oppidanis
365 3928 466 3998 portae
490 3912 702 3977 Nicomedem
724 3938 799 3977 curn
818 3914 961 3979 exercitu
975 3913 1158 3978 admiserint

115 4010 236 4075 Prusiae
245 4012 285 4075 ab
295 4014 463 4093 omnibus,
473 4015 570 4079 etium
581 4015 832 4096 servis‚deserto
843 4016 1029 4105 perfugium
1040 4016 1074 4079 in
1082 4010 1166 4077 ede!

115 4114 201 4178 lovis
217 4114 279 4178 fuit
297 4137 305 4178 :
328 4115 386 4177 ubi
403 4117 558 4206 religione
573 4140 608 4182 se
626 4133 804 4199 tutantem,
826 4140 924 4206 quam
942 4138 1028 4207 saepe
1045 4114 1166 4181 violare

149 4340 165 4405 s
178 4342 224 4389 rx.
239 4340 317 4389 strab.
332 4342 376 4390 nn.
388 4344 465 4401 xrn,
480 4358 506 4407 p.
518 4344 578 4397 sat.
591 4369 626 4380 -
636 4342 726 4391 zosim
739 4343 783 4391 ru.
796 4344 835 4401 u,
844 4359 869 4407 p.
879 4342 947 4407 ops,
957 4342 1019 4392 eur.
1032 4336 1166 4391 rm

116 4450 151 4460 -
162 4424 270 4488 Appian.
286 4452 322 4463 --
337 4426 390 4473 Lir.
407 4425 475 4491 Epit.
489 4452 525 4463 ·-
539 4423 556 4488 S
573 4428 607 4475 X.
626 4425 689 4523 tir..
698 4427 762 4491 Epit.
778 4453 813 4464 -
826 4426 949 4477 Plutarch.
969 4426 997 4475 in
1016 4426 1110 4477 mm
1122 4428 1166 4473 ΙΙ

111 4524 163 4571 cap.
179 4512 217 4556 rb.
235 4538 267 4547 -
283 4511 391 4574 Appian.
