2594 4980
313 108 370 175 IN
404 110 513 174 LOC.
541 110 634 174 LIB.
665 109 752 174 LIV
784 109 999 176 Ltvllul.
1124 110 1191 181 235

110 228 149 290 nd
171 230 363 315 populum,
382 244 414 290 ut
434 231 479 290 nd
495 231 704 315 <capiundum
725 230 879 315 quidquid
898 233 933 290 iis
945 234 1048 315 puetis
1065 248 1192 294 coturn-

110 346 200 392 ctum
211 329 380 415 religionis
385 330 524 418 publicu?
535 346 619 404 esset,
634 346 746 394 auctor
756 354 862 393 eorum
873 331 1009 395 hostibus
1019 334 1192 399 dederetur.

110 432 202 496 Tum
219 454 304 495 vero
318 433 372 495 ille
383 432 459 496 totis
476 433 703 497 blanditiarum
719 431 858 512 artibus,
875 432 1106 509 etinfimarum
1118 457 1193 521 pre·

111 555 196 598 cum
221 533 349 599 vilitate
378 534 470 598 omni
494 534 655 615 adbibita,
679 534 821 622 perpulit
844 534 1045 619 incuriosum
1070 535 1193 623 publici

114 632 253 701 decoris
273 635 409 722 vulgus,
435 650 473 699 ut
496 636 603 724 potius
631 637 728 699 unius
751 635 891 723 improbi
914 636 1074 716 hominis,
1094 658 1192 723 quam

115 736 311 807 eommunis
321 736 469 817 civitatis,
481 737 701 802 misericordia
712 727 912 826 tang'eretur3
926 735 1077 823 illiusque
1083 735 1194 816 vitam,

116 860 221 925 quam
240 837 433 926 dignitatem
447 840 648 927 reipublicae,
663 841 781 902 salvam
797 860 867 901 esse
882 837 1001 900 mallet.
1015 838 1045 900 N
1048 859 1090 899 on
1106 859 1196 913 acce-

116 955 175 1027 pta
196 940 253 1001 lex
268 953 340 1002 est:
365 940 539 1027 Pompeius
557 963 618 1029 pro
639 941 769 1009 insonte
786 937 936 1002 dimissus
957 962 964 1003 :
985 938 1194 1002 Numantinis

116 1063 340 1129 responsum,
347 1039 462 1128 foetlrts
481 1066 503 1104 n
523 1043 669 1130 Pompeio
682 1040 817 1129 fuctum
839 1064 902 1104 non
923 1040 1034 1104 uideri.
1051 1040 1194 1104 Tantum
1259 1118 1261 1122 .

119 1143 198 1207 mali
215 1158 345 1231 patrare
362 1144 460 1232 gratia
476 1160 601 1232 potest,
615 1145 741 1232 quoties
758 1143 885 1207 arbitris
900 1143 956 1223 iis,
972 1143 1029 1229 qui
1046 1157 1194 1204 naturam

119 1245 299 1332 utriusque
313 1244 402 1324 juxta
420 1246 582 1326 nesciunt,
595 1268 670 1308 cum
683 1245 806 1326 justitia
823 1243 1054 1308 committitur!

120 1394 124 1400 .
167 1345 309 1410 XXXV.
325 1345 441 1434 Neque
460 1347 512 1410 hic
527 1346 619 1419 favor
634 1346 807 1410 bominum
824 1346 934 1410 stetit:
952 1343 1091 1409 subinde
1108 1343 1196 1408 enim

122 1466 229 1533 quum
251 1446 507 1533 repetundarum
529 1448 748 1535 postularetur
770 1446 964 1534 Pompeius,
980 1461 1196 1534 premeretur·

123 1568 189 1634 que
202 1546 458 1619 clarissimorum
474 1548 618 1612 virorum
636 1549 845 1629 testimoniis,
860 1571 934 1633 nam
951 1549 1011 1611 Cn.
1025 1562 1058 1611 et
1072 1547 1113 1630 Q.
1126 1550 1195 1611 Cn·

123 1647 256 1735 pierres,
273 1647 428 1734 aliudque
445 1673 503 1738 par
520 1650 657 1714 fratrum
676 1651 716 1733 Q.
732 1651 812 1733 etL.
832 1650 953 1715 Metelli
970 1648 1192 1714 testimonium

123 1747 161 1811 in
173 1770 252 1813 eum
269 1748 434 1830 dixerant,
451 1751 524 1838 plus
541 1753 641 1840 gratia
656 1752 821 1842 Pompeii,
840 1775 937 1840 quam
957 1750 1037 1816 fides
1053 1751 1196 1815 auctori·

125 1862 241 1936 usque
258 1871 464 1914 summorum
485 1853 645 1934 virorum,
660 1854 770 1917 valuit.
791 1855 992 1942 Oppressum
1012 1852 1114 1942 videri
1132 1853 1195 1917 ho·

125 1949 250 2014 minem
270 1974 393 2015 novum
413 1952 620 2018 inimicorum
644 1957 786 2043 potentia
805 1957 982 2019 noluerunt
999 1953 1142 2035 judices,
1158 1969 1196 2017 ut

127 2051 234 2134 aiunt,
252 2053 375 2140 quibus
399 2054 507 2117 omnia
533 2056 693 2136 majorum
719 2057 801 2120 facta
827 2077 977 2119 excusare
1002 2055 1102 2119 moris
1123 2070 1194 2119 est:

129 2167 283 2242 tanquam
301 2155 379 2235 alia,
398 2177 495 2242 quam
515 2156 771 2244 repetundarum
792 2158 882 2245 lege,
899 2157 1071 2244 quaesitum
1091 2171 1195 2236 esset,

130 2271 182 2320 aut
199 2257 236 2319 in
255 2255 310 2319 illa
331 2258 508 2344 quaestione
527 2259 652 2322 novitas
673 2282 730 2322 sua
755 2258 805 2322 vel
830 2257 936 2322 lraudi
958 2258 1127 2344 cuiquam,
1145 2258 1197 2320 vel

130 2357 258 2422 utilitati
274 2380 344 2421 esse
363 2357 535 2423 debuisset.
556 2360 684 2423 Scilicet
703 2360 864 2446 corruptis
878 2361 944 2438 jam
966 2382 1023 2446 per
1043 2357 1194 2422 ambitio·

132 2479 203 2522 nem
225 2459 408 2547 luxumque
429 2460 592 2540 moribus,
610 2477 642 2524 et
665 2461 798 2548 pristina
823 2460 1009 2524 innocentia
1033 2460 1086 2522 vix
1110 2459 1197 2524 inter

133 2578 249 2644 pancos
273 2561 414 2648 reliqua,
439 2562 544 2626 caeteri
565 2560 731 2642 judicum,
758 2562 877 2626 similes
902 2561 964 2625 sibi
991 2583 1063 2625 reos
1087 2560 1195 2625 absol·

136 2660 251 2743 tendo,
272 2683 364 2725 suam
381 2662 584 2727 securitatem
602 2663 779 2727 stabilitum
796 2664 898 2728 ibant.
1065 2657 1068 2662 ’

171 2761 328 2828 XXXVI.
355 2763 470 2850 Neque
496 2763 589 2827 aliam
617 2764 715 2829 fuisse
743 2787 871 2830 causam
899 2765 1022 2845 sentio,
1050 2787 1109 2828 cur
1136 2788 1196 2852 per

136 2863 240 2931 edem
270 2881 417 2952 tempora
442 2851 702 2954 grivissimorum
728 2867 901 2929 criminum
927 2889 1001 2930 reus
1025 2866 1061 2930 L.
1083 2869 1194 2949 Cotta,

134 2960 165 3030 P.
179 2968 335 3031 Africano
351 2982 539 3046 accusante,
556 2966 860 3031 condemnationem
879 2965 1058 3056 effugeret:
1080 2989 1145 3053 qua
1161 2966 1195 3028 in

133 3069 310 3155 questione
337 3068 462 3155 antiqui
489 3068 623 3156 pudoris
649 3069 790 3156 reliquiae
817 3070 859 3133 ita
887 3092 960 3133 cum
990 3069 1196 3156 improbitate

130 3166 251 3230 tenenti
268 3182 492 3249 certaverunt,
510 3186 564 3249 ut,
581 3192 683 3256 quum
702 3170 866 3235 insontem
885 3171 1096 3258 pronuntiare
1112 3194 1195 3234 cun·

129 3282 295 3332 curentur
305 3267 445 3349 judices,
458 3286 586 3335 sontem
603 3272 726 3358 eripere
743 3288 914 3359 cuperent,
930 3273 1047 3359 septies
1060 3273 1194 3359 amplia·

126 3379 217 3451 mm,
230 3385 348 3433 octavo
356 3370 479 3450 judicio
490 3371 656 3436 absolutus
668 3372 710 3435 sit
720 3395 804 3437 reus.
819 3372 853 3437 ld
868 3372 1006 3455 factum,
1021 3389 1052 3437 et
1063 3372 1195 3454 similia,

128 3489 234 3556 quum
250 3493 321 3533 uno
336 3470 401 3534 hoc
417 3472 524 3537 colore
541 3472 767 3554 defendantur,
781 3473 870 3560 quod
887 3474 1035 3539 homines
1048 3472 1196 3539 videlicet

165 3687 315 3753 suxit.
327 3659 541 3752 span-o..
552 3689 645 3741 corin.
656 3692 691 3752 n,
707 3705 752 3754 ιη
766 3690 832 3740 tuem
845 3690 876 3740 us
891 3689 964 3740 offic.
976 3690 1028 3749 m,
1041 3691 1196 3743 ³0.-nn.

133 3770 201 3832 11,1.
214 3801 251 3812 -
269 3772 284 3839 ς
297 3773 407 3820 XXXV.
416 3773 471 3822 an.
484 3775 552 3822 Max.
562 3776 623 3825 VIII
632 3810 640 3836 ,
650 3776 674 3824 5.
683 3803 718 3815 -
730 3776 783 3828 cte.
792 3791 839 3841 pro
850 3773 968 3834 Fonteio,
983 3789 1037 3838 esp.
1049 3790 1077 3836 7;
1091 3774 1156 3826 idem
1169 3776 1196 3826 in

136 3855 244 3915 venen.
252 3873 310 3922 cap.
321 3871 372 3916 υ,
383 3866 408 3905 ct
418 3855 455 3906 ibi
463 3857 591 3909 Pedianus.
