2594 4980
282 712 336 781 ΙΝ
364 710 474 781 LOC.
501 703 594 782 LIB.
622 706 1034 788 LXVIi‘sllethI.
1089 809 1093 817 Ι
1120 720 1186 794 561
1237 731 1241 738 ”

126 831 243 919 roquin
255 834 325 895 laeta
338 833 452 896 fabulis
468 834 571 910 natio,
585 857 645 922 pro
660 833 803 899 ridiculis
820 852 852 899 et
864 837 1004 903 anilibus
1021 836 1191 914 commen·

126 932 165 996 tis
184 936 359 1021 explosere.
1068 1001 1073 1007 .

168 1036 255 1099 XLV
259 1037 287 1098 tt
293 1039 314 1099 t.
335 1038 428 1099 Certe
443 1034 573 1099 flumina
592 1036 638 1100 sic
648 1035 777 1099 transiri
791 1032 866 1100 cum
880 1040 1022 1104 exercitu
1034 1064 1148 1129 posse,
1160 1045 1188 1109 ai

123 1137 214 1224 quod
233 1136 451 1200 firmissimum
469 1139 586 1202 robore
603 1154 668 1217 est,
687 1138 727 1201 ad
745 1138 962 1228 frangendum
974 1165 1067 1229 aquoe
1087 1146 1190 1233 impes·

125 1254 194 1301 tum
207 1262 321 1326 supra,
335 1241 439 1303 caeteri
451 1241 603 1303 inferiore
617 1239 700 1305 vado
712 1258 896 1329 permeent,
911 1244 1019 1308 multis
1035 1249 1189 1335 exemplis

124 1363 316 1429 magnorum
334 1343 566 1428 imperatorum
583 1358 719 1408 constat.
738 1343 821 1407 Nam
837 1336 869 1408 et
884 1362 993 1434 postea
1012 1347 1193 1436 Pompeius,

124 1443 166 1504 ita
184 1445 305 1529 Cyrum
327 1443 360 1505 in
382 1443 525 1506 Albanos
548 1443 686 1508 tendens
705 1446 901 1526 transmisit,
925 1462 957 1510 et
980 1448 1188 1515 Rubiconem

103 1535 244 1625 'Caesar,
266 1560 299 1608 et
321 1543 399 1607 alios
417 1544 480 1608 alii.
499 1545 577 1608 Tale
598 1546 706 1632 potius
721 1546 847 1634 aliquid
864 1571 903 1610 eo
919 1564 1066 1637 tempore
1083 1550 1188 1617 tenta·

123 1659 194 1707 tum
206 1667 224 1707 a
236 1645 377 1708 Cimbris
389 1646 487 1709 fuisse
498 1647 579 1709 ratio
592 1645 735 1727 dictitat,
749 1668 847 1735 quam
862 1665 898 1712 ut
910 1650 1056 1713 amnium
1067 1649 1188 1718 fluenta
1221 1642 1222 1647 ἵ

123 1745 225 1807 teneri
249 1746 398 1809 manibus
421 1769 515 1834 posse
539 1746 755 1827 crediderint3
785 1750 846 1813 nisi
870 1751 972 1830 forte,
995 1752 1185 1840 priusquam

122 1844 162 1907 ad
179 1846 314 1910 Athesin
332 1863 559 1935 penetrarunt,
579 1846 694 1914 fluvios
711 1851 819 1913 nullos
835 1850 943 1933 domi,
961 1853 1067 1918 nullos
1084 1854 1118 1917 in
1137 1872 1188 1922 tot

122 1946 190 2010 aliis
201 1949 391 2034 provinciis,
403 1973 483 2037 quas
493 1952 655 2039 pervagati
667 1951 854 2040 populando
868 1954 1011 2036 fuerant,
1024 1955 1188 2022 viderunt.

166 2050 281 2115 XLIX.
296 2052 484 2133 Arciam-i,
499 2046 742 2141 postquamista
753 2054 941 2119 transeundi
956 2053 1191 2122 fluminisvana

59 2168 62 2175 “
122 2152 202 2214 ratio
219 2153 384 2240 apparuit,
403 2176 537 2243 magnos
555 2153 736 2232 injecerunt
750 2156 783 2217 in
796 2154 1013 2243 profluentem
1032 2158 1188 2223 arborum

122 2268 272 2329 truncos,
287 2270 324 2317 ut
341 2273 474 2343 pontem
492 2258 716 2321 Romanorum
733 2258 974 2323 convellerent:
993 2275 1076 2324 totas
1092 2261 1191 2324 etiam

121 2376 196 2418 cum
217 2355 378 2421 radicibus
395 2358 542 2441 arbores,
558 2375 591 2422 et
607 2361 786 2447 fragmenta
800 2359 932 2447 rupium
949 2358 1100 2448 giganteo
1115 2362 1191 2426 nisu

120 2455 341 2543 ingesserunt,
369 2481 436 2546 quo
459 2459 493 2522 in
520 2459 684 2523 adversam
711 2460 829 2546 ripam,
847 2461 935 2523 reiut
951 2483 1067 2550 aggere
1083 2462 1186 2544 jacto,

121 2557 396 2623 transcenderent.
414 2560 471 2623 His
489 2561 586 2623 rebus
603 2575 712 2622 tantus
733 2560 888 2622 Romanis
911 2559 1048 2636 injectus
1066 2576 1188 2643 terror,

120 2672 159 2723 ut
176 2678 215 2719 ex
238 2658 413 2737 majoribus
437 2660 548 2722 castris
572 2658 676 2745 palam
701 2659 775 2745 fuga
799 2659 956 2745 inciperet
979 2658 1069 2723 fieri:
1087 2683 1188 2746 quam

120 2756 177 2818 ubi
205 2757 301 2819 nullis
332 2758 482 2843 precibus
514 2757 793 2842 hortamentisque
819 2757 995 2843 prooonsul
1027 2758 1187 2846 impedire

120 2871 243 2942 potest,
259 2858 413 2945 praeclaro
424 2857 579 2938 consilio,
594 2872 632 2919 ut
642 2856 732 2944 signa
743 2856 851 2942 potius
862 2872 894 2919 et
903 2855 1020 2920 ducem
1032 2861 1182 2946 sequuti,

121 2979 218 3043 quam
240 2957 356 3021 timore
375 2958 470 3022 ablati
493 2957 697 3036 viderentur,
717 2956 860 3020 convelli·
870 2957 1009 3044 aquilam
1025 2959 1136 3042 jubet,
1153 2977 1186 3025 et

121 3058 153 3119 in
170 3058 312 3145 primum
327 3082 443 3150 agmen
461 3081 559 3124 cursu
575 3057 736 3147 perlutus,
751 3057 883 3121 servatis
896 3055 1066 3122 ordinibus
1084 3058 1186 3157 profi·

120 3158 328 3250 cisci'coegit.
873 3160 876 3166 ⁵

164 3260 198 3323 L.
218 3261 376 3348 Equitum
393 3279 502 3331 tamen
522 3278 647 3350 partem
661 3261 847 3349 abripuerat
863 3279 1086 3349 sparseratque
1104 3286 1184 3328 con·

119 3364 274 3427 sternatio
286 3388 294 3428 ε
308 3366 392 3428 inter
406 3387 489 3453 quos
505 3380 537 3429 et
551 3364 596 3428 M.
608 3363 718 3427 Scauri
731 3360 831 3444 filius,
846 3363 1022 3428 severitatis
1034 3380 1185 3452 paternae,

119 3462 320 3552 pudorisque
343 3467 477 3555 ingenui
504 3464 683 3530 miserabile
708 3465 838 3528 futurus
859 3463 1060 3554 exemplum,
1081 3487 1185 3553 quum

118 3562 256 3626 Romam
267 3567 422 3649 venisset,
435 3568 648 3633 denuntiante
662 3567 1076 3653 patre'nein-conspectum
1088 3590 1186 3633 suum

118 3662 302 3746 accederet,
319 3669 477 3751 animam,
494 3692 592 3757 quam
610 3667 782 3730 hostilibus
801 3666 897 3760 armis
912 3666 1047 3732 reddere
1064 3669 1183 3734 timue·

119 3778 182 3842 rat,
196 3786 256 3829 suo
270 3766 394 3854 gladio,
408 3771 612 3858 propriisque
627 3768 777 3831 manibus
792 3767 925 3855 expulit.
942 3768 1072 3833 Minora
1083 3786 1186 3834 castra

119 3886 222 3950 quum
240 3867 412 3933 fortissime
431 3869 703 3948 defenderentur,
722 3867 845 3932 Cimbri
867 3868 1020 3932 virtutem
1044 3871 1185 3935 militum

118 3964 332 4050 honorantes,
358 3969 462 4036 illaesis
479 3971 568 4035 abire
584 3969 819 4060 permiserunt,
840 3990 967 4032 aeneum
989 3985 1119 4033 taurum
1132 3970 1186 4049 ju·

152 4186 283 4255 gxrvn.
299 4183 378 4233 sant.
394 4183 504 4232 unvn.
517 4208 552 4219 -
566 4170 655 4230 utrm.
668 4180 732 4228 uta.
743 4189 793 4228 m.
809 4179 871 4235 111,-
886 4178 928 4225 aa.
942 4204 976 4213 -
989 4176 1106 4228 rostras.
1120 4182 1186 4247 apia

118 4273 196 4322 sint).
214 4297 249 4308 -
266 4269 282 4335 S
298 4262 389 4319 xttx.
410 4265 533 4315 Plutarch.
547 4263 930 4330 Apopbth.1tomqorp.‚3o‚et
947 4261 1010 4310 Mar.
1025 4276 1078 4328 cup.
1093 4265 1134 4326 37.
1150 4290 1188 4304 .-

118 4358 144 4404 L.
159 4354 256 4421 Ampol.
274 4381 309 4392 -
325 4355 410 4401 Frout.
424 4353 500 4401 strat.
515 4351 561 4411 lt,
583 4365 605 4397 ι.
624 4376 659 4387 -
677 4349 771 4398 Auctor
786 4347 817 4396 de
833 4345 901 4393 Viris
919 4344 1007 4395 inune
1026 4361 1079 4412 cap.
1098 4363 1139 4411 7²·
1154 4376 1189 4387 ...

119 4435 320 4496 enarrarre.
1112 4433 1122 4445 ·

222 4533 284 4600 rr.
745 4488 751 4504 ’
791 4489 795 4495 ’
974 4523 1019 4595 as
