2594 4980
10 39 1248 320 u

166 729 185 793 J
193 729 235 792 Ο.
256 725 448 796 FREINS.
473 727 609 794 SUPP.
632 727 686 794 IN
712 725 823 794 LOC.
847 727 941 792 LlB.
964 727 1083 796 LXX.
1117 722 1187 822 599

116 845 320 933 triumphum
340 843 483 907 duxerat.
498 846 541 908 Hi
553 868 656 933 quum
671 846 840 910 inivissent
856 847 1100 935 magistratum,
1114 870 1190 938 pro·

116 945 202 1036 digia
227 948 409 1034 frequentia
434 948 581 1011 nuntiata
604 971 611 1011 :
632 948 724 1011 bubo
750 965 946 1036 conspectus
970 948 1003 1011 in
1029 949 1201 1037 Capitolio,

117 1072 216 1137 supra
229 1048 366 1113 deorum
384 1051 553 1113 simulacra
563 1050 670 1114 fuerat
681 1072 688 1114 :
701 1049 820 1114 deinde
831 1065 962 1130 taurus,
978 1049 1019 1113 ad
1030 1050 1187 1137 piandum

117 1151 261 1214 adhibita
278 1152 424 1231 victima,
439 1169 514 1215 ante
531 1153 673 1216 cultrum
691 1152 846 1214 exanimis
856 1149 1035 1238 procubuit
1050 1175 1058 1214 z
1074 1175 1189 1217 sereno

118 1254 249 1317 tonuit:
266 1254 403 1317 fulmine
421 1254 576 1342 pleraque
602 1253 769 1343 decussa:
791 1253 890 1317 hastae
910 1252 1022 1315 Martis
1048 1253 1082 1315 in
1103 1255 1190 1344 regia

119 1370 215 1417 motae
232 1378 239 1418 :
255 1355 341 1442 apud
356 1354 457 1418 aedem
475 1356 633 1444 Apollinis
651 1378 756 1442 quum
773 1353 946 1418 decemviri
964 1354 1189 1439 immolarent,

119 1472 217 1541 caput
227 1457 362 1537 jecinori
382 1456 497 1521 defuit.

164 1558 206 1621 ΙΙ,
224 1557 483 1624 sacrificantibus
497 1561 611 1649 anguis
628 1559 770 1624 adaram
788 1560 941 1623 inventus
957 1582 965 1622 :
980 1561 1058 1623 item
1073 1559 1191 1625 andro·

120 1681 225 1747 gynus
252 1660 286 1722 in
315 1683 402 1724 mare
425 1661 623 1750 deportatus.
649 1662 687 1725 In
710 1661 806 1725 Circo
828 1660 892 1748 pila
917 1660 1057 1723 militum
1080 1660 1193 1725 ardere

119 1761 185 1822 visa
196 1784 204 1824 ε
216 1760 251 1823 id
262 1761 394 1847 quidem
406 1763 609 1850 portendisse
623 1764 790 1828 victoriam
804 1761 986 1843 judicatum
996 1779 1064 1844 est3
1079 1785 1193 1850 quem·

123 1861 300 1926 admodum
330 1866 437 1953 fruges
468 1882 501 1928 et
528 1882 734 1953 tempestates
766 1865 892 1945 bonas,
925 1864 1016 1952 quod
1043 1863 1134 1928 ludis.
1159 1864 1193 1928 in

120 1963 248 2028 theatro
277 1982 363 2029 creta
391 1966 528 2030 candida
555 1962 648 2056 pluit.
676 1968 735 2030 llis
760 1966 962 2054 temporibus
988 1966 1051 2028 lata
1077 1980 1128 2028 est
1154 1988 1194 2029 ex

121 2067 310 2130 nominibus
325 2069 498 2132 consulum
515 2070 571 2135 lex
590 2069 722 2135 cecilia
735 2084 767 2133 et
778 2069 880 2132 Didia
893 2068 1066 2156 appellata,
1080 2067 1119 2130 de
1135 2071 1194 2131 tri·

122 2167 484 2255 nundinoferendarum
502 2172 627 2260 legum:
641 2187 671 2235 et
682 2187 735 2251 ut,
752 2173 781 2234 si
790 2172 938 2259 pluribus
951 2170 1109 2258 capitibus
1117 2192 1197 2258 pro·

122 2272 236 2333 miscue
247 2274 288 2334 sit
303 2271 404 2336 latum
411 2325 420 2354 ,
429 2273 550 2362 populo
564 2275 747 2362 repudiare,
764 2288 823 2337 aut
837 2276 993 2362 accipere,
1014 2294 1088 2361 qaue
1103 2272 1195 2336 vidc-

123 2382 245 2451 rentur,
262 2373 391 2437 liberum
402 2401 415 2454 ,·
433 2399 531 2464 ueqrce
544 2389 645 2440 totam
658 2376 757 2440 simul
769 2378 968 2463 rogationem
980 2388 1038 2438 aut
1049 2373 1194 2463 abjicere,

122 2485 182 2535 aut
187 2475 301 2561 jubere
319 2499 475 2541 necessum
493 2496 578 2542 esset.

166 2575 224 2639 lll.
249 2578 318 2641 Sub
341 2578 409 2642 baec
429 2596 596 2667 tempora,
621 2602 689 2665 quo
712 2578 855 2639 sanctius
876 2576 1049 2662 religiones
1068 2576 1194 2637 Cereris

124 2675 338 2758 haberentur,
353 2681 445 2758 cujus
459 2701 572 2765 pacem
588 2678 630 2742 ad
645 2678 759 2741 Siciliae
775 2676 909 2739 tutelam
924 2675 1103 2761 plurimum
1121 2694 1196 2760 per·

126 2777 228 2839 tinere
253 2778 429 2863 putabant3
453 2777 654 2841 sacerdotem
673 2801 691 2840 a
711 2778 799 2840 Velia
822 2775 938 2838 arcessi
957 2772 1098 2860 placuit,
1124 2795 1198 2860 quae

125 2877 227 2962 perita
248 2899 415 2941 sacrorum
435 2901 614 2967 gracorum
639 2894 744 2958 esset3
768 2891 1008 2965 praetoremque
1031 2875 1196 2938 urbanum

126 2979 160 3040 C.
180 2976 344 3041 Valerium
369 2980 521 3043 Flaccum
545 2978 733 3042 decivitate
758 2979 827 3059 ejus
845 2975 887 3040 ad
908 2977 1069 3066 populum
1096 2977 1190 3041 ferre.

127 3081 163 3142 C.
177 3079 324 3143 Valerius
345 3104 385 3144 ex
403 3081 689 3145 senatusconsulto
709 3079 750 3146 ad
769 3082 931 3169 populum
952 3080 1047 3159 tulit,
1066 3091 1101 3143 ut
1121 3079 1197 3145 cal·

126 3182 257 3269 lt'pbaua
279 3184 431 3247 Veliensis
451 3184 503 3272 (id
526 3206 648 3248 nomen
680 3183 829 3268 mulieri)
850 3184 927 3246 civis
948 3203 1084 3244 romaric
1108 3195 1196 3244 esset.

129 3283 249 3347 Eodem
267 3308 355 3349 anno
369 3286 404 3348 L.
417 3287 588 3350 Cornelius
600 3287 636 3350 L.
644 3287 681 3350 F.
690 3288 725 3350 L.
734 3285 775 3349 N.
788 3284 955 3349 Dolabella
964 3283 1143 3371 proconsul
1157 3305 1198 3346 ex

128 3387 281 3473 Hispania
297 3388 452 3452 ulteriore
471 3386 511 3450 de
529 3387 690 3452 Lusitanis
708 3386 830 3450 Urbem
846 3385 1053 3472 triumphans
1072 3385 1197 3474 ingres-

128 3510 182 3550 sus
199 3505 265 3568 est,
285 3512 313 3553 a.
330 3488 477 3554 d.Vlial.
494 3489 683 3554 februarias.
700 3487 755 3552 Μ’.
767 3487 946 3575 Aquillius,
966 3486 1058 3567 cujus
1082 3485 1109 3548 si
1128 3506 1197 3548 non

129 3589 266 3668 majora,
290 3590 467 3656 celebriora
492 3608 598 3672 certe,
626 3590 811 3677 laetioraque
836 3589 918 3654 Urbi
941 3603 1030 3677 gesta
1052 3588 1198 3665 fuerant,

129 3691 277 3777 exemplo
295 3691 331 3754 P.
343 3693 493 3779 liupillii,
511 3692 551 3757 de
568 3693 711 3781 fugitivis
728 3691 880 3755 oratione
898 3705 1073 3754 contentus
1093 3689 1163 3752 fuit.

173 3791 229 3855 lV.
243 3793 329 3855 Turn
341 3794 492 3881 producti
500 3795 535 3858 in
543 3795 675 3858 Circum
686 3791 841 3874 dedititii,
853 3789 960 3871 aliud,
973 3811 1071 3877 quarn
1083 3808 1198 3874 exspe-

129 3893 293 3973 ctabatur,
312 3895 436 3981 populo
449 3918 587 3960 romano
599 3894 822 3983 spectaculum
839 3891 968 3956 dedere.
981 3893 1095 3974 Quum
1111 3887 1197 3952 enim

131 3994 163 4056 in
177 3994 242 4058 hoc
260 4012 387 4059 tantum
403 4014 610 4087 prorogatam
626 3997 687 4060 sibi
706 3997 806 4068 citam
822 4009 1014 4069 cernerent,
1029 4006 1068 4054 ut
1088 3990 1199 4053 aliene
1281 4061 1284 4065 ,

165 4159 181 4224 S
193 4161 214 4206 1.
233 4160 264 4208 U.
281 4160 309 4208 C.
322 4159 389 4219 6543
402 4162 433 4208 Δ.
445 4161 473 4210 C.
488 4162 531 4223 98.
546 4189 582 4198 —
596 4161 667 4225 riga.
682 4160 770 4209 Annei.
791 4186 826 4196 -
844 4158 895 4207 Jul.
907 4158 999 4220 Obseq.
1016 4183 1051 4192 --
1067 4154 1083 4220 S
1097 4156 1131 4203 11.
1144 4154 1197 4204 cic.

131 4259 177 4308 pro
189 4244 256 4292 Sext.
269 4260 322 4309 cap.
335 4244 381 4303 643
393 4244 425 4292 ad
433 4245 510 4293 artic.
520 4247 559 4304 11,
573 4262 605 4308 93
618 4260 665 4311 pro
677 4244 764 4304 domo,
778 4259 849 4308 capp.
864 4240 894 4288 ιθ
907 4251 931 4288 et
941 4256 989 4297 ²⁰3
1001 4237 1125 4304 Philipv,
1136 4239 1161 4299 3,
1174 4251 1199 4287 et

131 4343 178 4391 pro
191 4328 286 4386 Balbo,
297 4345 351 4392 cap.
363 4337 406 4384 24.
421 4327 517 4376 -vnt
532 4328 600 4376 Max.
615 4331 640 4387 1,
653 4344 675 4375 r.
690 4353 726 4364 -
739 4324 756 4392 s
771 4328 817 4374 111.
832 4326 921 4372 Mam.
934 4322 1042 4387 capitol.
1053 4350 1089 4360 -—
1102 4321 1154 4372 Oic-
1168 4318 1199 4369 de

132 4413 199 4460 Orat.
209 4415 247 4469 11,
262 4421 292 4472 47
302 4431 309 4472 ἱ
320 4415 390 4461 Verr.
399 4413 469 4471 v,6;
482 4428 528 4477 pro
540 4414 643 4469 Flacco,
657 4428 711 4476 cap.
727 4412 774 4474 393
790 4412 858 4457 brut.
869 4423 923 4472 cap.
934 4406 981 4462 6²,
996 4416 1019 4452 ct
1032 4406 1063 4454 de
1077 4404 1150 4455 offic.
1161 4406 1197 4453 ll.

139 4503 175 4548 ¹!s·
188 4523 219 4530 -
235 4497 323 4546 Athen.
335 4498 368 4554 V,
381 4505 418 4552 ra.
428 4524 460 4532 -
470 4496 574 4544 Diodor.
586 4496 671 4559 Eclog.
683 4495 728 4555 lib.
740 4492 865 4542 xxxvt.
873 4516 908 4528 -—
920 4488 975 4537 nv.
986 4489 1051 4553 Eplt.
