2594 4980
113 708 184 777 206
282 711 348 775 JO.
376 704 729 773 FREINSIIEMII
760 702 1006 773 SUPPLEM.

156 831 246 893 xtn.
265 830 390 892 Interea
405 828 541 889 Romam
560 824 753 889 AEmilianus
767 824 891 912 Scipio,
911 824 967 911 sp.
982 824 1155 905 lllumtuiut,

114 933 149 994 L.
168 929 313 993 Caecilius
332 926 500 1007 Metellus,
516 948 556 989 ex
577 924 716 1014 AEgypto
732 925 872 1012 Asiaque
885 924 1063 989 redieruut.
1077 926 1156 991 blito

112 1048 162 1094 rat
179 1054 234 1095 cos
258 1045 387 1093 senatus
406 1028 447 1092 ad
466 1050 517 1091 res
539 1049 712 1116 regnorum
732 1024 995 1114 componendas,
1013 1048 1082 1114 quae
1097 1028 1155 1091 vitio

114 1131 370 1211 dominantium,
390 1147 446 1193 aut
463 1129 640 1193 ambitione
662 1127 919 1193 dominationem
938 1128 1153 1209 affectantium,

113 1235 207 1297 variis
219 1234 364 1297 motibus
383 1232 589 1296 vexabantur.
606 1230 806 1311 Demetrius,
823 1231 940 1294 amissa
956 1234 1076 1309 majore
1087 1246 1154 1319 parte

113 1337 222 1424 regni,
235 1358 337 1421 quum
353 1332 534 1397 socordiam
549 1356 642 1397 suam
654 1331 855 1420 contemptui
869 1330 1087 1411 esserideret,
1101 1346 1152 1395 trt-

115 1459 213 1522 quam
234 1459 273 1498 ex
291 1435 449 1498 diuturno
465 1457 582 1499 somno
599 1434 771 1512 excitatus,
794 1433 918 1497 bellum
934 1431 1085 1497 adversus
1099 1432 1152 1497 l’u·

114 1539 188 1601 thos
203 1555 381 1601 sumserat:
397 1560 504 1624 neque
518 1559 612 1601 causa
626 1534 846 1623 improbabili,
860 1557 971 1622 neque
980 1556 1094 1622 parum
1104 1530 1152 1597 ida·

115 1660 175 1701 nea
189 1638 369 1701 occasione.
380 1638 462 1701 Nam
474 1636 691 1717 Mithridates,
704 1636 899 1699 Parthorum
911 1658 985 1716 rex,
999 1634 1093 1724 paulo
1102 1648 1153 1697 aute

116 1738 202 1801 victo
222 1739 378 1802 Demetrii
394 1739 562 1826 prefecto,
577 1738 784 1826 babyloniam
800 1738 887 1825 Syris
900 1737 1072 1825 eripuerat.
1087 1734 1153 1801 ldtu

117 1839 316 1902 omnibus
287 1840 402 1903 vicinis
416 1840 567 1904 terribilis
573 1838 722 1919 ,Medos,
735 1841 919 1927 Hyrcanos,
934 1840 1154 1919 Bacuianoml

116 1939 303 2026 quidquid
295 1956 380 2003 inter
404 1940 577 2029 Hydaspen
602 1957 634 2004 et
652 1939 769 2004 Indum
786 1941 935 2030 gentium
952 1942 1050 2022 colit,
1065 1936 1154 2029 perti!

115 2042 303 2130 subegerat,
321 2043 437 2128 partim
457 2043 649 2107 subacturus
664 2042 844 2106 ridebatur.
872 2044 990 2129 ltaque
1010 2036 1155 2130 superirri-

116 2144 208 2206 bus
201 2167 234 2206 ιιι
258 2144 455 2231 proiecturis
479 2144 658 2207 incolentes
677 2143 779 2207 Graeci
799 2143 959 2207 continuo
984 2140 1155 2207 attauhu

118 2245 306 2308 nuntiusad
324 2246 546 2325 Demetrium,
562 2246 672 2308 omnia
692 2243 842 2331 polliciti,
858 2266 886 2305 st
881 2242 956 2306 ad
971 2238 1155 2307 liberam

119 2345 244 2432 superbo
266 2347 457 2409 Parthorum
469 2292 634 2409 doniirtatu
649 2348 789 2409 venitm

160 2445 249 2508 XIV.
280 2446 467 2509 Alexandri
495 2447 726 2534 expeditiones,
760 2446 870 2534 quibus
896 2430 1038 2532 primurn
1062 2454 1158 2533 apum

119 2546 228 2609 Orant
243 2544 425 2610 Graecorum.
434 2546 573 2611 colonias
584 2550 762 2635 accepisset,
779 2546 1065 2609 memorabantur.
1076 2544 1158 2607 cirb-

115 2659 221 2735 tcsquc
239 2673 261 2711 ιι
280 2650 499 2712 successoribus
514 2650 598 2738 ejus,
618 2663 653 2711 ut
666 2646 886 2735 essentsm’na
903 2647 1091 2711 donum
1101 2642 1157 2733 ῥ’

119 2752 217 2828 tium,
233 2751 377 2813 condior.
392 2751 535 2840 Sedjam
551 2772 644 2813 versa
660 2752 730 2813 vice
740 2751 851 2813 servire
859 2746 949 2829 illas,
964 2749 1073 2837 quibus
1087 2750 1159 2833 iup-

118 2855 264 2916 racen'nt.
291 2852 334 2916 lcl
356 2852 436 2915 adeo
464 2850 646 2915 Graecorum
670 2850 816 2915 accr'elt‘sse
834 2850 1015 2930 dikeordia,
1041 2846 1161 2933 belisa

115 2955 252 3017 civilibus
261 3002 270 3032 ,
290 2969 324 3017 ut
340 2935 483 3041 ignobilis
498 2968 573 3017 ante
583 2975 659 3039 gens
684 2951 890 3028 Parthorum,
907 2972 984 3039 quoe
997 2948 1055 3015 sub
1072 2948 1161 3013 Per!-

116 3076 186 3116 rum
201 3056 328 3140 irnperio
350 3056 608 3141 contemptissima
629 3054 822 3117 servientium
830 3074 912 3139 pars
920 3049 1058 3138 fititset,
1078 3064 1161 3139 pm

116 3153 291 3216 libertatern
304 3157 483 3240 arriauerit,
505 3176 582 3217 mox
596 3152 763 3241 effectarit
777 3152 1050 3217 dominationem:
1065 3164 1096 3215 et
1107 3166 1163 3213 sm

114 3276 330 3339 processurran
346 3257 376 3315 ei
382 3258 596 3341 propositum,
616 3259 655 3318 ni
667 3252 899 3319 Seleucriiarwn
916 3248 1164 3343 opperiatur&

117 3366 306 3416 coerceatur.
317 3355 374 3416 Ad
385 3354 440 3417 lios
456 3358 537 3418 eninr
552 3356 633 3421 solos
646 3358 683 3420 id
691 3357 782 3420 decus
789 3357 966 3443 pertuiere5
981 3354 1165 3439 Demetniqffl

120 3452 222 3529 banc,
241 3452 330 3516 velut
345 3476 366 3514 ιι
380 3456 549 3543 majoribus
564 3456 727 3538 relictam,
742 3459 943 3522 hereditatem
958 3481 1022 3523 esse
1032 3455 1105 3522 belli
1111 3448 1166 3541 εὖ·

117 3554 259 3637 riteque:
279 3557 323 3614 sie
342 3578 437 3618 auum
453 3558 664 3637 Antiochum,
689 3562 732 3621 sic
745 3581 900 3646 proavum
916 3558 1080 3623 Sdeaem
1094 3572 1165 3619 am

119 3652 280 3716 rebellibus
297 3655 423 3719 Partitis
439 3657 585 3723 tittulisse.
602 3662 712 3748 Neque
719 3675 920 3749 perventuros
932 3662 982 3723 ad
993 3672 1113 3726 taratara
1118 3674 1165 3745 pt·

119 3757 248 3815 tentiarn
260 3754 366 3841 faiam
383 3760 576 3838 Arsacidas,
598 3763 659 3823 ιιὶιί
673 3777 767 3848 pater
787 3762 982 3843 Demetrius,
1006 3764 1080 3827 aliti
1099 3752 1166 3823 W

120 3856 301 3941 impeditus,
323 3859 435 3922 deinde
453 3863 659 3947 supposititius
676 3862 869 3926 Alexander·
881 3866 1016 3947 ignavia
1031 3856 1165 3927 socottlt'fl·

121 3978 181 4042 que
192 3979 266 4035 sita,
279 3955 437 4038 fiduciam
453 3964 647 4049 spatiumque
659 3964 816 4027 crescendi
821 3966 1038 4051 praebuissent.

134 4096 140 4103 -
166 4058 236 4120 XV.
256 4060 338 4121 Hinc
355 4061 434 4123 odeo
456 4062 652 4125 Mithridatis
668 4064 792 4149 inflatos
811 4087 873 4127 esse
890 4068 1032 4153 munus,
1055 4054 1164 4127 utullw

155 4271 170 4333 S
187 4275 260 4321 XIII.
282 4275 334 4321 cic.
350 4276 427 4325 head.
439 4278 532 4338 Quart.
548 4279 593 4335 Ili,
606 4294 631 4324 a.
653 4305 683 4314 -
698 4279 788 4327 Justin.
800 4282 929 4338 XXXVI,
947 4296 976 4337 1,
994 4290 1020 4331 ct
1033 4270 1161 4328 mult·

126 4356 149 4399 8.
171 4382 205 4390 —
227 4358 318 4404 Athen.
338 4359 381 4406 lib.
392 4362 435 4407 VI.
456 4388 491 4397 —-
509 4362 588 4409 Stralt.
608 4362 650 4409 lib.
668 4362 742 4419 XIV,
763 4378 817 4426 pag.
837 4363 898 4423 669.
913 4390 950 4400 -
971 4365 1044 4413 0¹0⁸.
1056 4362 1086 4417 V,
1102 4366 1162 4413 b‘

123 4436 225 4500 loseph.
236 4442 309 4495 Xlll,
317 4460 349 4515 Ι9.
