2594 4980
249 723 301 795 IN
330 725 440 794 LOC.
469 721 563 792 Lib.
591 721 760 791 LXXIII
790 723 1005 792 LlVlANI.
1090 723 1180 821 671-

94 877 107 901 ι
119 846 205 910 enim
226 845 377 908 abnuunt
396 843 538 926 judicia,
564 843 621 908 sed
645 858 772 906 tanturn
791 841 832 905 ad
851 864 901 905 res
921 845 1045 930 quietas
1067 845 1163 911 diffe-

95 980 106 1001 ιι
117 964 211 1026 runt,
226 964 258 1010 et
271 944 466 1036 pacatiorem
481 961 600 1009 statum
617 944 763 1009 civitatis.

140 1049 226 1111 Vlll.
245 1078 258 1102 ι
272 1048 301 1110 Ο
317 1047 415 1111 stulte
428 1047 608 1133 simplicem
620 1045 779 1134 populum
794 1067 988 1128 romanum,
1003 1048 1029 1110 si
1043 1050 1165 1136 patitur

95 1149 168 1211 «liis
190 1165 254 1211 tarn
275 1144 387 1212 crassis
403 1147 570 1236 prestigiis
589 1148 651 1211 sibi
669 1147 817 1234 imponi,
836 1147 956 1235 quibus
977 1171 1019 1213 ne
1040 1152 1164 1216 servilia

95 1249 250 1335 «quidem
270 1249 398 1338 ingenia
419 1248 646 1312 circumveniri
664 1249 871 1338 paterentur!
894 1249 932 1311 In
952 1251 1164 1337 praesentibus

95 1382 107 1402 «
119 1350 408 1437 prementibusque
425 1349 535 1431 malis,
549 1365 582 1414 et
597 1350 754 1414 universae
766 1349 867 1414 ruinae
880 1367 988 1431 metu,
1001 1351 1165 1418 celeribus

96 1481 108 1506 ιι
120 1451 269 1515 remediis
282 1473 365 1538 opus
379 1466 447 1514 est:
463 1474 535 1538 quae
547 1451 693 1539 quisquis
706 1451 739 1514 in
752 1451 804 1514 illa
819 1467 965 1539 tempora
976 1451 1095 1534 rejicit,
1107 1454 1165 1518 ubi

96 1559 221 1620 «futuri
240 1556 376 1644 amplius
396 1578 463 1620 non
482 1573 578 1638 sunt,
601 1557 721 1645 quibus
739 1555 975 1638 adhibeantur,
997 1558 1089 1623 illum
1109 1576 1183 1624 ant<

95 1660 243 1748 «egregie
258 1658 385 1721 fatuum
403 1680 492 1740 esse,
516 1673 574 1722 aut
591 1681 719 1722 summe
737 1658 923 1747 improbum
945 1674 1083 1747 oportet.
1107 1663 1163 1725 ln·

96 1790 108 1812 ·‹
120 1760 236 1823 cendio
254 1761 338 1823 forte
361 1759 479 1822 oborto
494 1757 637 1841 aedibus,
655 1760 682 1823 si
701 1760 774 1846 quis
790 1760 897 1823 allerri
911 1783 1050 1848 aquarn,
1067 1778 1100 1826 et
1116 1785 1165 1826 re-

95 1861 238 1950 «stingui
252 1859 395 1924 flammas
403 1857 608 1948 prohiberet,
618 1859 724 1924 donec
735 1860 896 1924 tumultus
907 1861 1164 1949 conquiesceret,

96 1995 107 2017 ιι
118 1964 254 2026 obsecro
265 1985 340 2043 vos,
355 1961 515 2043 Quirites,
529 1962 658 2049 qualem
675 1984 745 2026 esse
758 1960 929 2026 diceretis?

139 2066 197 2128 tx.
221 2065 313 2127 «Iam
337 2063 594 2150 pulchenimum
613 2064 677 2127 hoc
698 2062 869 2128 aedilicium
889 2064 1017 2151 imperii
1037 2067 1162 2129 romani

96 2198 107 2219 «
119 2164 229 2254 llagrat
246 2165 350 2242 bello;
370 2165 480 2228 lambit
496 2165 596 2253 ipsam
615 2165 738 2229 Urbem
757 2165 856 2254 ignis,
874 2154 1116 2254 corporumque
1132 2182 1166 2231 et

95 2297 108 2319 «
120 2267 324 2329 fortunarum
346 2272 526 2329 vestrarum
547 2266 696 2329 omnium
718 2264 828 2330 sedern
845 2282 943 2354 atque
961 2265 1163 2331 domicilium

96 2365 213 2431 «afflat.
230 2367 272 2430 Et
287 2381 365 2429 sunt
384 2366 489 2454 (proh
506 2390 633 2432 summe
649 2368 794 2454 Jupiter,
811 2389 934 2454 rosque
950 2367 996 2431 dii
1015 2367 1164 2455 deaeque,

95 2500 106 2520 ιι
118 2483 282 2555 quotquot
293 2468 415 2531 urbem
431 2467 515 2531 hanc
531 2468 703 2554 incolitisl)
721 2468 779 2555 qui
797 2469 949 2532 resistant
965 2469 1167 2557 restinguere

96 2569 340 2657 «cupientibus,
360 2585 458 2656 atque
479 2568 560 2633 adeo
579 2569 795 2632 incendiarios
816 2568 904 2655 ipsos
924 2569 1061 2646 jubeant
1082 2571 1164 2634 tole-

95 2669 197 2748 ·‹rari,
217 2668 322 2732 donec
343 2669 465 2732 scilicet
487 2669 669 2754 pericnlum
688 2684 866 2755 praetereat.
891 2667 954 2732 Sed
976 2668 1057 2756 quid
1081 2693 1165 2759 opus

96 2785 167 2831 «est
182 2768 354 2856 pluribus?
370 2791 438 2831 non
455 2767 613 2848 difficilis,
632 2790 692 2830 nec
706 2768 843 2831 obscura
860 2767 1026 2855 praedictio
1041 2786 1090 2834 est
1107 2795 1114 2834 :
1132 2789 1166 2835 et

96 2891 215 2932 «omen
233 2868 365 2955 quidem
384 2867 429 2931 dii
443 2869 601 2932 avertant!
619 2867 676 2931 sed
690 2867 751 2931 nisi
766 2867 846 2931 dum
864 2869 959 2932 vestri
972 2868 1054 2948 juris
1071 2873 1165 2952 estis,

95 2971 284 3051 «Quirites,
306 2968 536 3057 provideritis,
558 2991 599 3032 ne
622 2968 805 3055 prodamini
823 2993 830 3034 :
850 2969 986 3058 proditis
1008 2994 1116 3036 serum
1133 2990 1166 3037 et

95 3073 259 3136 «alienum
274 3073 335 3136 erit
344 3093 455 3159 poenas
466 3069 660 3159 proditionis
672 3070 837 3159 persequi,
856 3093 961 3158 quum
974 3088 1007 3136 et
1023 3074 1163 3162 reliqua·

96 3206 109 3229 ι
119 3196 191 3236 rnrn
207 3196 316 3236 rernm
335 3172 484 3236 omnium
500 3188 658 3260 potestas,
676 3188 709 3234 et
725 3172 793 3259 ipsa
804 3170 926 3250 judicia
939 3195 1039 3260 penes
1052 3175 1165 3262 prodi·

95 3290 204 3338 «tores
221 3290 328 3338 erunt.
341 3306 352 3329 ιι

140 3377 181 3440 X.
200 3375 275 3440 Non
290 3374 424 3439 deerant
437 3391 562 3456 tamen,
577 3377 634 3464 qui
647 3399 709 3464 pro
723 3393 838 3441 senatu
849 3376 1084 3463 loquerentur:
1101 3408 1114 3434 ι
1124 3381 1163 3443 In

95 3500 207 3563 «aequa
224 3477 374 3540 omnium
393 3475 539 3541 libertate
555 3477 628 3564 plus
643 3482 750 3541 tamen
764 3477 847 3556 juris
861 3493 959 3564 atque
975 3479 1165 3543 commodo·

97 3603 191 3642 «nnn
215 3580 302 3668 apud
324 3580 448 3644 nobiles
469 3596 502 3644 et
524 3581 701 3667 locupletes
727 3602 823 3644 esse:
845 3578 959 3643 iisdem
981 3580 1163 3669 ingenitum

95 3710 107 3733 ι
119 3678 364 3767 inolitumquea
377 3681 552 3760 majoribus
564 3679 661 3768 longa
674 3698 860 3768 temporum
875 3681 977 3763 serie,
990 3697 1027 3744 ut
1036 3704 1165 3772 rempu-

97 3781 235 3844 «blicant
250 3797 376 3861 ament,
396 3782 449 3845 cni
461 3782 545 3845 ultra
557 3803 767 3844 communem
778 3780 950 3862 aflectum,
968 3796 1018 3844 tot
1030 3781 1096 3845 sint
1113 3785 1165 3870 pi·

95 3882 276 3972 «gnoribus
296 3881 445 3970 obligati,
464 3900 546 3970 quot
564 3882 704 3945 habeant
717 3905 782 3969 pne
801 3882 869 3945 aliis
890 3882 1016 3945 civibus
1037 3883 1162 3950 eximia.

96 3985 170 4048 «Sic
190 4006 259 4047 esse
275 4001 516 4070 comparatum,
542 3999 580 4047 ut
595 4007 655 4072 pro
675 3983 918 4048 conservatione
939 3982 1096 4070 cujusque
1116 3989 1163 4050 rei

95 4086 188 4174 «plns
207 4085 273 4148 sint
289 4085 433 4166 solliciti,
452 4086 571 4172 quibus
586 4084 730 4163 ejusdem
751 4085 886 4149 interitu
904 4083 996 4170 plura
1011 4084 1077 4148 sint
1088 4110 1164 4175 per·

95 4189 203 4250 «itura
229 4185 425 4251 commoda:
450 4209 556 4274 neque
579 4185 666 4250 credi
689 4208 804 4274 posse,
833 4184 1030 4264 majestatem
1052 4191 1164 4276 populi

94 4287 242 4350 «romani
261 4288 414 4374 cuiquam
432 4287 545 4368 majori
562 4310 648 4352 curte
667 4287 754 4368 fore,
774 4309 871 4374 quam
889 4285 1033 4367 senatui,
1049 4286 1166 4377 inquo

94 4420 107 4441 ιι
116 4388 290 4468 majestatis
314 4387 383 4466 ejus
402 4388 572 4452 universus
590 4388 691 4453 ferme
707 4387 861 4476 splendor
874 4386 1040 4476 refulgeat.
