2594 4980
249 733 300 798 IN
330 730 442 797 LOC.
471 730 564 796 LIB.
590 728 734 795 LXVII
762 729 977 797 LIVIANI.
1075 723 1146 822 539

86 851 343 942 bue1·at;·nesic
360 848 491 936 quidem
511 849 600 912 omni
620 848 804 913 studiorum
827 848 995 913 deficiente
1015 848 1143 930 sructu,

86 951 231 1036 quamvis
251 952 284 1012 in
303 973 421 1013 vanum
442 949 610 1039 ingenium
629 948 818 1014 inciderant.
835 950 917 1013 Nam
935 949 1077 1014 Athenas
1094 972 1145 1014 re·

86 1076 195 1115 versus
218 1053 402 1138 aequissimo
425 1053 533 1137 animo
552 1050 858 1141 plrilosophebatur3
877 1051 1046 1137 satirisque
1064 1050 1145 1113 luci·

85 1154 172 1215 liano
186 1154 269 1240 stylo
292 1153 487 1233 scribendis,
505 1176 595 1216 suam
617 1154 737 1240 pariter
758 1153 959 1240 alienamque
978 1151 1145 1215 stultitiam

86 1253 320 1316 transducebat.

129 1355 210 1416 LlV.
226 1354 288 1416 Sed
302 1355 404 1433 majus
417 1355 581 1442 aliquanto
600 1372 780 1436 certamen,
796 1372 829 1419 et
842 1356 994 1421 adversus
1008 1354 1145 1434 majores

86 1458 169 1517 viros
189 1455 303 1518 eodem
326 1478 413 1519 anno
434 1461 494 1520 Cn.
509 1457 670 1521 Domitius
693 1457 929 1521 Ahenobarbus
950 1455 1144 1533 commovit,

85 1556 129 1618 M.
142 1557 238 1619 lunio
256 1557 380 1636 Silano,
398 1556 514 1621 deinde
533 1558 670 1645 principi
682 1575 811 1622 senatus
824 1559 963 1637 Scauro,
979 1556 1031 1621 die
1047 1555 1143 1619 dicta.

84 1658 209 1719 Silanus
230 1657 354 1736 injussu
377 1659 489 1746 populi
508 1659 629 1723 collatis
650 1682 724 1722 cum
748 1659 843 1724 hoste
866 1658 1003 1721 barbaro
1026 1655 1144 1743 signis,

85 1761 251 1840 omnium,
277 1784 357 1847 quas
380 1760 498 1824 deinde
520 1762 642 1825 Cimbri
664 1762 867 1841 intulissent,
893 1758 1036 1823 cladium
1063 1779 1144 1843 prae·

85 1862 193 1925 buissc
218 1885 347 1926 causam
366 1864 571 1951 arguebatur.
596 1863 659 1927 Sed
680 1885 866 1951 quanquam
891 1859 1006 1924 tabella
1030 1856 1070 1920 de
1088 1878 1145 1919 reo

84 1961 156 2024 data
170 1980 252 2044 erat,
265 1964 452 2053 plenissime
462 1964 629 2028 absolutus
642 1980 706 2046 est,
720 1986 823 2052 quum
834 1962 905 2026 duae
918 1956 1145 2024 tantummodo

84 2063 203 2143 tribus,
220 2065 328 2151 Sergia
350 2082 382 2127 et
403 2066 561 2146 Quirina,
580 2066 754 2129 tristiorem
771 2062 964 2128 sententiam
983 2059 1142 2122 tulissent.

84 2163 146 2226 Sed
163 2166 245 2228 hanc
259 2168 497 2231 accusationem
511 2167 672 2231 Domitius
689 2165 892 2254 Egritonraro
903 2161 1009 2240 Gallo,
1024 2158 1145 2245 hospiti

83 2283 232 2351 paterno,
250 2265 375 2332 dedisse
392 2268 529 2349 dicitur,
549 2267 640 2356 quod
656 2289 731 2330 eum
747 2266 873 2329 Silanus
897 2262 1033 2327 Galliam
1056 2260 1142 2324 obti-

85 2389 163 2428 nens
182 2367 299 2445 injuria
321 2369 493 2434 affecerat:
514 2393 588 2435 cum
606 2370 725 2432 Scauro
744 2367 882 2454 propriae
903 2365 1023 2429 irarum
1041 2385 1144 2427 causae

83 2484 191 2547 erant,
206 2468 262 2531 sed
276 2469 343 2532 aliis
358 2471 466 2557 potior
478 2486 510 2533 et
524 2471 701 2547 recentior,
713 2467 802 2555 quod
817 2467 903 2530 illius
919 2489 1018 2553 opera
1028 2465 1143 2544 alium,

82 2592 178 2653 (quarn
196 2592 249 2648 se,
274 2571 305 2632 in
329 2571 427 2656 patris
444 2571 495 2632 sui
520 2570 629 2633 locuni
653 2590 808 2656 augurem
831 2581 1022 2654 cooptatum
1046 2565 1144 2627 fuisse

87 2668 245 2730 llomitius
261 2668 399 2731 dolebat.

127 2768 191 2829 LV.
206 2768 311 2854 Igitur
326 2767 471 2845 objecto,
482 2788 573 2828 sacra
582 2765 711 2852 publica
718 2767 833 2853 populi
846 2767 973 2829 romani
979 2764 1073 2827 deum
1086 2765 1145 2828 Po·

83 2870 203 2929 notitam
211 2915 220 2946 ,
238 2890 310 2953 quoe
325 2864 590 2952 Laviniiflereat,
608 2889 701 2954 opera
715 2867 778 2955 q‘us
793 2871 895 2929 mimis
909 2882 990 2929 recte
1001 2881 1145 2954 casteque

70 2965 168 3053 fieri,
185 2967 252 3030 alia
266 2991 390 3056 quoque
406 2991 496 3030 sacra
508 2968 623 3056 populi
632 2971 758 3031 romani
768 2967 868 3030 ntulta
886 2967 1048 3030 deminum
1061 2989 1141 3046 esse,

84 3087 115 3132 et
140 3071 292 3132 mulctam
314 3070 484 3158 irrogavit,
504 3085 535 3132 et
553 3092 678 3132 summa
696 3070 907 3133 contentione
923 3091 1014 3132 reum
1032 3068 1143 3156 oppii-

83 3195 169 3234 mere
184 3172 318 3235 studuit.
336 3173 412 3254 Quo
427 3172 538 3251 majori
557 3171 672 3234 merito
691 3171 847 3235 celebrata
863 3173 932 3252 ejus
943 3169 1066 3250 justitia
1079 3180 1143 3249 est‘,

82 3272 171 3359 quod
187 3272 227 3335 ad
244 3296 277 3337 se
294 3273 478 3337 venientem
501 3273 611 3341 Scauri
637 3296 782 3354 servum,
802 3273 970 3359 multaque
992 3271 1061 3335 lteri
1080 3271 1143 3334 cri·

84 3375 168 3436 mina
194 3374 412 3457 deferentem,
435 3399 495 3439 nec
517 3375 629 3439 audire
653 3375 775 3456 voluit,
796 3391 828 3440 et
847 3374 954 3439 statim
972 3371 1084 3437 reduci
1101 3369 1144 3436 ad

83 3476 238 3537 Scaurum
258 3478 362 3556 jussit.
384 3477 465 3543 lude
488 3477 630 3557 facturn,
656 3493 692 3541 nt
719 3477 802 3541 forte
830 3476 938 3540 minus
965 3475 1144 3539 instructus

83 3577 238 3637 Scaurum
254 3577 405 3641 damnare
422 3603 487 3642 non
504 3593 631 3666 posset;
649 3594 696 3659 at,
712 3575 802 3665 quod
818 3575 1084 3664 anteponendum
1098 3575 1143 3640 illi

82 3675 241 3739 desiderio
258 3678 335 3758 tuit,
351 3679 477 3743 laudem
494 3680 581 3767 apud
594 3702 725 3761 omnes,
740 3695 933 3765 tantumque
946 3701 1021 3742 mox
1034 3678 1142 3766 gratiae

84 3776 258 3857 inveniret,
276 3794 314 3839 ut
335 3795 368 3841 et
387 3779 526 3867 legitima
542 3796 633 3844 aetate
647 3779 763 3843 consul
777 3801 977 3866 censorque,
991 3796 1024 3844 et
1037 3778 1144 3841 adhuc

84 3877 351 3965 tribunusplebis
374 3883 518 3965 pontifex
536 3882 696 3945 maximus
719 3896 905 3945 crearetur:
922 3878 1141 3973 quodxtamen

83 3979 178 4041 etiam
195 3978 363 4066 praemium
378 3980 446 4042 latae
465 3981 497 4044 in
513 3983 681 4047 tribunatu
697 3982 776 4071 legis
791 3982 863 4046 fuit.

117 4143 133 4207 5
148 4145 213 4191 Llll.
226 4143 277 4192 cte.
288 4144 362 4189 Tusc.
374 4144 503 4204 Questv,
513 4145 553 4204 37.
571 4172 606 4180 -
619 4146 717 4204 Varro,
730 4146 809 4194 delle
823 4147 927 4205 mistica,
942 4146 993 4201 tn,
1010 4144 1143 4193 r.-Vel1.

83 4230 121 4283 ll,
140 4243 178 4275 ια.
192 4253 228 4263 -
241 4229 332 4274 Aaron.
345 4227 371 4272 in
385 4226 462 4272 Corn.
474 4253 509 4262 —
522 4225 613 4291 §1st
627 4228 681 4277 cie.
692 4228 800 4277 nivino.
810 4246 864 4295 cap.
877 4228 1145 4288 20;Verr.11,4q,0t

82 4327 128 4373 pro
140 4310 166 4359 ll.
179 4312 260 4370 Dejot.
270 4327 323 4374 cap.
336 4327 375 4356 ιι.
385 4337 418 4345 -
429 4313 519 4356 Ascon.
531 4310 558 4358 in
572 4313 655 4359 Seaur.
672 4338 709 4349 -
723 4314 824 4362 Sueten.
834 4314 861 4361 tn
870 4311 929 4361 Ner.
939 4326 993 4376 esp.
1003 4326 1029 4359 a.
1043 4336 1079 4347 —-
1087 4311 1141 4359 Vel.

83 4395 150 4439 Max.
161 4396 208 4451 vt,
221 4395 244 4441 5.
256 4421 289 4430 -
301 4392 403 4439 Diodor.
413 4393 479 4456 apud
486 4394 567 4443 Vates.
579 4422 613 4431 -
627 4394 643 4460 s
654 4396 704 4443 LV.
715 4395 769 4443 vat.
782 4398 849 4444 Max.
860 4423 894 4433 -
907 4395 959 4442 biv.
969 4392 1035 4459 ltpit.
1044 4419 1078 4430 ·-
1089 4393 1142 4442 cic.

85 4473 113 4520 tle
122 4476 167 4538 leg.
180 4481 265 4541 Agrar.
276 4479 316 4536 11,
329 4493 353 4536 7,
362 4489 387 4526 et
396 4493 442 4541 pro
451 4479 526 4528 com.
536 4478 621 4528 Ralbo.
629 4507 661 4519 -
673 4482 773 4528 sueton
783 4480 810 4527 in
823 4478 882 4529 Ner.
896 4494 950 4543 up.
962 4493 986 4526 a.
