2594 4980
275 700 327 767 IN
357 697 473 765 LOC.
499 698 589 765 LIB.
617 698 784 765 LXVIII
816 698 1030 765 LIV-IANI.
1116 692 1184 793 567

122 821 161 882 tis
178 820 344 882 Ilumanus
366 816 594 898 abscindebat,
614 817 806 906 legationem
824 816 865 879 ad
881 816 1021 881 Marium
1042 840 1117 882 cum
1135 818 1188 883 bis

122 918 280 983 mandatis
297 919 464 981 miserunt.

166 1020 277 1083 LXVI.
296 1019 512 1082 «illaritorum
527 1034 714 1082 nostrorum
732 1019 866 1082 interitu
884 1041 944 1083 nec
964 1036 1013 1100 te,
1033 1043 1091 1084 nec
1108 1021 1186 1087 deos

121 1155 134 1176 ιι
146 1123 349 1199 incusamus,
361 1121 538 1207 Imperator
551 1143 559 1184 :
576 1136 613 1183 tu
623 1120 732 1183 hostes
741 1136 817 1183 tuos
826 1121 1002 1209 superasti3
1017 1119 1078 1183 diis
1090 1120 1186 1185 etiatu

120 1220 290 1285 «habenda
308 1221 408 1311 gratia
422 1238 488 1304 est,
506 1220 595 1308 quod
609 1221 801 1285 fortissimos
812 1221 915 1302 viros,
932 1242 1036 1309 quum
1052 1221 1188 1285 immor·

121 1326 222 1389 «tales
242 1346 312 1388 esse
336 1325 525 1412 nequirent,
545 1347 612 1388 non
629 1347 647 1386 a
666 1324 720 1387 vili
739 1324 845 1410 aliqua
861 1324 992 1388 natione
1016 1339 1072 1386 aut
1088 1322 1187 1397 duce,

121 1461 133 1482 ιι
144 1427 201 1490 scd
212 1451 230 1490 a
242 1443 273 1489 te
282 1428 368 1491 vinci
380 1428 573 1506 voluerunt,
589 1448 685 1513 quern
698 1425 841 1514 populus
853 1446 1024 1504 romanus,
1037 1424 1189 1510 antiquis·

123 1530 226 1592 «sima
244 1528 317 1592 belli
333 1529 436 1617 gloria
452 1529 663 1616 praefulgens,
683 1549 751 1591 non
776 1528 938 1592 refecisset
955 1527 1050 1590 toties
1069 1548 1188 1591 consu·

121 1632 225 1712 «lem,
243 1633 268 1694 si
285 1632 384 1695 alium
401 1632 520 1695 virtute
534 1631 696 1719 potiorem
713 1629 888 1693 habuisset.
908 1631 1069 1691 Caeterum
1086 1644 1124 1692 ut
1138 1628 1188 1691 vi·

121 1734 225 1797 «cisse
236 1733 339 1813 viros,
351 1733 421 1795 viro
431 1734 607 1821 gloriosum
619 1757 627 1811 3
643 1733 686 1796 ita
704 1754 770 1820 quo
787 1732 925 1819 quisque
938 1746 987 1794 est
997 1730 1190 1812 bellicosior,

121 1835 258 1914 «majori
273 1832 477 1922 turpitudine
492 1856 568 1898 curn
586 1834 714 1897 feminis
730 1847 865 1922 pugnat.

164 1937 295 2000 LXVII.
311 1967 323 1990 «
334 1936 449 2022 Neque
459 1958 536 1998 vero
549 1953 681 2022 aequum
694 1950 758 2015 est,
771 1933 961 1996 innocentes
972 1931 1075 1995 aliena
1085 1928 1191 2018 perire

121 2069 133 2091 ιι
145 2037 237 2126 culpa
251 2061 258 2100 :
274 2036 405 2125 quodsi
423 2039 506 2124 passi
525 2037 676 2116 injuriam
691 2059 709 2100 a
725 2035 801 2098 viris
818 2034 937 2097 nostris
958 2033 1049 2112 estis,
1064 2031 1191 2095 habetis

121 2138 336 2217 «vindictam,
350 2160 413 2225 qua
424 2137 639 2201 crudeliorem
658 2152 771 2226 optare
788 2135 1007 2199 inhumanum
1025 2148 1124 2213 esset,
1139 2148 1190 2197 tot

121 2239 280 2302 «concisis
294 2239 502 2301 Cimbrorum
517 2238 676 2318 millibus,
691 2251 741 2301 tot
753 2237 786 2300 in
800 2236 1017 2323 captivitatem
1032 2234 1190 2300 reductis:

122 2372 133 2394 ι
146 2362 205 2402 nos
215 2338 295 2426 quid
309 2340 583 2421 commeruimus,
597 2337 689 2425 quod
702 2360 740 2401 er
754 2339 841 2425 lege,
856 2358 955 2425 quam
972 2337 1062 2400 sexui
1078 2352 1191 2401 nostro

121 2455 258 2504 «natura
275 2439 424 2519 dictavit,
440 2441 528 2503 viros
544 2454 690 2527 sequutae
712 2438 770 2501 has
792 2438 825 2499 in
848 2452 949 2501 terras
973 2439 1193 2501 accessimus?

122 2564 205 2605 «nec
221 2542 246 2604 si
266 2540 338 2620 jura
362 2541 529 2629 gentium,
544 2537 706 2626 quidquid
725 2538 802 2600 victi
825 2536 955 2615 fuisset,
975 2535 1044 2599 lieri
1061 2536 1191 2600 victoris

123 2644 335 2720 «voluerunt,
351 2641 456 2704 eidem
469 2638 692 2716 intercedunt,
706 2658 774 2723 quo
786 2636 896 2699 rninus
904 2637 977 2715 jure
987 2658 1065 2716 suo,
1079 2653 1116 2699 ut
1129 2658 1195 2700 ma·

123 2765 285 2829 agnorum
300 2741 484 2804 animorum
499 2738 594 2801 insita
610 2734 829 2799 misericordia
840 2734 979 2824 dignum
991 2751 1058 2815 est,
1069 2750 1190 2801 utatur.

167 2841 312 2905 LXVIII.
329 2842 462 2921 «Quare
478 2862 594 2928 magua
609 2836 704 2900 nobis
721 2858 793 2924 spes
810 2851 876 2918 est,
893 2854 944 2917 te,
959 2852 1035 2924 post
1047 2838 1191 2901 excisum

123 2974 134 2996 ι
146 2959 194 3006 tot
210 2941 357 3030 gentium
375 2956 531 3004 terrorem
545 2937 586 3003 ad
600 2960 769 3002 summum
783 2938 893 3027 gloriae
909 2938 1037 3001 culmen
1054 2938 1192 3020 elatum,

123 3043 271 3105 «virtutis
289 3056 382 3130 parto
405 3041 531 3131 egregie
552 3039 662 3104 decori
687 3039 920 3120 adiuncturum
944 3062 1014 3104 esse
1034 3040 1191 3105 illustrem

124 3142 324 3207 aelementiae
340 3143 468 3206 famam.
489 3143 566 3206 Haec
583 3139 665 3205 adeo
683 3158 716 3206 te
732 3158 973 3229 consequetur,
991 3143 1016 3205 si
1033 3164 1051 3205 a
1071 3144 1192 3207 nostris

124 3245 337 3333 «corporibus
356 3245 421 3307 vim
438 3243 701 3331 utque·injuriam
718 3242 922 3307 abstinueris.
939 3242 1040 3325 Quod
1054 3243 1081 3306 si
1095 3242 1192 3307 liber-

124 3378 134 3399 ιι
147 3364 245 3410 tatem
264 3347 421 3435 integram
445 3346 579 3426 abnuis,
596 3360 629 3407 at
643 3340 748 3408 'lestae
769 3367 830 3408 nos
849 3343 1071 3409 sacerdotibus
1087 3342 1191 3424 dona,

93 3495 98 3503 .
124 3472 213 3533 «quo
237 3449 349 3511 saltem
373 3448 553 3537 virginibus
575 3462 608 3510 ct
626 3447 740 3528 sacris,
759 3447 828 3534 pari
848 3445 1003 3510 castitatis
1023 3443 1187 3509 servande

125 3578 136 3600 ιι
149 3548 237 3636 lege,
253 3548 440 3613 serviamus.

169 3649 284 3712 LXIX.
304 3680 317 3704 ι
328 3650 379 3712 Sic
395 3652 483 3713 enim
501 3666 578 3714 sunt
594 3670 701 3712 mores
719 3649 844 3712 nostri:
860 3648 1042 3711 libertatem
1058 3664 1133 3711 ante
1143 3648 1190 3710 vi·

125 3781 136 3802 ιι
147 3766 229 3830 tam,
247 3748 434 3837 pudicitiam
453 3766 527 3815 ante
548 3766 701 3837 utrasque
720 3749 883 3836 ponimus.
906 3747 1068 3813 Audimus
1080 3749 1190 3836 profe-

125 3869 218 3935 «cto,
235 3851 378 3915 numinis
400 3852 472 3915 loco
493 3851 581 3939 apud
605 3854 771 3915 Romanos
792 3849 983 3938 pudicitiam
1006 3850 1093 3913 coli:
1113 3847 1191 3911 huie

126 3987 137 4007 ι
149 3977 217 4016 aras
227 3975 310 4033 esse,
320 3953 493 4016 huicsacra
501 3954 676 4016 constituta
688 3975 695 4015 :
712 3952 880 4016 vestalium
889 3967 997 4016 autern
1009 3948 1189 4013 sacerdotio

126 4055 274 4118 «nullum
295 4055 329 4115 in
358 4053 439 4116 urbe
461 4068 565 4117 vestra
583 4054 707 4117 censeri
730 4052 891 4132 sanctius,
907 4051 1037 4143 diisque
1055 4048 1186 4139 g'mtim.

126 4157 251 4246 «Igitur
268 4176 335 4217 non
350 4178 368 4218 a
381 4154 477 4217 nobis
490 4154 736 4235 tantummodo,
754 4153 857 4217 sedet
872 4154 913 4216 ab
928 4152 1016 4216 hisce
1029 4148 1188 4239 proficisci

125 4287 137 4307 ι·
149 4281 259 4345 preces
276 4258 352 4321 istas
370 4271 448 4344 puta
463 4279 470 4319 :
487 4255 534 4318 sic
555 4256 613 4320 tibi
628 4255 821 4320 Pudicitiam
842 4255 966 4335 dicere,
988 4275 1060 4341 quae
1077 4254 1188 4317 castis·

160 4445 303 4509 suxvnt.
314 4449 386 4495 Oros.
399 4473 432 4482 -
441 4444 499 4495 Val.
510 4445 633 4503 ManI,
646 4449 711 4504 r,.3.
722 4475 758 4485 -
772 4447 825 4497 Liv.
835 4448 874 4503 Χ,
889 4447 933 4495 23.
