2594 4980
11 651 13 655 Α
119 729 167 801 92
297 706 368 774 ro.
394 704 733 776 rnnrusmnun
764 702 1010 775 surenam.

121 828 230 911 «lere,
249 827 391 891 mulctati
407 849 427 890 a
444 826 540 890 nobis
557 825 710 891 Sardiniae
724 826 927 915 possessione
940 824 1017 889 estis
1035 810 1050 890 ί
1059 824 1103 889 ita
1121 847 1136 912 p

120 958 133 983 s
143 929 207 992 hoc
221 926 308 992 idem
326 950 413 992 mare
427 942 460 992 et
467 926 614 992 Sardinia
626 928 718 993 vobis
728 927 834 1017 periit.
851 926 927 1005 Ejus
943 926 1029 990 enim
1043 926 1136 990 beer

119 1044 216 1093 «tura
235 1044 301 1111 est,
323 1044 376 1111 ut,
396 1030 552 1117 quoniam
570 1028 612 1093 ad
630 1051 708 1118 opes
726 1028 870 1094 celeriter
884 1026 1088 1118 adaugendas
1102 1026 1136 1090 ni

121 1158 134 1185 α
145 1144 192 1193 est
204 1131 436 1217 quaestuosius,
445 1130 565 1218 quibus
575 1130 753 1220 plurimum
764 1129 845 1194 lucri
858 1129 1013 1211 contulit,
1022 1129 1095 1219 plus
1104 1149 1136 1194 se

48 1237 55 1251 ⁹
121 1251 202 1317 ·per
217 1229 398 1296 desiderare
410 1247 515 1322 cogat.

163 1332 267 1397 XXV.
287 1337 417 1422 «Atque
435 1333 499 1399 hoc
517 1349 549 1398 et
566 1333 819 1399 Atheniensibus
834 1329 970 1413 accidit,
987 1329 1136 1396 doneccl

118 1431 230 1497 «sibus
253 1434 469 1518 studuerunt,
490 1451 528 1499 ut
550 1457 648 1524 parvo
671 1434 826 1523 temporis
847 1433 951 1522 spatio
973 1432 1136 1496 tollereutt

118 1533 369 1622 uenderentque.
386 1536 512 1602 Similes
527 1553 606 1602 sunt
620 1537 707 1601 enim
723 1535 920 1600 mereatoriis
934 1534 1087 1598 maritimi
1099 1556 1136 1622 qu

118 1651 231 1718 «stirs,
255 1636 289 1701 in
311 1638 431 1726 quibus
456 1655 568 1727 neque
585 1639 677 1704 lucro
698 1637 818 1718 ferme,
840 1655 947 1724 neque
968 1633 1136 1700 detriment

117 1735 297 1802 «mediocri
311 1740 403 1803 locus
426 1754 485 1805 est.
502 1739 578 1804 Illos
599 1737 771 1827 equidem,
791 1752 829 1801 ut
846 1737 950 1817 scitis,
965 1736 1104 1824 imperio
1125 1759 1136 1800 a

118 1836 342 1922 «blandiente,
360 1841 394 1904 in
418 1841 557 1906 Siciliam
575 1862 680 1928 usque
701 1837 856 1928 pertraxit
877 1837 1055 1926 cupiditas3
1077 1858 1136 1924 neq

117 1936 229 2024 «prius
246 1938 361 2004 missos
375 1939 468 2023 fecit,
485 1963 583 2028 quam
596 1940 687 2005 omni
700 1939 847 2027 potentia
858 1938 963 2018 exuti,
978 1960 1136 2026 navesque

118 2053 255 2124 «portus
270 2039 448 2107 victoribus
468 2041 611 2123 tradere,
630 2040 816 2130 praesidium
835 2041 869 2104 in
888 2040 1006 2127 urbem
1021 2039 1136 2128 accipe]

117 2166 130 2191 s
140 2161 252 2206 muros
266 2142 381 2231 longos
394 2142 462 2208 suis
478 2142 628 2207 manibus
643 2141 773 2207 diruere
787 2142 906 2224 coacti,
923 2142 1015 2230 quasi
1030 2141 1136 2206 medit

118 2243 229 2306 «ranei
246 2244 335 2309 victu
351 2245 564 2332 moribusque
583 2267 653 2309 esse
673 2259 857 2333 coeperunt,
877 2267 936 2333 per
954 2265 1052 2332 quam
1068 2243 1136 2308 dein

116 2371 129 2395 «
139 2345 253 2409 mutati
266 2362 368 2410 status
383 2345 648 2434 tranquillitatem
667 2345 847 2411 diutissime
860 2362 983 2411 servata
996 2361 1045 2410 est
1062 2345 1136 2410 civit

116 2445 347 2511 «Constantior
364 2448 470 2531 enim,
484 2448 785 2538 Carthaginienses,
798 2448 833 2512 in
847 2447 1028 2512 continenti
1039 2447 1136 2512 homi

115 2545 199 2611 «bus
210 2549 275 2621 rita
286 2565 349 2631 est,
361 2573 450 2637 quae,
462 2571 522 2638 per
531 2549 733 2642 agriurlturae
744 2549 869 2614 labores
882 2549 1010 2613 silentio
1021 2548 1136 2615 traduc

115 2680 128 2704 «ι
138 2650 298 2714 minorem
315 2649 399 2715 forte
415 2667 592 2738 quaestum,
612 2650 669 2716 sed
687 2651 857 2716 certiorem
876 2665 973 2738 atque
987 2649 1136 2715 securior

116 2780 129 2804 «
139 2750 279 2815 exhibet.
293 2750 376 2815 Mihi
394 2752 527 2841 quidem
547 2752 656 2818 civitas
673 2753 834 2818 maritima
849 2752 960 2817 similis
977 2752 1136 2816 omnino]

115 2881 128 2905 s
137 2850 224 2940 rigio
238 2851 377 2936 videtur,
391 2855 483 2943 quod
496 2878 563 2921 non
579 2856 688 2920 minus
704 2856 849 2945 exposita
863 2853 1012 2942 periculis
1030 2868 1063 2916 et
1076 2876 1134 2917 mu

114 2953 297 3036 «tionibus,
312 2979 410 3045 quam
426 2957 515 3023 istud
526 2958 629 3022 ventis
641 2954 877 3043 fluctibusque,
889 2955 931 3019 sit
943 2978 951 3020 ε
964 2954 1062 3019 urbes
1075 2973 1136 3020 aut

114 3057 397 3141 «mediterranea,
413 3057 690 3147 quemadmodum
703 3058 773 3146 ipsa
786 3073 887 3138 terra,
906 3056 1027 3119 rariore
1045 3071 1136 3120 motu

115 3158 347 3226 «clementiore
362 3175 631 3247 conquassantur.
646 3160 738 3221 Hanc
753 3157 796 3221 ob
815 3180 944 3221 causam
961 3172 1086 3219 veteres
1100 3179 1136 3244 qt

115 3287 128 3312 s
137 3280 202 3345 que
218 3262 312 3349 regiae
328 3281 442 3324 omnes
459 3258 700 3323 mediterraneae
715 3275 824 3342 erant3
838 3273 871 3323 et
885 3258 928 3323 ob
942 3259 1026 3322 hanc
1045 3259 1136 3322 maxi]

115 3377 310 3425 «creverunt
324 3359 461 3448 opibus,
477 3375 516 3423 ut
530 3358 722 3444 Medorum,
737 3360 1011 3449 Assyriorumque
1025 3374 1059 3421 et
1069 3359 1136 3423 Per.

114 3494 127 3517 ιι
138 3485 230 3543 rum,
250 3463 448 3549 aliarumque
464 3461 610 3551 gentium
623 3461 767 3526 historiae
781 3476 951 3526 testantur.

157 3564 279 3629 xxvi.
299 3561 385 3626 «Sed
408 3561 495 3651 regia
513 3559 646 3650 quidem
663 3562 824 3651 exempla,
847 3581 918 3646 quae
935 3581 1052 3645 parum
1068 3555 1112 3621 ad
1126 3579 1136 3618 r

114 3665 201 3728 «hoc
218 3678 365 3751 tempore
380 3663 536 3745 attinent,
548 3664 758 3751 praetermitto
770 3686 778 3727 :
792 3676 969 3725 vosautem
982 3658 1123 3722 Africam
1135 3682 1136 3689 ¹

114 3783 236 3831 «stram
257 3767 449 3848 intuemini,
468 3765 527 3831 ubi
542 3766 634 3830 vobis
650 3765 761 3830 licebit
783 3762 923 3850 deligere
942 3761 1083 3841 vicinos,
1101 3783 1136 3848 qr

115 3901 128 3926 «ι
138 3867 341 3956 optaveritis,
353 3869 450 3932 simul
460 3868 591 3943 aberitis
604 3891 623 3932 a
634 3881 811 3954 conspectu
824 3887 938 3928 eorum
950 3913 959 3946 ,
971 3885 1043 3951 quae
1056 3863 1136 3926 anin

115 3985 260 4034 «vestros
276 3969 499 4036 recordatione
510 3970 746 4058 praeteritorum
760 3968 961 4048 excruciant3
975 3988 1065 4028 nunc
1077 3966 1136 4028 eni:

116 4070 267 4158 «quoties
286 4094 425 4137 vacuum
442 4071 578 4137 navibus
595 4093 683 4134 mare
704 4067 887 4158 adspicitis,
904 4067 1085 4147 navalium,
1105 4089 1136 4154 qt

114 4173 314 4258 «habuistis,
329 4175 495 4263 copiarum
509 4170 766 4263 magnitudinem
781 4170 943 4259 cogitatis,
959 4184 992 4232 et
1004 4184 1136 4256 reporta

115 4308 128 4332 «
138 4300 176 4343 ex
193 4277 355 4368 loginquis
368 4276 557 4366 regionibus
573 4273 762 4365 manubias,
775 4289 808 4338 et
819 4287 990 4362 portuum,
1004 4270 1133 4336 navaliu

152 4477 275 4545 §mlh
287 4479 340 4529 Cic.
352 4477 382 4526 de
395 4476 468 4527 offic.
479 4479 507 4536 ἲ,
521 4493 545 4525 a.
