2594 4980
147 678 218 758 402
328 674 765 742 Jo.rau1usnuu11
794 675 1040 746 superant.

148 797 218 884 plo,
235 811 311 882 post
328 794 528 858 luxuriosam
545 793 812 877 adolescentiam,
830 810 922 859 aetate
945 812 1071 860 matura
1091 797 1130 867 in
1149 819 1227 863 me·

146 898 208 961 lius
230 896 415 983 profectus,
446 897 508 958 fuit
531 919 538 958 :
562 894 712 981 belloque
738 916 775 956 ac
798 914 876 982 pace
901 894 1057 984 insignis,
1080 899 1226 989 egregiis

145 997 313 1078 laudibus,
330 1013 361 1059 et
378 996 580 1082 Allobrogici
591 1011 810 1085 cognomento
828 995 932 1084 gentis
948 997 1054 1075 Fabiae
1070 1014 1225 1067 veterem

144 1100 279 1189 gloriam
293 1099 401 1178 auxit,
422 1099 518 1161 etiarn
538 1097 656 1185 opibus
671 1096 792 1160 virtute
805 1095 1024 1183 amplificatis,
1039 1101 1224 1187 ut‘primus

144 1202 293 1265 omnium
312 1201 437 1287 argenti
454 1200 540 1261 mille
556 1197 669 1285 pondo
683 1195 874 1285 possideret.

188 1303 338 1366 LXXIII.
355 1302 403 1364 Ab
414 1302 477 1363 lroc
489 1302 588 1388 igitur
598 1316 631 1363 et
643 1301 701 1363 Cn.
710 1299 855 1363 Domitio
866 1297 1100 1369 decedentibus
1112 1325 1223 1390 quum

142 1406 341 1492 provinciam
369 1404 403 1466 P.
425 1403 578 1465 Manilius
601 1402 717 1464 consul
739 1402 934 1489 accepisset,
957 1401 1026 1466 duo
1048 1403 1221 1491 splendidi

143 1504 300 1593 triumphi
319 1507 430 1567 llornae
453 1527 491 1565 ex
512 1501 705 1589 transalpina
727 1501 827 1566 Galba
854 1504 990 1591 spectati
1012 1520 1099 1568 sunt.
1120 1506 1223 1573 Prior

144 1607 185 1688 Q.
202 1605 321 1668 Fabius
344 1604 504 1668 Maximus
527 1604 568 1667 de
590 1602 822 1692 Allobrogibus
848 1618 881 1667 et
899 1626 974 1695 rege
990 1607 1221 1675 Arvernorum

141 1708 263 1770 bituito
281 1706 503 1792 triumphavit.
524 1705 628 1768 Multa
644 1720 681 1768 ut
699 1727 739 1769 ex
752 1704 918 1779 ditissimis
932 1706 1085 1795 gentibus
1107 1725 1220 1775 trans-

142 1824 233 1872 vecta
247 1807 367 1895 spolia,
385 1807 476 1894 signa
494 1806 659 1886 militaria,
674 1827 806 1886 currus,
826 1821 960 1894 torques
980 1809 1097 1877 aurei:
1117 1812 1219 1892 multi

142 1909 413 1997 insignescaptivi
426 1926 500 1972 ante
518 1930 651 1971 currum
667 1906 767 1971 ducti.
783 1906 847 1970 Sed
858 1908 1007 1972 omnium
1024 1910 1109 1976 inse
1124 1934 1221 1977 aver·

141 2010 181 2074 tit
195 2011 306 2073 oculos
319 2012 387 2097 ipse
399 2012 554 2091 Bituitus,
569 2009 750 2098 praestantia
766 2008 877 2072 Iormae
889 2009 1070 2098 habituque
1082 2015 1218 2103 conspi-

52 2121 54 2127 ’
140 2136 242 2194 cuus,
262 2136 364 2199 quum
385 2112 600 2175 discoloribus
616 2112 649 2174 in
667 2111 783 2191 armis,
798 2125 1019 2200 argenteoque
1035 2130 1216 2214 carpento,

140 2215 242 2301 qualis
259 2230 473 2301 pugnaverat,
491 2213 764 2277 transduceretur.

182 2317 329 2380 LXXIV.
351 2317 385 2378 P.
397 2316 584 2395 Manilium,
604 2317 640 2377 C.
652 2312 835 2377 Carbonem
851 2313 1001 2378 consules
1016 2313 1052 2378 L.
1065 2315 1215 2382 Caecilius

137 2418 303 2498 Metellus,
321 2419 356 2481 L.
371 2418 521 2480 Aurelius
540 2418 633 2478 Cotta
649 2431 843 2502 sequuntur.
865 2417 982 2478 Annus
1001 2414 1098 2490 solito
1116 2418 1214 2504 quie.

137 2519 201 2580 tior
220 2519 297 2580 foris
315 2518 396 2598 fuit,
412 2533 522 2604 pacata
538 2539 651 2580 recens
664 2515 780 2596 Gallia,
798 2537 857 2577 nec
871 2516 939 2579 ullo
956 2516 1033 2579 alibi
1048 2539 1214 2582 memora·

137 2619 192 2682 bili
207 2620 302 2682 bello.
320 2621 462 2681 Tantum
478 2619 669 2706 Segestanos
680 2617 730 2680 his
744 2616 935 2680 consulibus
945 2617 979 2679 in
992 2617 1092 2681 fidem
1103 2619 1214 2684 renis·

136 2745 188 2802 se,
202 2722 364 2784 incertum
373 2722 492 2807 quibus
504 2721 608 2783 causis
618 2719 861 2799 auctoribusve,
872 2710 1010 2806 reperio.
1026 2709 1212 2785 Carnorum

135 2824 265 2911 Segeste
284 2839 349 2902 est,
367 2839 556 2909 opportuno
573 2837 686 2884 contra
702 2821 823 2884 vicinas
842 2836 952 2909 gentes
972 2820 1055 2903 situ,
1070 2819 1112 2884 ad
1127 2844 1211 2886 eon-

136 2921 274 2986 fluentes
289 2922 469 2985 multorum
490 2923 633 2985 amnium
654 2921 902 3012 navigabiliuur‚
918 2944 1057 3008 quarum
1072 2922 1211 2988 nobilis·

135 3025 208 3088 simi
229 3026 328 3087 Savus
355 3040 385 3085 et
407 3025 552 3101 Noarus,
578 3023 635 3110 qui
658 3022 776 3086 deinde
792 3022 826 3084 in
845 3023 966 3085 Istrum
987 3038 1116 3087 exeunt.
1138 3024 1211 3113 Op·

135 3126 249 3213 pidurn
272 3127 305 3188 in
327 3125 457 3210 planitie
480 3126 586 3203 jacet,
612 3146 710 3210 quam
730 3123 826 3211 Alpes
847 3122 991 3204 liniunt,
1010 3121 1051 3187 ad
1074 3141 1209 3214 gentem

134 3227 294 3313 lupodum
313 3226 411 3312 longo
430 3240 532 3285 tractu
552 3225 761 3309 pertinentes

178 3327 310 3388 LXXV.
332 3325 395 3387 Sed
414 3326 447 3384 in
466 3325 554 3386 Urbe
572 3324 720 3388 nondum
735 3326 810 3389 satis
823 3348 875 3389 res
889 3325 1123 3409 consederant,
1141 3327 1210 3393 fer·

134 3425 285 3488 ventibus
307 3425 436 3503 judiciis
455 3448 461 3487 :
482 3441 512 3486 et
536 3425 727 3488 sollicitabat
744 3426 894 3490 homines
911 3428 1044 3517 religi0,
1062 3427 1155 3515 quod
1173 3430 1209 3494 in

134 3548 211 3612 agro
230 3548 366 3587 romano
384 3543 531 3612 repertus
544 3542 627 3589 esset
644 3542 719 3590 octo
734 3550 897 3591 annorum
909 3529 1138 3618 androgynus,
1149 3530 1209 3595 foe-

134 3626 213 3690 dum
234 3651 270 3690 ac
294 3644 388 3713 turpe
405 3627 602 3714 prodigium.
620 3630 807 3716 Repetitum
825 3630 976 3717 igiturex
994 3632 1207 3720 haruspicum

134 3729 296 3815 responsis
310 3745 376 3808 est,
394 3746 450 3807 ut,
469 3730 523 3791 illo
537 3731 569 3792 in
588 3730 690 3793 altum
701 3729 866 3812 demerso,
881 3731 1021 3820 virgines
1035 3749 1086 3796 ter
1106 3756 1209 3798 nore-

135 3854 183 3893 nae
209 3854 267 3917 per
284 3831 403 3893 Urbem
421 3848 534 3893 euntes
552 3832 697 3894 solemne
718 3854 848 3894 carmen
864 3849 1027 3896 canerent.
1049 3833 1210 3899 Procura-

135 3949 243 3997 torum
263 3932 487 4019 prodigiorum
510 3956 588 3995 cura
612 3932 708 3995 levati
723 3931 823 3995 animi
842 3932 876 3993 in
896 3930 1057 4011 judicium
1076 3934 1115 3997 C.
1128 3936 1208 3999 Car·

168 4175 305 4238 §LXXII
327 4176 418 4222 Pedian
449 4176 475 4221 in
491 4176 561 4221 Verr.
584 4175 618 4222 II.
643 4201 677 4210 -
696 4173 712 4238 S
731 4175 849 4220 LXXIII.
874 4172 937 4220 Ptin.
961 4173 1094 4230 XXXIII,
1114 4188 1206 4222 11.-

133 4259 260 4322 Triumph.
279 4259 384 4322 Capitol.
408 4286 440 4293 —
459 4261 560 4321 Eutrop.
579 4283 615 4295 -
634 4257 697 4304 Flor.
717 4258 769 4314 Ill,
789 4273 814 4304 a.
835 4284 870 4293 -
885 4256 902 4321 S
915 4258 1032 4305 LXXIV.
1045 4259 1077 4306 U.
1092 4257 1122 4307 C.
1136 4258 1206 4317 633;

133 4343 162 4388 A.
178 4343 318 4401 C.119.-
332 4343 440 4404 Appian.
455 4342 524 4403 lllyr.
539 4368 573 4376 -
584 4340 647 4389 Plitt.
660 4341 712 4399 111,
729 4353 770 4401 19.
782 4367 819 4376 -
831 4338 911 4388 Sttsb.
923 4339 966 4387 lib.
977 4341 1023 4398 IV,
1036 4354 1093 4404 pag.
1106 4356 1167 4403 207,
1180 4353 1207 4390 et

133 4423 194 4482 Vll,
209 4441 264 4488 pag.
281 4427 329 4471 313
343 4436 366 4471 et
381 4426 439 4470 318.
