2594 4980
141 662 210 755 398
313 663 381 728 Jo.
410 661 754 729 risurusunurr
791 661 1032 730 surptuu.

137 816 150 840 ι
164 785 226 849 bus
250 785 384 872 posthac
412 784 446 844 in
475 783 601 845 civitate
624 783 715 845 locus
740 803 809 845 esse
836 782 948 868 possit
973 778 1073 861 Quod
1095 780 1123 844 si
1144 780 1216 846 hoc

138 887 277 949 «animo
300 902 355 949 aut
382 886 427 948 M.
451 886 570 947 Brutus
592 904 707 971 regum
730 898 895 970 tempore,
919 899 976 947 aut
1002 883 1036 944 in
1059 882 1215 948 libertate

138 987 204 1049 «C.
223 986 374 1049 Servilius
399 987 530 1064 fuisset,
557 1007 622 1048 non
651 1001 735 1049 esset
755 985 1012 1072 Tarquiniorum
1035 984 1214 1071 tyrannide

137 1116 150 1140 ιι
163 1104 336 1150 exonerata
353 1086 548 1174 respublica,
565 1102 621 1149 aut
637 1086 671 1148 ln
687 1083 854 1151 foediorem
871 1086 925 1174 Sp.
942 1085 1038 1149 Maelii
1057 1084 1213 1163 domina-

72 1202 74 1217 *
137 1220 150 1244 ιι
165 1206 236 1252 tum
256 1188 436 1266 recidisset,
458 1210 498 1248 ne
518 1187 696 1250 recentiora
713 1208 985 1263 commemorem,
1010 1209 1082 1274 quae
1102 1187 1212 1252 multo

135 1291 273 1353 «malim
293 1290 457 1353 oblivione
475 1289 612 1375 sepeliri.

178 1392 279 1455 LXII.
304 1420 317 1444 ι
333 1390 508 1453 Prohibere
533 1389 707 1453 seditiones
730 1412 767 1453 ac
789 1389 984 1471 discordias,
1007 1413 1134 1455 serrare
1151 1415 1212 1480 pa·

135 1523 148 1549 tt
164 1494 277 1574 triam,
299 1513 470 1555 occurrere
491 1492 661 1563 conatibus
684 1492 878 1578 impiorum,
893 1492 950 1578 qui
971 1493 1005 1554 in
1027 1492 1211 1580 perniciem

136 1627 148 1650 ιι
163 1598 232 1676 ejus
248 1597 494 1681 conspirarunt,
516 1596 603 1658 nulla
619 1595 689 1685 Iege
707 1595 865 1659 vetitum:
884 1617 991 1682 neque
1004 1596 1128 1666 violatae
1142 1595 1212 1661 dici

137 1711 319 1784 «possunt,
339 1695 501 1782 quidquid
518 1697 551 1758 in
570 1697 712 1784 speciem
730 1712 843 1760 contra
864 1697 946 1785 ipsas
963 1713 1071 1761 actum
1090 1698 1210 1779 fuerit,

136 1832 148 1855 ι
163 1801 190 1863 si
207 1801 299 1862 aliter
318 1798 420 1861 teneri
440 1798 524 1860 salus
542 1798 670 1886 publica
690 1822 755 1862 non
772 1799 898 1887 potuit,
917 1797 958 1862 ad
979 1820 1076 1887 quam
1096 1801 1210 1864 omnia

135 1933 148 1957 ι
162 1904 195 1965 in
214 1902 359 1979 civitate,
375 1918 407 1962 et
423 1916 497 1962 ante
514 1901 623 1962 omnia
639 1901 724 1989 leges
740 1901 833 1987 ipsae,
849 1900 1046 1964 referuntur.
1060 1899 1162 1981 Quod
1181 1902 1211 1965 si

136 2004 249 2092 aleges
275 2003 374 2066 semel
399 2001 477 2063 latas
502 2023 663 2087 nusquam
686 2001 875 2089 interruptis
898 2000 1063 2087 obsequiis
1087 2001 1210 2064 servari

137 2137 150 2162 ι
165 2120 312 2192 oportet,
332 2103 525 2188 nullumque
539 2102 583 2165 ob
599 2100 742 2189 pretium
758 2101 928 2166 necessitas
942 2102 1001 2164 ista
1017 2102 1209 2184 remittitur,

135 2206 241 2292 «quid
263 2206 324 2267 sibi
347 2205 463 2267 volunt
486 2202 616 2265 comitia
633 2219 758 2282 restra,
779 2204 939 2286 Quirites,
965 2202 1085 2289 quibus
1108 2202 1209 2267 toties

138 2338 150 2362 ι
164 2308 263 2369 solam
280 2306 363 2368 banc
380 2304 423 2367 ob
440 2326 569 2367 causam
587 2303 694 2384 coitis,
709 2320 746 2366 ut
759 2305 849 2391 prius
866 2305 1056 2384 constituta,
1070 2318 1209 2392 propter

135 2440 147 2462 ι
163 2431 252 2494 spem
269 2408 410 2493 aliquam
429 2406 557 2485 majoris
574 2405 721 2469 utilitatis
735 2428 820 2469 nova
834 2406 1002 2495 rogatione
1017 2405 1113 2470 rebus
1128 2427 1209 2494 prae·

135 2509 307 2571 «sentibus
325 2505 637 2571 accommodentur?

178 2611 296 2672 LXIII.
320 2609 404 2671 «Sin
428 2630 521 2688 vero,
548 2608 749 2696 temporibus
771 2608 957 2696 reipublicae
980 2607 1205 2689 mutantibus,

133 2745 143 2765 ι
159 2711 288 2775 easdem
301 2728 458 2798 perpetuo
474 2710 611 2773 retinere
624 2710 726 2799 leges,
739 2733 805 2775 non
819 2711 924 2774 solum
938 2707 1204 2789 Incommodum,

134 2813 219 2876 «sed
238 2813 333 2876 etiam
357 2814 506 2874 insanum
524 2827 589 2892 est3
607 2834 666 2875 cur
682 2835 764 2901 egre
782 2811 893 2890 fertis,
917 2833 984 2874 non
1003 2831 1203 2897 paucorum,

134 2948 145 2968 ι
162 2930 218 2976 aut
231 2913 476 3000 improborum,
490 2928 545 2974 aut
561 2913 673 2976 saltem
690 2913 915 3000 imperitorum
930 2912 1103 2976 homiuum
1117 2909 1205 2974 arbi·

133 3046 144 3065 ιι
161 3030 264 3093 tratu,
283 3012 339 3076 sed
354 3014 489 3076 consilio
505 3036 542 3075 ac
557 3013 729 3099 prudentia
743 3031 889 3095 senatus,
903 3036 1009 3099 neque
1023 3012 1147 3076 levibus
1162 3011 1204 3076 de

134 3148 145 3168 ιι
161 3116 282 3194 causis,
300 3113 357 3176 sed
376 3137 416 3176 ne
437 3137 565 3176 summa
583 3136 692 3177 rerum
714 3115 748 3177 in
770 3115 942 3179 discrimen
961 3114 1085 3194 veniat,
1102 3136 1202 3177 unam

133 3219 300 3302 «aliquam
316 3217 436 3304 legem,
453 3239 493 3278 ne
509 3232 633 3279 mutare
647 3215 797 3302 quidem,
815 3233 872 3280 aut
885 3216 1076 3305 infringere,
1087 3237 1201 3278 verum

135 3350 146 3371 ιι
162 3317 251 3404 quod
270 3318 321 3379 illa
338 3334 445 3378 vetare
462 3317 618 3397 videatur,
637 3317 671 3380 id
688 3340 728 3381 eo
742 3334 888 3406 tempore
901 3335 1050 3404 statuque
1066 3317 1203 3381 civitatis

133 3450 145 3473 «
160 3420 282 3498 facere,
301 3441 416 3504 quom,
432 3420 457 3479 si
476 3418 651 3504 praevidere
666 3420 716 3483 lex
731 3422 907 3507 potuisset,
922 3420 989 3507 ipsa
1001 3419 1088 3483 haud
1103 3417 1203 3493 dubie

134 3518 289 3581 «disertis
307 3521 413 3582 verbis
433 3521 494 3582 luit
510 3520 704 3608 aceepttua?

180 3619 292 3683 LXIV.
310 3620 426 3685 «Adeo
455 3638 597 3685 mentem
624 3622 742 3712 magis,
763 3645 860 3710 quam
886 3623 1065 3687 orationem
1091 3622 1200 3710 legum

132 3724 298 3810 «aspicere
322 3724 531 3812 prudentium
556 3741 625 3807 est;
647 3726 744 3790 verba
767 3727 853 3790 eninr
877 3723 1003 3788 infirma
1027 3738 1131 3804 sunt,
1147 3738 1200 3802 et,

131 3853 143 3875 «
159 3819 337 3910 quamlibet
349 3825 520 3913 diligenter
529 3826 646 3914 scripta
659 3829 743 3916 lege,
756 3849 817 3891 nec
828 3825 1086 3890 dubitationibus
1098 3824 1203 3888 omni·

130 3957 141 3977 ιι
156 3926 218 3989 bus
236 3950 422 4008 occurrere,
437 3953 495 3991 nec
512 3928 657 4018 effugere
673 3929 848 3993 calumnias
865 3943 1026 4016 possunt:
1045 3948 1151 3989 unum
1164 3926 1198 3987 in

132 4057 143 4079 ιι
159 4029 249 4089 omni
267 4029 336 4116 Iege
353 4046 476 4091 certum
497 4047 655 4117 perpetuo
672 4031 943 4117 explanatumque
962 4045 1027 4109 est,
1042 4028 1145 4105 nolle,
1164 4028 1198 4090 in

132 4129 334 4191 «verborum
357 4153 491 4192 suorum
515 4132 589 4194 sinu
609 4131 790 4218 periculum
811 4131 995 4219 reipublice
1020 4147 1052 4192 et
1077 4130 1201 4215 Impro-

133 4253 145 4281 ι
160 4228 251 4292 bitati
270 4231 406 4293 latebras
427 4253 507 4294 esse.
529 4232 604 4295 Haec
621 4233 709 4296 enim
726 4256 792 4298 non
811 4234 949 4321 scripta,
970 4231 1026 4296 sed
1044 4246 1117 4295 nata
1138 4253 1200 4294 no·

167 4421 181 4484 S
203 4425 266 4469 LXI.
287 4425 338 4469 tiv.
360 4426 383 4482 I,
401 4425 449 4486 59,
463 4427 543 4483 cth,
563 4432 601 4480 ¹4·
