2594 4980
227 720 283 786 IN
314 716 428 785 LOC.
455 718 554 784 LIB.
582 717 761 786 LXVIII
792 717 1020 789 LIVIANI.
1087 711 1155 815 575

93 839 174 901 eiam
194 855 225 901 et
241 838 399 902 Ananiam
422 836 538 913 duces,
563 859 638 900 mox
659 836 761 900 lilium
780 836 1017 921 Alexandrum,
1037 839 1157 906 deinde

93 941 160 1027 ipsa
178 940 405 1026 subsequitur,
427 938 638 1002 Ptolemaeum
661 936 807 1026 undique
826 938 1022 1026 proturbat:
1043 941 1070 1005 is
1088 964 1157 1006 non

93 1042 233 1131 segniter
247 1039 369 1103 invadit
383 1037 579 1130 AEgyptum‚
597 1063 694 1129 quam
710 1040 780 1104 sine
791 1039 892 1129 copiis
911 1056 944 1104 et
959 1040 1090 1131 regibus
1108 1041 1156 1105 fa·

93 1143 186 1205 cilem
204 1158 396 1229 recuperato
411 1141 622 1205 existimabat.
638 1140 701 1205 Sed
715 1165 734 1205 a
750 1141 926 1230 Cleopatrae
944 1141 1083 1207 ducibus
1097 1144 1157 1207 ite·

94 1266 167 1307 rum
179 1242 316 1323 ejicitur.
332 1243 455 1330 Regina
469 1266 545 1307 eum
558 1240 740 1309 Alexandro
753 1243 866 1308 Judaeo
878 1242 982 1309 foedus
997 1243 1071 1308 lerit
1081 1245 1158 1333 Scy·

95 1345 239 1434 thopoli:
256 1342 375 1407 deinde
392 1344 425 1406 in
435 1343 614 1433 AEgyptum
632 1343 724 1408 redit.
740 1343 888 1426 Judaeus,
902 1345 998 1410 etiam
1014 1367 1159 1435 regresso

93 1448 126 1509 in
146 1448 290 1533 Cyprum
313 1445 506 1526 Ptolemaeo,
530 1445 654 1533 Syriam
672 1445 780 1509 Coelen
800 1467 919 1535 magno
939 1446 1056 1509 iterum
1073 1445 1159 1509 bello

93 1548 234 1636 premit:
250 1545 470 1628 Amathunta,
485 1547 659 1636 Ilaphiam,
677 1545 925 1627 Anthedonem,
942 1565 974 1611 et
997 1546 1159 1610 nobilissi-

94 1670 179 1712 mam
191 1647 381 1711 Gazaeorum
400 1648 516 1711 urbem
534 1664 719 1738 expugnat:
734 1648 835 1712 multa
852 1647 949 1712 millia
966 1647 1085 1713 occidit
1095 1649 1159 1713 ho·

93 1748 211 1828 stium,
222 1747 325 1809 multa
338 1762 371 1808 et
384 1747 469 1835 ipse,
483 1772 583 1814 eaesus
595 1747 797 1817 a'l'heodoro
808 1750 949 1814 Zenonis
963 1748 1046 1831 filio,
1059 1772 1158 1813 cresus

92 1849 133 1912 ab
143 1845 357 1936 Apollodoro,
371 1848 489 1934 perdit.

137 1950 255 2013 XClIl.
276 1949 347 2012 Hoc
366 1945 468 2014 ferme
486 1951 631 2015 instatu
652 1973 704 2015 res
726 1951 826 2039 syrie
844 1950 1023 2040 et·AEgypti
1041 1969 1159 2035 erant;

93 2075 199 2139 neque
224 2073 314 2116 mora
338 2052 419 2128 luit,
446 2053 525 2140 quin
554 2053 733 2116 saevissimis
757 2052 875 2116 iterum
899 2052 1043 2116 motibus
1068 2052 1159 2118 urbis

94 2176 234 2217 romanae
247 2158 339 2242 quies
357 2173 388 2220 et
406 2152 581 2219 concordia
597 2154 784 2219 turbaretur
800 2176 807 2217 :
827 2152 909 2218 adeo
925 2153 1071 2218 maximis
1084 2155 1158 2241 qui·

93 2255 222 2342 busque
235 2258 353 2345 opibus
372 2258 545 2322 minimum
558 2256 737 2319 securitatis
753 2256 854 2336 inest,
873 2253 1023 2342 quando,
1037 2255 1158 2320 abolito

90 2356 169 2434 justi
187 2355 380 2445 honestique
399 2357 525 2438 studio,
543 2357 695 2421 mortales
711 2355 889 2421 ambitione
905 2374 937 2421 et
952 2357 1083 2421 avaritia
1101 2380 1157 2422 ve·

93 2456 224 2537 cordes,
245 2458 430 2523 forensibus
452 2474 550 2546 atque
567 2457 759 2521 militaribus
775 2457 917 2539 artibus,
937 2480 1010 2543 quae
1026 2457 1158 2521 firman·

93 2557 142 2621 dis
162 2558 301 2646 publicis
326 2561 425 2625 rebus
444 2580 514 2624 esse
538 2556 735 2637 debuerant,
762 2555 804 2620 ad
825 2556 1052 2621 oonrellendas
1076 2557 1158 2620 abu·

94 2675 210 2723 tuntur
223 2663 229 2722 !

127 2845 570 2911 §xc1u.11.c‚t⁵1;a.0.101.
