2594 4980
143 739 1208 763 ΜΜὶἋΜΜΜΜδἊΜΜΜΜΜἈὯΜΜΜΜἋὶΜἈὶἋ

276 946 565 1035 JOANNIS
601 946 1068 1036 FREINSHEMII

191 1192 1162 1331 supruuunurouuu

360 1481 983 1622 ssvssuonuu
1089 1396 1092 1402 ’

509 1775 688 1853 LIBER
720 1776 846 1855 XXV

334 2005 377 2058 lN
403 2005 556 2061 LOCUM
579 2005 704 2061 LIBRI
730 2006 789 2061 Lx
816 2004 1003 2060 L1vlstt1.

476 2241 865 2276 ---—-oee---

550 2439 793 2507 EPITOME

438 2599 568 2654 LIBRI
598 2598 905 2655 SEXAGESIMI.

137 2757 168 2806 L.
185 2755 305 2806 Aurelius
323 2755 416 2806 consul
431 2753 586 2806 rebellantes
602 2752 699 2808 Sardos
716 2753 828 2824 subegit.
846 2753 885 2805 Μ.
903 2753 1012 2807 Fulvius
1026 2753 1136 2806 Flaccus
1149 2753 1205 2822 pri·

173 2857 232 2889 mus
248 2839 423 2908 transalpinos
436 2839 547 2907 Ligures
560 2837 630 2889 bello
644 2836 764 2899 domuit,
774 2837 869 2888 missus
879 2837 907 2888 in
918 2836 1044 2890 auxilium
1057 2836 1205 2890 Massilien-

173 2924 244 2976 sibus
259 2923 386 2975 adrersus
399 2922 501 2975 Salvius
514 2922 618 2984 Gallos,
635 2922 683 2994 qui
697 2920 765 2973 fines
779 2920 986 2973 Massiliensium
996 2919 1203 2991 populabantur.

173 3007 204 3057 L.
217 3008 338 3076 Opimius
350 3019 443 3075 praetor
453 3005 635 3076 Fregellanos,
644 3005 691 3075 qui
702 3002 868 3071 defecerant,
880 3003 907 3056 in
917 3002 1078 3056 deditionem
1089 3002 1205 3074 accepit,

172 3090 303 3160 Fregellas
317 3089 409 3141 diruit.
425 3088 575 3139 Pestilentia
588 3087 616 3138 iu
628 3087 716 3141 Africa
737 3088 771 3138 ab
789 3087 889 3157 ingenti
904 3087 1066 3140 locustarum
1085 3074 1206 3139 multitu·

172 3171 249 3233 dine,
264 3185 289 3224 et
308 3172 403 3223 deiude
420 3182 573 3222 necatarum
591 3183 690 3241 strage,
708 3166 787 3222 fuisse
801 3169 922 3223 traditur.
941 3172 1067 3223 Lustrum
1083 3189 1098 3222 a
1112 3189 1206 3223 censo·

171 3256 244 3307 ribus
265 3254 402 3307 conditum
423 3265 469 3305 est.
498 3254 583 3305 Censa
607 3263 668 3304 sunt
687 3251 784 3307 cisium
809 3255 895 3325 capita
919 3267 1034 3308 trecenta
1058 3255 1206 3325 nonaginta

170 3338 252 3389 millia
269 3338 432 3407 septingenta
445 3337 553 3406 triginta
567 3355 620 3389 sex.
636 3337 668 3389 C.
685 3336 839 3401 Gracchus,
856 3340 954 3392 ‘liberii
970 3341 1065 3403 frater,
1081 3338 1205 3391 tribunus

170 3420 266 3490 plebis,
284 3420 449 3489 eloquentior
462 3438 543 3488 quam
557 3421 649 3483 frater,
663 3420 824 3490 perniciosas
838 3423 939 3494 aliquot
953 3425 1023 3495 leges
1041 3423 1117 3476 tulit:
1135 3423 1206 3475 inter

170 3523 237 3574 quas
249 3504 448 3555 frumentariam
458 3541 464 3564 ‚
476 3519 502 3554 ut
511 3508 605 3555 semisse
613 3519 638 3554 et
646 3508 732 3554 triente
733 3507 886 3573 srsrmenturn
892 3512 960 3573 plebi
968 3511 1079 3567 decretum·
1094 3507 1206 3559 alteram

169 3588 254 3657 legem
269 3587 400 3657 agrariam
409 3625 415 3649 ‚
425 3606 510 3657 ,quatu
524 3599 549 3639 et
563 3589 643 3639 frater
657 3588 713 3659 ejus
725 3587 838 3654 tulerat3
853 3590 975 3654 tertiam,
990 3609 1042 3663 qua
1056 3601 1205 3661 equestrem

170 3669 311 3730 ordinem,
328 3683 390 3721 tunc
408 3690 469 3722 curn
486 3684 578 3724 senatu
593 3672 817 3737 consentientem,
833 3685 1011 3745 corrumperet
1027 3692 1033 3725 :
1053 3689 1080 3724 nt
1095 3676 1207 3725 sexcenti

170 3773 203 3803 ex
216 3757 335 3819 equitibus
351 3757 374 3802 in
389 3758 482 3804 curium
496 3759 692 3824 sublegerentur;
705 3773 729 3807 et
743 3761 802 3822 quia
816 3761 863 3808 illis
877 3762 1022 3824 temporibus
1038 3760 1138 3808 uecenti
1148 3772 1204 3808 tan·

170 3853 221 3887 tunt
232 3852 355 3888 senatores
370 3854 453 3898 erant,
475 3843 584 3890 sescenti
598 3844 688 3907 equites
706 3844 816 3892 trecentis
832 3845 982 3892 senatoribus
994 3845 1186 3892 admiscerentur
1194 3863 1205 3902 ,-

168 3921 196 3973 id
215 3933 268 3983 est,
289 3933 318 3972 ut
337 3934 456 3991 equester
471 3922 537 3974 ordo
557 3923 597 3975 bis
615 3935 719 3976 tantum
738 3923 831 3975 virium
848 3924 875 3974 in
896 3935 988 3976 senatu
1010 3925 1139 3976 haberet:
1159 3933 1204 3986 et,

169 4006 324 4058 continuato
339 4005 365 4056 in
379 4005 490 4056 alterum
502 4026 602 4059 aunum
617 4007 768 4068 tribunatu,
780 4007 884 4076 legibus
897 4008 1006 4078 agrariis
1024 4007 1082 4060 latis
1095 4005 1204 4070 effecit,

169 4101 198 4140 ut
216 4087 365 4158 complures
384 4089 493 4140 coloniae
513 4090 541 4142 iu
560 4090 636 4142 ltalia
653 4088 858 4153 deducerentur,
877 4103 902 4142 et
917 4110 971 4143 una
988 4090 1015 4142 in
1035 4089 1091 4143 solo
1110 4090 1206 4142 dirus:

168 4172 352 4244 Carthaginis;
368 4192 436 4244 quo,
455 4174 510 4244 ipse
525 4174 649 4226 triumvir
661 4187 782 4238 creatus,
796 4174 927 4226 coloniam
940 4173 1058 4226 deduxit.
1074 4174 1206 4225 Praeterea

168 4275 209 4308 res
222 4276 238 4309 a
250 4258 284 4321 Q.
294 4256 401 4309 Metello
413 4258 520 4309 consule
530 4256 655 4310 adversus
666 4258 786 4311 Baleares
797 4269 883 4329 gestas
893 4257 1028 4320 coutinet;
1039 4276 1106 4328 quos
1115 4255 1206 4308 Greci

168 4338 323 4410 Gymnesios
333 4340 483 4411 appellant,
494 4341 556 4410 quia
568 4352 682 4394 estatem
692 4340 758 4394 nudi
770 4341 892 4411 exigant:
904 4341 1026 4394 Baleares
1037 4361 1051 4394 a
1066 4341 1110 4394 teli
1121 4339 1206 4394 missu

170 4424 310 4495 appellati,
327 4437 372 4477 aut
386 4445 401 4478 a
415 4425 509 4488 Baleo,
524 4424 646 4478 Herculis
660 4425 775 4489 comite,
789 4424 825 4477 ibi
837 4424 929 4476 relicto
940 4436 1022 4490 tuuc,
1041 4442 1124 4497 quum
1137 4421 1207 4477 ller-
