2594 4980
132 641 203 732 456
307 648 747 719 terrebuntur!
775 646 1024 721 SUPPLEM.

132 760 285 835 ravimus.
307 770 349 833 Hi
372 770 523 857 precibus
545 770 788 853 Numidarum,
805 786 840 835 et
855 772 973 861 populi
994 772 1225 849 sermonibus

134 873 231 953 moti,
243 872 428 960 proximum
442 873 525 936 intra
537 871 684 937 triduum
699 894 813 936 navem
830 870 1099 959 conscenderunt
1109 896 1121 957 3
1133 894 1227 965 patre

134 974 246 1062 cisque
268 973 387 1038 diebus
410 975 584 1038 transvecti
602 974 753 1055 Utinm,
770 964 879 1039 litem
904 975 1065 1040 misemttt
1088 974 1135 1041 ad
1152 976 1222 1043 iu·

134 1074 286 1166 gurtham
296 1123 305 1156 ,
317 1093 483 1164 petentes,
498 1076 568 1138 «uti
578 1096 677 1164 quem
687 1060 900 1141 eeleriimein
909 1077 1115 1165 provinciam
1126 1100 1227 1147 twe-

133 1208 146 1232 α
156 1176 247 1241 deret
263 1200 270 1241 :
290 1200 324 1242 se
337 1177 378 1242 ad
393 1202 468 1241 euru
484 1203 501 1241 a
516 1195 631 1242 senatu
644 1178 762 1243 missos
774 1178 878 1245 esse.-

176 1279 268 1342 Xlll.
289 1281 482 1368 Iugurtham
507 1298 692 1369 pugnantes
714 1280 852 1345 invicem
873 1282 1030 1363 affeettts,
1050 1282 1160 1349 timor
1182 1300 1223 1351 et

134 1379 314 1468 cupiditas,
334 1383 495 1444 incertum
519 1381 648 1447 oonsili't
662 1382 822 1447 l‘aeiebent
842 1405 850 1447 t
867 1384 933 1447 vim
950 1404 1122 1449 romanam
1140 1408 1222 1451 me-

133 1481 264 1562 tuebat,
275 1483 337 1545 nisi
350 1483 460 1571 legatis
473 1483 801 1570 paruisset3vieissim
811 1483 1030 1550 inflammatus
1039 1484 1221 1574 cupidine,

130 1599 263 1666 cuncta,
284 1583 363 1647 dum
384 1585 495 1648 animo
516 1585 773 1673 obsequeretur,
789 1584 910 1673 leviora
931 1584 1083 1650 duoebat.
1102 1588 1222 1677 Igitur

131 1685 158 1749 si
177 1685 395 1749 Adherbalem
422 1687 655 1770 interfecisset,
679 1687 871 1777 piusquam
898 1685 1049 1752 mandata
1072 1703 1219 1755 renatus

133 1805 397 1875 exponerentur,
418 1791 545 1854 venium
567 1788 785 1855 admissorum
807 1790 945 1879 pecunia
969 1788 1086 1853 redimi
1111 1812 1220 1879 posse

131 1910 282 1976 sperans,
299 1912 419 1953 corona
433 1891 548 1955 urbem
563 1889 795 1955 circumdatam
813 1891 950 1955 summis
960 1890 1085 1955 viribus
1095 1908 1218 1983 oppu-

65 1980 68 1986 ’
131 2003 208 2079 gnat
222 2012 230 2052 ε
246 1988 303 2053 sed
315 1990 436 2054 virtute
450 1992 638 2067 Italicorum
648 1992 803 2073 rejectus,
814 2015 918 2080 quum
931 1992 1058 2057 trabere
1073 2008 1217 2084 tempus
1289 2070 1293 2075 ,

133 2114 199 2154 non
219 2092 370 2168 auderet,
387 2117 427 2156 ne
445 2117 569 2158 moram
589 2092 703 2183 legati,
717 2110 750 2159 et
765 2117 865 2182 quem
880 2116 947 2184 prae
962 2094 1120 2159 omnibus
1137 2118 1217 2162 me·

133 2194 260 2274 tuebat,
273 2195 430 2274 Soeurus,
441 2218 501 2281 pro
511 2195 1115 2285 contumaciainterpretarentur,eutn
1122 2218 1215 2285 pau·

133 2295 178 2358 eis
190 2296 355 2383 equitibus
372 2298 405 2359 in
424 2297 625 2384 provinciam
643 2298 744 2361 venit.

176 2397 264 2461 XIV.
289 2399 368 2461 Post
389 2421 493 2461 aerem
513 2399 762 2464 contentionem
784 2397 981 2478 verborum,
1003 2419 1213 2487 quamquem

133 2520 243 2585 graves
258 2499 353 2562 minae
365 2517 496 2562 senatus
509 2499 663 2582 nomine,
676 2499 712 2564 ni
724 2498 889 2564 omitteret
899 2497 1141 2582 Adherbalem,
1154 2499 1216 2565 de:

136 2601 388 2682 nuntiabantur5
408 2602 476 2665 ltaec
488 2624 623 2691 quoque
635 2602 755 2693 legatio
767 2602 838 2666 sine
849 2600 970 2665 effectu
988 2600 1134 2690 digressa
1146 2618 1211 2668 est.

134 2704 196 2767 Sed
212 2704 270 2767 ubi
290 2705 386 2768 Cirtae
403 2706 568 2769 deiterata
582 2704 744 2796 legatione
757 2704 925 2786 nuditum,
939 2717 972 2769 et
985 2702 1062 2767 inde
1076 2706 1212 2771 senatui

135 2807 321 2895 populoque
338 2831 473 2870 rontano
487 2830 537 2871 res
554 2806 737 2873 numidicae
747 2830 834 2871 cutte
844 2804 1001 2894 oordique
1016 2827 1087 2870 esse
1101 2806 1215 2872 eredi-

136 2924 204 2970 tum
219 2926 288 2991 est3
303 2910 398 2972 italici
412 2910 539 2997 generis
557 2909 722 2989 homines,
739 2930 882 2997 quorum
900 2907 1020 2971 virtute
1031 2904 1209 2973 defensum

134 3009 242 3073 adhuc
257 3011 415 3098 oppidum
433 3012 556 3090 fuerat,
572 3008 706 3090 conlisi,
717 3030 890 3073 romanum
904 3008 965 3072 sibi
978 3030 1101 3089 nomen
1119 3030 1210 3097 pree-t

134 3114 217 3178 sidio
237 3112 390 3175 advorsus
414 3113 565 3191 iujuriam
591 3112 682 3190 fore,
701 3109 918 3175 Adherbalem
941 3106 984 3173 ad
1001 3106 1209 3175 deditionem

134 3215 346 3280 cohortantur
361 3236 368 3275 :
391 3235 498 3299 neque
515 3210 602 3275 aliud
617 3210 755 3300 pacisci,
770 3234 871 3298 quam
885 3211 986 3275 vitant
1002 3210 1209 3278 ineolumem

131 3317 247 3396 jubent
262 3338 269 3376 ε
284 3329 396 3376 cutem
413 3328 543 3376 senatus
555 3312 747 3377 auctoritate
761 3311 854 3375 facile
866 3327 1145 3399 recuperaturum.

178 3416 250 3478 XV.
272 3415 346 3477 Non
367 3429 434 3475 erat
459 3415 590 3503 ignarus
610 3412 794 3494 Adherbal,
820 3436 918 3501 quam
938 3412 1054 3502 paru'm
1073 3411 1150 3478 fidei
1170 3417 1208 3480 in

134 3516 339 3609 pactionibus
361 3517 529 3605 iugurthae
546 3533 655 3582 esset:
674 3514 733 3581 sed
748 3517 825 3605 quia
845 3513 995 3598 videbat,
1011 3516 1046 3578 in
1070 3515 1209 3581 illorum

135 3645 234 3687 manu
253 3620 368 3700 situm,
385 3638 421 3683 ut
439 3644 473 3682 so
489 3619 592 3683 invito
605 3618 722 3684 urbem
735 3618 824 3683 hosti
839 3617 983 3700 tradant,
997 3640 1075 3682 eum
1091 3616 1209 3683 intutis

135 3725 175 3790 ad
195 3723 387 3813 iugurthatn
408 3744 573 3812 egressus,
586 3724 766 3811 penntitsre
787 3744 819 3784 se
842 3741 974 3806 reguum
995 3716 1119 3782 noeltmt'
1135 3718 1207 3784 ait:

135 3839 260 3893 tarnum
277 3849 386 3904 orare,
400 3840 435 3889 ut
449 3828 574 3914 privato
586 3824 689 3889 urbere
707 3818 984 3910 benefictbsratrr's
1001 3817 1105 3883 liceat.
1125 3817 1207 3903 llle,

136 3947 173 3993 ut
190 3931 245 4018 qui
264 3951 432 4014 nunquam
447 3929 521 3990 vivo
530 3924 714 3991 Adherbale
728 3922 855 4003 firmam
875 3922 936 3986 sibi
948 3919 1112 3987 Numidis)
1125 3942 1208 4009 pos·

135 4032 311 4095 sessionem
330 4028 400 4091 sore
416 4028 493 4091 olint
508 4026 729 4106 judicavisset,
743 4048 850 4113 neque
866 4046 978 4114 preces
997 4023 1115 4112 ipsius,
1135 4021 1206 4087 tia-

135 4150 331 4219 ternumque
343 4154 479 4205 nornen,
492 4150 598 4216 neque
611 4142 740 4193 senatus
750 4126 929 4216 populique
937 4124 1065 4189 romani
1073 4121 1206 4187 denun-

135 4233 301 4296 tiationem
321 4233 497 4312 reveritus,
521 4229 740 4297 excruciatum
758 4227 879 4293 occidit
896 4225 1042 4293 :deiude
1060 4224 1205 4321 puberes

171 4421 187 4480 ‚i
200 4423 258 4469 ΧΠ.
268 4422 371 4469 Diodor.
383 4449 417 4457 -
428 4419 525 4468 Sallust.
535 4416 595 4484 -S
606 4418 678 4467 xlv.
687 4416 792 4466 moder.
800 4442 836 4454 -
844 4414 941 4464 Sallust
