2640 5046
10 39 1300 370 -’

313 756 367 824 ΙΝ
395 756 508 824 LOC.
533 755 626 822 LIB.
654 754 705 823 nl
731 750 946 822 tlvllttl.
1096 745 1163 819 155

98 879 339 966 «Qstapropter,
348 896 408 939 oro
416 897 489 959 ros,
499 876 616 958 Achaei,
626 891 733 963 quum
742 892 870 963 semper
878 875 1010 963 optastis
1020 874 1163 963 quietem

98 979 231 1053 «vobis,
250 1000 363 1066 pacem
379 977 509 1042 Groeciae
527 977 684 1043 retinete:
703 996 907 1065 unaquaeque
921 977 1030 1042 civitas
1047 1000 1085 1041 ex
1102 995 1165 1042 suo

100 1079 297 1144 «commodo
310 1100 380 1142 rem
393 1100 482 1143 suam
495 1078 659 1168 publicam
673 1078 871 1143 constituere
883 1079 1007 1167 optime
1021 1079 1120 1144 norit.

143 1182 297 1246 XXXVI.
311 1211 324 1235 «
334 1182 451 1247 Multas
464 1183 551 1246 inter
564 1202 634 1247 sese
650 1183 695 1247 itt
709 1181 900 1264 convenire,
915 1181 1054 1263 atlete,
1068 1182 1168 1246 mori·

99 1284 201 1368 «bus,
215 1285 398 1366 voluntate,
413 1300 461 1365 et,
473 1286 532 1372 qui
547 1285 697 1349 subnasci
708 1282 855 1372 quotidie
869 1298 1023 1371 possunt,
1035 1283 1168 1372 necopi-

100 1387 206 1450 «natis
224 1387 367 1469 casibus,
390 1400 557 1475 nunquam
580 1379 773 1469 dissideant,
794 1385 899 1475 optari
920 1386 1049 1473 potius,
1068 1402 1165 1474 quam

100 1517 113 1542 s
124 1487 264 1552 obtineri
274 1503 382 1578 potest
395 1510 402 1552 :
418 1488 444 1551 si
454 1488 520 1552 suis
532 1488 655 1577 quique
664 1487 784 1552 finibus
800 1488 947 1553 contenti
957 1487 1050 1552 domi
1063 1488 1168 1577 leges,

100 1619 112 1642 «
122 1589 200 1654 soris
216 1608 329 1678 pacem
348 1589 505 1671 habeant,
526 1610 640 1654 omnes
658 1610 699 1655 ex
713 1602 808 1678 'aequo
823 1589 934 1672 liberi,
951 1611 1065 1654 omnes
1081 1588 1167 1654 beati

100 1708 226 1780 «agent.
245 1692 327 1775 Quae
342 1692 535 1757 oborientur
556 1693 798 1774 controversie,
815 1707 958 1756 autnon
976 1690 1112 1756 exibunt
1132 1691 1168 1753 in

100 1815 227 1876 «urna,
243 1809 300 1857 aut
315 1795 400 1857 intra
415 1815 512 1882 parva
530 1808 563 1858 et
580 1791 820 1883 propemodum
835 1792 968 1856 innoxia
986 1790 1068 1855 bella
1080 1812 1167 1869 con·
1199 1836 1204 1846 -

99 1897 251 1976 «sistent,
272 1897 521 1984 vicinorumque
536 1896 678 1962 consiliis
695 1910 728 1958 et
742 1895 934 1973 auctoritate
950 1908 1062 1957 nostra
1076 1890 1170 1958 facile
1193 1974 1204 1983 .

98 1997 287 2062 «tollentur.
303 1997 393 2081 Quid
407 1998 507 2086 porro
523 1997 615 2062 vobis
632 2018 714 2085 opus
728 2009 778 2061 est
789 1994 965 2086 jungendis
979 2016 1039 2083 per
1053 2009 1104 2057 tot
1119 1995 1171 2057 in·

99 2098 295 2163 «commoda
309 2100 343 2162 in
361 2122 466 2164 unum
485 2101 620 2189 opibus,
635 2100 759 2187 quibus
774 2099 839 2162 hoc
852 2116 964 2162 rerum
980 2112 1064 2162 statu
1081 2098 1178 2162 nulla'

99 2201 266 2288 «potentia
286 2217 335 2264 est
354 2202 460 2290 opus?
474 2203 589 2291 Neque
605 2202 696 2266 enirn
711 2223 770 2265 vos
791 2199 1003 2281 :crediderim
1023 2200 1171 2288 quamvis

99 2323 159 2364 «ea
177 2301 218 2365 de
235 2325 270 2367 re
286 2320 427 2368 secretus
441 2325 547 2369 sermo
564 2320 657 2369 ortus
671 2321 736 2387 est,
753 2303 906 2368 adversus
922 2305 1087 2367 Romanos
1100 2301 1171 2366 bel·

99 2404 191 2468 «lum
208 2404 355 2470 meditari
376 2407 463 2487 :jam
482 2407 634 2472 intestine
651 2407 735 2472 bella
753 2407 934 2496 perniciosa
956 2406 1048 2469 vobis
1075 2420 1170 2485 sunt3

98 2505 274 2572 «adversus
297 2524 444 2592 externa,
464 2509 743 2598 quemadmodum
766 2524 879 2583 contra
897 2508 1084 2598 Philippum
1102 2510 1169 2572 An·

98 2609 331 2698 «tiochumque
348 2611 471 2676 defensi
482 2611 575 2692 estis,
590 2612 710 2676 virtute
724 2619 823 2697 atque
836 2609 900 2674 fide
912 2630 1045 2673 romana
1056 2608 1171 2673 defen-

100 2709 255 2775 «demini.
267 2743 279 2766 n

144 2807 313 2876 XXXVII.
327 2814 424 2876 Hunc
440 2832 623 2878 sermonem
640 2835 682 2877 ne
697 2811 810 2877 audire
827 2812 960 2901 quidem
974 2812 1173 2875 sustinentes

101 2906 291 2975 Achaeorum
315 2913 494 3001 principes,
512 2913 620 2978 adhuc
640 2916 795 3002 loquente
815 2917 964 2979 Romano
979 2902 1173 3001 prosiliunt,

100 3012 341 3101 conciliumque
359 3037 400 3077 ex
424 3015 636 3103 praesentibus
652 3031 793 3104 repente
815 3029 949 3107 cogunt.
974 3013 1174 3096 Multitudo,

100 3114 254 3202 cognitis,
273 3139 345 3203 quae
362 3133 493 3182 senatus
510 3118 731 3207 precepisset,
745 3119 835 3183 velut
849 3120 960 3182 furore
973 3133 1056 3196 acta,
1075 3115 1172 3205 quid-
1195 3143 1199 3151 ’

99 3214 179 3302 quid
195 3216 416 3282 lacedaemonii
433 3219 575 3282 nominis
597 3220 633 3283 in
653 3220 736 3284 urbe
753 3236 838 3303 erat,
855 3220 972 3308 partim
990 3217 1174 3299 trucidant,

98 3317 177 3382 alios
194 3319 229 3382 in
245 3319 373 3384 vincula
390 3320 573 3409 abripiunt,
593 3321 680 3385 iuter
694 3322 755 3385 hos
773 3337 808 3386 et
822 3321 892 3386 aliis
911 3320 1041 3385 exlocls
1059 3319 1170 3409 hospi-

100 3433 164 3500 tes,
185 3437 222 3485 ut
242 3424 379 3510 quisque
399 3438 549 3504 tonsura,
576 3422 636 3488 aut
651 3420 889 3505 calceamentis,
908 3439 965 3487 aut
981 3438 1096 3487 caetero
1113 3438 1171 3486 ve·

100 3521 196 3604 stitu,
216 3525 265 3586 vel
288 3524 384 3588 etiam
407 3525 476 3613 ipsa
496 3525 712 3613 appellatione
730 3548 767 3591 ac
795 3525 947 3606 nomine,
973 3525 1170 3614 Spartanum

100 3622 412 3690 reserrevidebatur.
431 3627 546 3714 Neque
563 3625 745 3716 legatorum
768 3624 945 3691 reverentia
961 3626 1055 3713 (narn
1071 3624 1113 3688 ad
1130 3622 1172 3687 il·

99 3726 206 3787 lorum
222 3724 402 3813 hospitium
417 3729 510 3791 multi
522 3728 771 3815 concurrerant)
785 3727 935 3817 praesidio
951 3728 1075 3792 miseris
1090 3724 1173 3808 luit,

100 3849 166 3913 quo
192 3826 301 3891 minus
321 3826 398 3894 inde
421 3848 554 3918 quoque
574 3851 634 3917 per
657 3830 724 3893 vim
748 3829 1005 3910 extraherentur,
1026 3830 1167 3892 multum

99 3929 281 3992 obtestante
304 3929 435 4011 Oreste,
454 3948 492 3994 ea
513 3932 596 3994 facta
612 3930 655 3993 ad
677 3931 828 4010 injurium
845 3943 974 3996 senatus
991 3918 1174 4018 populique

99 4031 224 4093 mmani
240 4032 412 4118 pertinere.
428 4031 491 4097 Sed
505 4052 621 4121 parurn
640 4031 728 4120 apud
745 4033 999 4097 tumultuantem
1010 4030 1169 4094 'multitu-

64 4206 70 4214 '
99 4131 209 4196 dinem
232 4133 355 4197 monita
374 4132 586 4221 prudentium
608 4148 664 4197 aut
681 4133 785 4198 futuri
803 4156 880 4199 cura
895 4135 1004 4198 valet:
1021 4143 1167 4195 tantum-

100 4254 163 4320 que
179 4233 357 4299 abfuerunt
372 4259 391 4298 a
410 4234 623 4300 defendendis
639 4236 707 4300 aliis
722 4237 830 4327 legati,
849 4254 887 4300 ut
903 4237 962 4324 ipsi
977 4254 1110 4322 quoque
1127 4232 1168 4300 ad

98 4351 279 4399 extremum
296 4338 370 4425 luga
384 4336 445 4402 sibi
462 4338 632 4403 consulere
649 4354 850 4427 cogerentur.

134 4516 150 4575 s
165 4518 298 4565 xxxvtt.
315 4520 415 4566 Porrsun.
431 4546 462 4554 —-
477 4519 567 4566 lustin.
581 4520 703 4578 mlv,
717 4537 753 4567 to.

433 4701 450 4756 l
