2640 5046
259 768 314 837 IN
342 767 456 835 LOC.
483 768 575 834 LIB.
604 767 768 835 XLVIII
800 767 1014 837 lelANl.
1118 770 1163 865 67

150 886 276 950 XXIII.
302 885 352 949 Ibi
377 884 486 949 denuo
508 886 668 974 Scipionis
688 885 852 951 AEmiliani
877 887 1044 975 magnifica
1063 892 1166 957 virtus

105 989 240 1067 enituit3
259 1010 333 1050 nam
348 987 603 1074 irrumpentibus
622 989 656 1049 in
676 988 791 1051 urbem
811 986 983 1072 militibus,
1000 992 1084 1079 ipse,
1100 994 1166 1080 pri·

108 1113 181 1154 mus
193 1089 341 1153 omnium
354 1089 536 1152 conscensis
550 1089 711 1152 moenibus
720 1137 729 1169 ,
739 1088 866 1176 aperuit
878 1089 961 1151 viam
977 1113 1103 1180 :noque
1120 1111 1167 1158 ta·

108 1214 183 1255 men
199 1190 339 1254 obtineri
355 1190 432 1253 urbs
451 1191 575 1277 potuit,
597 1188 775 1278 praevalidis
796 1211 932 1253 numero
952 1191 1118 1271 hostibus,
1136 1213 1169 1261 et

108 1315 168 1380 pro
186 1291 287 1354 salute
307 1314 365 1355 sua
385 1314 585 1378 suorumque
605 1292 777 1355 fortissime
799 1293 1096 1381 propugnantibus3
1117 1319 1168 1360 re·

108 1390 258 1481 pulsique
273 1408 349 1456 sunt
363 1414 438 1456 eum
452 1393 562 1480 aliquo
573 1392 769 1456 detrimento
783 1393 941 1472 Romani,
953 1416 1057 1479 quum
1073 1418 1171 1484 super

109 1517 181 1575 eos,
191 1516 272 1581 quos
286 1494 402 1557 hostile
417 1492 539 1557 ferrum
554 1494 793 1581 absumpserat,
805 1494 900 1556 etlam
915 1494 1008 1557 multi
1022 1495 1169 1560 locorum

109 1595 288 1683 ignorantia
306 1596 340 1657 in
357 1595 563 1659 subterranea
580 1595 726 1682 quaedam
747 1618 904 1682 aquarum
918 1599 1117 1684 receptacula
1131 1599 1171 1663 il·

108 1695 186 1782 lapsi
198 1695 376 1782 periissent.
388 1695 491 1760 Nocte
503 1696 687 1783 sublapsum
698 1697 782 1760 muri
793 1712 916 1784 partem
927 1699 1039 1762 refecit
1049 1700 1169 1766 hostis:

108 1797 280 1883 pluresque
303 1794 421 1860 delnde
442 1821 500 1884 per
521 1797 606 1878 dies,
625 1800 764 1886 expertis
784 1800 938 1886 utrinque
957 1823 1031 1864 eum
1051 1800 1172 1866 damno

108 1897 246 1977 viribus,
259 1898 365 1986 segnis
378 1898 505 1962 obsidio
520 1899 591 1963 luit.
607 1899 653 1962 Ea
665 1921 715 1962 res
731 1900 875 1986 inopiam
891 1900 986 1963 simul
999 1902 1031 1964 in
1047 1903 1172 1984 castris,

108 2016 141 2063 et
154 2000 187 2061 in
201 1999 283 2062 urbe
299 2000 407 2064 auxit:
420 1999 509 2086 quod
523 2000 599 2086 quia
612 2000 736 2063 neutris
749 2001 899 2088 ignotum
914 2018 998 2083 erat,
1011 2001 1086 2066 inde
1102 2000 1171 2067 col·

108 2101 220 2188 loquio
238 2101 387 2186 initium,
405 2119 438 2165 et
457 2124 533 2165 mox
551 2101 708 2166 deditioni
722 2102 796 2167 luit.
817 2102 859 2166 Et
877 2102 1008 2189 quando
1025 2121 1174 2193 suspecta

109 2202 252 2266 barbaris
277 2204 403 2267 Luculli
421 2203 499 2268 fides
519 2220 604 2284 erat,
624 2204 731 2292 Scipio
752 2203 944 2292 spopondit,
963 2205 1044 2269 nihil
1062 2222 1174 2270 contra

36 2356 39 2363 .
109 2321 200 2390 pacta
218 2305 339 2369 lactum
357 2306 417 2370 iri:
435 2329 576 2393 moxque
595 2307 716 2394 patuit,
734 2307 847 2393 quanti
864 2306 905 2368 sit
923 2329 1001 2369 usus
1024 2308 1120 2371 etiam
1138 2307 1172 2372 in

110 2405 200 2471 bellis
218 2408 331 2495 opinio
347 2407 496 2489 justitiae,
513 2430 584 2495 quae
604 2408 762 2496 probitate
781 2408 1025 2493 constantiaque
1044 2431 1173 2472 morum

109 2525 324 2596 comparatur.
343 2508 565 2574 Adolescentis
583 2509 695 2598 privati
714 2508 851 2572 dexterae
871 2509 985 2573 inermi
1000 2511 1175 2596 permisero

109 2608 235 2673 barbari
249 2611 380 2692 urbem,
393 2635 492 2699 quam
508 2613 623 2676 consul
638 2611 861 2698 exercitusque
878 2632 1031 2674 romanus
1045 2610 1174 2692 armati,

110 2732 170 2774 nee
190 2713 360 2776 autoritate
386 2736 457 2789 sua,
479 2735 587 2800 neque
611 2714 694 2776 forte
716 2712 748 2774 vi
769 2728 961 2799 extorquere
981 2713 1172 2799 potuissent.

109 2812 250 2898 Agnovit
259 2811 453 2876 beneficium
463 2813 633 2893 Lucullus,
644 2814 862 2900 juvenemque
873 2836 932 2901 pro
943 2815 1101 2877 concione
1111 2835 1176 2876 me·

110 2912 178 2973 ritis
195 2912 395 2974 cumulatum
416 2911 583 2993 laudibus,
602 2913 716 2975 murali
735 2935 856 2976 corona
872 2912 1014 2976 donavit.
1031 2914 1175 2976 Interca-

111 3011 229 3074 tienses
252 3012 378 3075 consuli
395 3035 450 3075 sex
470 3012 568 3076 millia
592 3035 743 3100 sagorum
762 3011 896 3091 dedere,
912 3033 987 3073 cum
1007 3011 1176 3075 obsidibus

110 3112 345 3201 quinquaginta
368 3113 432 3200 (sic
455 3115 542 3177 euim
561 3111 774 3200 convenerat)
793 3127 826 3176 et
846 3126 934 3176 certo
954 3127 1178 3176 armentorum

110 3235 331 3301 pecorumque
345 3237 493 3279 numero.
507 3217 564 3279 Hae
579 3215 653 3278 solae
666 3214 782 3278 divitiae
792 3214 897 3294 fuere,
908 3213 978 3276 auri
991 3228 1023 3276 et
1036 3215 1176 3301 argenti,

109 3337 173 3401 qua
190 3315 327 3378 maxime
346 3316 447 3404 gratia
462 3317 617 3380 Lucullus
637 3339 689 3379 eas
706 3316 853 3403 regiones
874 3328 1034 3377 scrutatus
1056 3307 1176 3391 luerat,

109 3415 190 3478 nihil
200 3432 374 3503 repertum.
390 3417 476 3479 Dum
486 3416 553 3479 istae
563 3439 613 3479 res
628 3422 662 3478 ln
674 3416 828 3502 Hispania
842 3415 991 3478 citeriore
1001 3431 1175 3501 geruntur,

110 3516 257 3594 ulterior,
277 3516 400 3579 infestis
416 3517 648 3580 Lusitanorum
670 3516 786 3595 armis,
807 3515 954 3577 luctuosa
976 3516 1098 3602 populo
1122 3538 1177 3580 ro·

111 3639 206 3679 mano
224 3617 294 3680 luit.

153 3717 272 3780 xxlv.
284 3718 351 3780 Ser.
362 3716 522 3805 Sulpicius
532 3717 633 3782 Galba
644 3731 776 3804 praetor,
788 3734 890 3802 quum
901 3738 919 3778 a
929 3713 974 3778 M.
988 3714 1087 3778 Atilio
1099 3736 1176 3801 pro·

109 3816 246 3879 vinciam
264 3839 302 3879 eo
321 3817 354 3879 in
371 3832 457 3880 statu
478 3819 664 3906 accepisset,
684 3833 721 3880 ut
741 3816 782 3880 ad
804 3815 991 3879 eximendos
1014 3815 1177 3879 obsidioni

110 3917 214 3980 socios
232 3916 435 3982 festinatione
454 3942 536 4007 opus
551 3917 730 3997 videretur,
745 3916 926 3980 incredibili
943 3916 1104 3979 eeleritate
1120 3939 1176 3978 su·

110 4042 168 4107 pra
186 4017 347 4107 sexaginta
372 4020 469 4084 millia
487 4042 642 4108 passuum
659 4041 724 4082 una
741 4017 793 4081 die
806 4041 843 4080 ae
857 4031 952 4080 nocte
969 4038 1176 4102 permensus,

110 4143 149 4184 ex
165 4121 282 4184 itinere
298 4119 449 4186 instruxit
467 4121 508 4185 ad
528 4123 672 4210 praelium
690 4120 815 4208 copias,
832 4135 869 4182 ut
888 4118 1037 4181 hostibus
1054 4117 1177 4203 impro-

108 4222 196 4285 visus
215 4222 445 4287 incumberet:
465 4245 570 4310 neque
589 4223 743 4291 fefellerat
762 4222 892 4285 fortuna
910 4217 1099 4298 eonsilium,
1116 4219 1177 4282 nisi

145 4426 161 4491 S
174 4429 271 4477 xxnt
283 4427 335 4476 Ltv.
346 4428 413 4493 Epir.
425 4427 522 4476 -Vat
535 4429 603 4477 Max.
618 4431 672 4489 111,
686 4445 711 4487 a,
723 4431 748 4477 6.
764 4453 799 4465 -
813 4428 886 4476 duct.
901 4424 932 4473 da
941 4423 995 4470 Vir.
1009 4423 1044 4471 ill.
1055 4449 1088 4462 -
1097 4423 1177 4473 Strab.
1195 4472 1199 4479 ,

111 4525 166 4574 cap.
181 4511 222 4560 tt.
235 4539 270 4549 —
284 4512 391 4578 AppIm.
402 4512 509 4560 -Vslt
521 4515 546 4570 1,
561 4527 600 4560 ra.
