2594 4980
265 721 318 790 IN
350 720 462 788 LOC.
490 720 584 786 LIB.
614 720 785 788 LXXIV
817 720 1032 789 LIVIANI.
1120 743 1184 815 7⁰¹

111 861 176 909 stra
192 840 430 922 obtenderent,
449 842 554 930 Iegem
577 841 704 929 pridem
726 841 916 905 exstinetam
938 842 1027 906 velut
1048 843 1089 906 ab
1107 866 1186 906 orco

111 943 317 1008 revocabant.

155 1047 238 1110 XLI.
257 1045 339 1110 Inde
362 1067 466 1132 quum
485 1045 599 1132 ingens
619 1060 782 1108 certamen
804 1045 991 1127 exarsisset,
1013 1048 1189 1110 ferverent·

112 1173 176 1238 que
192 1148 304 1212 litibus
329 1147 460 1229 omnia,
483 1163 603 1235 praetor
621 1150 659 1210 Α.
677 1147 890 1236 Sempronius
908 1148 1045 1229 Asellio,
1065 1151 1118 1212 cui
1134 1148 1187 1227 ju·

50 1284 56 1293 ·
111 1250 254 1314 risdictio
279 1248 402 1312 urbana
425 1264 593 1329 evenerat,
610 1271 680 1312 rem
701 1271 741 1312 ex
762 1272 857 1337 aequo
879 1249 1035 1337 bonoque
1051 1273 1187 1338 compo·

113 1375 191 1415 nere
208 1367 345 1415 conatus
363 1351 482 1413 frustra
498 1351 560 1413 fuit
573 1373 581 1414 :
596 1372 671 1413 nam
683 1399 692 1431 ,
706 1367 744 1414 ut
758 1349 827 1414 lieri
844 1368 951 1433 amat,
968 1352 1055 1440 apud
1069 1375 1189 1440 paucos

109 1457 188 1536 justi
211 1456 405 1542 honestique
428 1453 553 1517 valebat
576 1470 760 1542 respectus,
783 1471 896 1517 caetern
914 1454 1029 1534 turba,
1049 1455 1116 1518 aliis
1137 1456 1189 1516 ‚in-

112 1559 259 1622 debitum
280 1556 428 1644 improbe
445 1555 665 1646 exigentibus,
684 1555 752 1619 aliis
768 1553 890 1643 perfide
904 1556 1120 1620 retinentibus
1134 1556 1190 1620 de·

112 1663 237 1740 bitum,
261 1660 361 1748 magis
381 1659 548 1747 magisque
566 1657 832 1721 contentionibus
848 1673 882 1720 et
900 1657 1064 1721 simultate
1082 1659 1189 1746 impli-

112 1763 255 1827 cabatur.
283 1762 333 1824 Ibi
362 1776 481 1848 praetor
501 1759 629 1840 judices
655 1760 732 1824 dare
758 1759 875 1847 coepit,
903 1760 960 1848 qui
984 1760 1189 1849 singulorum

113 1880 348 1954 cognoscerent
365 1885 496 1939 causas,
515 1878 547 1927 et
565 1863 650 1926 inter
669 1863 773 1952 legem
797 1877 894 1949 atque
911 1884 1008 1925 usum
1027 1863 1113 1925 varie
1130 1885 1190 1951 op·

113 1989 256 2054 pressam
275 1966 460 2052 nequitatem
477 1963 678 2053 indagarent.

159 2068 259 2131 XLII.
283 2068 329 2130 Ea
345 2088 396 2129 res
410 2081 533 2128 tantam
555 2065 734 2129 commovit
747 2063 837 2152 apud
852 2064 1029 2129 creditores
1045 2081 1191 2130 conster-

114 2170 300 2249 nationem,
317 2185 355 2232 ut
370 2167 480 2231 omnia
496 2168 585 2255 prius
604 2164 752 2230 audenda
773 2181 945 2253 putarent,
963 2189 1061 2254 quam
1083 2165 1116 2228 id
1139 2168 1192 2245 jus

114 2272 225 2334 referri
240 2286 447 2359 paterentur,
465 2292 523 2358 per
541 2266 631 2356 qnod
651 2290 717 2330 non
737 2266 837 2330 modo
854 2266 1033 2331 carendum
1047 2269 1190 2345 foenore,

115 2372 171 2435 sed
186 2373 274 2438 ultro
294 2369 465 2459 pendenda
488 2371 610 2433 mulcta
632 2371 725 2432 foret.
744 2369 848 2458 Igitur
869 2370 904 2433 L.
926 2371 1037 2434 Cassio
1059 2370 1193 2433 tribuno

115 2473 218 2560 plebis
239 2475 443 2554 concitante,
464 2472 608 2537 secunda
630 2471 694 2534 ‹liei
720 2471 822 2554 bora,
840 2471 943 2558 palam
960 2473 994 2534 in
1016 2474 1105 2552 foro,
1124 2495 1192 2535 ma·

115 2575 284 2662 gistratum
299 2576 411 2665 populi
426 2573 574 2656 romani,
589 2589 659 2636 tum
675 2573 814 2635 maxime
826 2595 916 2635 sacra
928 2572 989 2637 diis
1001 2572 1171 2637 facientem
1185 2623 1194 2653 ,

117 2675 203 2737 I'nrdo
225 2676 373 2762 exemplo
398 2690 619 2761 peremerunt.
649 2673 713 2736 Pro
737 2672 805 2735 aede
831 2672 1021 2736 Concordiae
1041 2673 1194 2738 Gemellis

118 2776 272 2854 iaciebat,
299 2777 530 2839 circumstante
552 2775 642 2838 velut
667 2773 709 2837 ad
734 2774 925 2839 sacrificium
946 2776 1051 2840 turba.
1079 2777 1129 2840 Ibi
1153 2776 1194 2840 ab

118 2899 186 2939 uno
200 2876 344 2963 quodam
360 2875 464 2965 lapide
475 2876 596 2963 petitus
608 2891 742 2964 praetor,
759 2876 883 2956 abjecta
896 2895 1023 2965 patera,
1039 2894 1196 2942 contento

118 3000 216 3042 cursu
244 3002 302 3066 per
326 2977 435 3041 lorum
452 2977 493 3041 ad
512 2978 617 3041 Vestae
634 2976 787 3067 fugiebat.
808 2978 870 3041 Sed
888 2979 1037 3042 exclusus
1053 2980 1094 3042 ab
1111 2980 1195 3059 eills,

119 3081 175 3167 qui
189 3094 443 3168 praecurrerant,
463 3095 496 3143 et
511 3102 614 3166 quum
635 3080 668 3142 in
686 3080 889 3143 tabernulam
905 3081 1079 3168 quamdam
1094 3105 1128 3145 se
1138 3081 1195 3145 ab·

118 3182 269 3263 didisset,
285 3183 317 3244 in
336 3182 414 3271 ipsis
428 3181 631 3270 magistratus
648 3197 680 3244 et
695 3181 841 3246 sacrificii
856 3164 1054 3246 ornamentis
1072 3182 1194 3246 discer-

119 3301 194 3371 ptus
210 3301 268 3348 est.

164 3387 280 3451 XLIII.
307 3387 432 3449 Ferunt
456 3400 522 3448 tarn
551 3385 722 3449 vecordem
750 3387 849 3449 fuisse
873 3385 1047 3449 hominum
1070 3387 1195 3449 violen-

121 3489 218 3569 tiam,
234 3505 274 3552 ut
290 3487 422 3576 quidam
437 3535 446 3568 ,
466 3486 553 3573 apud
574 3488 707 3551 vestales
721 3487 845 3551 latitare
856 3488 1052 3551 Asellionem
1065 3489 1143 3568 rati,
1156 3511 1196 3552 eo

120 3591 314 3678 irruperint,
329 3589 419 3654 unde
439 3588 545 3652 viriles
561 3589 674 3652 oculos
695 3589 809 3677 religio
826 3589 1005 3671 majorum,
1025 3606 1057 3653 et
1076 3590 1196 3654 multa·

120 3713 193 3753 rum
209 3707 339 3754 aetatum
354 3706 512 3778 perpetua
529 3691 694 3753 veneratio
709 3690 933 3755 submovebat.
956 3691 1072 3778 Neque
1090 3690 1214 3755 admi--

121 3791 252 3884 rabilior
274 3792 308 3853 in
333 3791 491 3878 patranda
514 3791 605 3856 eaede'
622 3790 755 3856 audacia
778 3793 1029 3874 foeneratorum,
1048 3816 1145 3881 quam
1163 3795 1195 3857 in

121 3891 262 3973 celandis
279 3892 348 3972 ejus
364 3893 553 3958 auctoribus
569 3892 729 3957 Industria
744 3894 817 3957 fuit.
837 3894 991 3976 Senatus,
1005 3897 1034 3958 si
1046 3897 1114 3983 quis
1122 3896 1201 3983 quid

121 3994 186 4080 ejus
209 3997 255 4056 rei
277 3993 458 4072 dedicasset,
475 3995 571 4057 libero
579 3999 768 4084 pecuut'am,
784 4019 870 4059 servo
885 3994 1056 4060 libertatem
1061 3999 1198 4084 proemio

109 4092 208 4180 sore,
223 4095 308 4158 edici
316 4094 465 4174 jusserat.

166 4195 280 4260 XLIV.
300 4196 362 4260 Sed
380 4219 416 4259 ea
436 4219 513 4260 cura
525 4213 558 4261 et
568 4199 713 4286 potentia
728 4199 926 4264 creditorum
941 4201 1019 4282 fuit,
1037 4201 1116 4264 utin
1131 4217 1195 4265 tarn

156 4388 172 4453 s
186 4391 239 4437 XL.
257 4391 309 4438 Lir.
324 4391 390 4455 Epit.
401 4419 435 4428 -
444 4392 552 4456 Appiam
566 4393 638 4441 civit.
653 4393 696 4441 lib.
711 4396 729 4442 I.
740 4420 776 4431 -
786 4395 803 4461 §
814 4397 881 4443 XLI.
893 4396 946 4444 Liv.
958 4396 1022 4461 Epit.
1037 4424 1072 4433 -
1085 4395 1100 4461 S
1116 4397 1195 4443 xtu.

123 4474 176 4522 Val.
192 4476 259 4522 Max.
275 4477 325 4536 IX,
340 4491 363 4534 7.
375 4505 406 4512 -
422 4477 529 4541 Appian.
540 4505 574 4514 -
589 4477 605 4543 §
620 4479 710 4527 XLIII.
722 4479 776 4528 tat.
787 4480 856 4528 Max.
866 4507 900 4516 -
911 4480 1018 4545 Appitn.
