2594 4980
316 719 370 786 IN
400 717 511 786 LOC.
540 716 634 782 LIB.
661 715 748 784 LXI
780 716 996 787 LIVIANI.
1117 719 1189 802 403

122 839 218 905 bonis
230 861 264 901 se
276 836 488 901 intenderunt
503 859 510 900 :
525 858 621 923 quem
635 836 807 899 consulatu
820 836 995 900 abeuntem
1007 839 1043 902 L.
1056 840 1189 906 Crassus

122 939 280 1034 perculit,
307 940 405 1004 unius
430 956 462 1002 et
484 939 598 1029 viginti
627 961 788 1001 annorum
820 937 1031 1023 adolescens3
1065 940 1122 1005 sed
1147 943 1188 1007 ab

121 1047 185 1109 hoc
202 1042 336 1107 exordio
353 1064 514 1106 summam
536 1041 673 1105 forensis
694 1041 889 1130 eloquentia
914 1043 1049 1134 gloriam
1073 1066 1188 1109 conse·

122 1163 258 1235 quutus.

165 1247 312 1311 LXXVI.
329 1248 439 1310 Exstat
455 1244 523 1326 ejus
537 1244 658 1329 oratio,
673 1266 735 1332 qua
750 1245 919 1308 inimicum
936 1245 1109 1309 insectatus
1124 1261 1189 1330 est,

122 1366 154 1413 et
166 1371 255 1411 nunc
268 1371 401 1435 quoque
412 1370 477 1410 non
496 1346 703 1409 minoricam
720 1345 931 1410 admiratione
944 1346 1077 1437 legitur,
1091 1372 1189 1437 quam

122 1468 191 1514 tum
210 1450 320 1514 audita
334 1467 400 1531 est,
419 1471 520 1535 quum
539 1471 599 1536 pro
616 1448 767 1511 tirocinio
785 1448 933 1536 coepisset
949 1450 1187 1541 accusationem

122 1553 312 1616 nobilissimi
339 1549 661 1639 eloquentissimique
684 1549 846 1631 hominis,
866 1549 920 1637 qui
950 1549 1048 1613 modo
1075 1552 1190 1617 consul

121 1654 249 1735 fuisset,
273 1669 305 1717 et
328 1669 421 1715 antea
437 1667 546 1741 gratus
561 1650 664 1738 plebi,
683 1651 718 1714 L.
733 1651 854 1740 Opimii
870 1650 1059 1715 defensione
1079 1653 1189 1717 Patres

120 1776 253 1840 quoque
270 1753 331 1816 sibi
349 1753 559 1816 conciliasset.
579 1751 617 1814 ld
634 1751 740 1840 ipsum
758 1776 825 1815 uon
843 1774 882 1815 ex
898 1753 997 1815 animi
1012 1752 1188 1837 sententia,

119 1852 177 1915 sed
192 1877 249 1942 per
263 1854 501 1917 simulationem
520 1855 660 1933 factum,
678 1851 832 1940 aliudque
846 1853 908 1917 sub
925 1877 959 1916 ea
979 1855 1085 1941 specie
1102 1879 1190 1943 quae·

119 1956 215 2019 situm
229 1960 362 2020 Crassus
379 1978 535 2044 arguens,
548 1954 670 2034 effecit,
685 1971 721 2016 ut
734 1977 774 2017 ne
791 1954 915 2019 reditus
928 1956 1061 2043 quidem
1073 1956 1114 2020 ad
1127 1981 1188 2049 op·

119 2058 278 2121 timasium
299 2080 427 2121 causam
441 2080 497 2119 reo
515 2055 602 2143 apud
616 2047 702 2142 ip'sos
717 2055 889 2143 optimates
905 2055 1083 2142 prodesset.
1102 2057 1188 2123 Ade-

119 2177 167 2222 rat
176 2159 417 2223 adolescentulo
428 2154 582 2220 mirificus
595 2154 715 2244 pudor,
727 2171 759 2219 et
768 2146 859 2220 aetate
869 2157 1076 2222 favorabilem
1090 2159 1188 2223 etiarn

119 2260 403 2324 commendatione
422 2258 590 2348 probitatis
607 2256 789 2338 adjuvabat.

163 2364 326 2427 LXXVII.
343 2362 441 2424 lnitio
451 2360 664 2424 accusationis
679 2360 723 2423 ita
736 2377 921 2424 commotus
934 2377 999 2441 est,
1014 2379 1051 2425 ut
1066 2363 1106 2445 Q
1115 2361 1188 2427 Ma-

119 2464 241 2545 ninius,
258 2464 314 2551 qui
333 2462 494 2541 judicium
512 2462 697 2540 exercebat,
718 2461 808 2548 quod
830 2463 968 2525 fractum
986 2487 1022 2526 ac
1037 2463 1186 2528 debilita-

119 2580 188 2628 tum
208 2583 298 2629 metu
315 2563 455 2645 videret,
476 2562 649 2627 consilium
667 2562 834 2626 dimiserit.
855 2562 970 2651 Neque
989 2565 1149 2629 minorem
1169 2590 1188 2631 a

119 2667 264 2729 moribus
289 2667 464 2753 animoque
482 2662 629 2741 laudem,
647 2686 745 2750 quam
769 2663 809 2725 ab
834 2663 955 2752 ingenii
983 2666 1187 2746 excellentia,

117 2791 156 2830 eo
171 2766 293 2845 judicio
315 2765 444 2828 meruit.
467 2765 550 2826 Nam
572 2786 701 2826 servum
720 2763 860 2842 inimici,
883 2766 939 2853 qui
956 2766 1112 2831 scrinium
1126 2767 1186 2834 do·

118 2868 196 2930 utini
217 2866 257 2928 ad
278 2891 312 2929 se
330 2865 505 2944 detulerat,
525 2862 614 2926 uude
635 2865 872 2927 accusationem
898 2859 1016 2930 multis
1026 2858 1189 2935 instruere

117 2967 315 3057 argumentis
332 2982 455 3054 posset,
469 2988 542 3028 cum
563 2965 698 3047 scrinio,
719 2966 803 3029 sicut
812 2983 896 3049 erat,
913 2967 1103 3057 obsignato,
1117 2972 1188 3036 vin·

117 3088 204 3133 ctum
222 3071 302 3133 hero
319 3067 452 3132 remisit.
473 3066 568 3131 Unde
581 3067 734 3149 majorem
748 3090 804 3130 reo
818 3068 915 3133 simul
930 3086 1071 3151 metum,
1089 3073 1186 3138 simul

117 3150 345 3236 verecundiam
365 3171 515 3250 injectam
540 3192 609 3234 esse
628 3168 842 3252 crediderim,
862 3171 918 3258 qui
935 3171 977 3233 ab
998 3171 1185 3238 adolescen-

118 3277 185 3337 tulo
201 3298 266 3338 non
279 3275 379 3363 magis
394 3296 506 3352 causa,
520 3295 617 3365 quam
630 3272 758 3353 animo,
772 3272 992 3360 consilioque,
1006 3290 1038 3337 et
1054 3273 1185 3340 dicendi

115 3391 182 3436 arte
200 3394 393 3439 vinceretur.

160 3475 337 3539 LXXVlll.
359 3476 462 3565 lgitur
480 3473 722 3538 damnationem
742 3475 883 3556 timens,
909 3501 950 3540 ne
978 3480 1084 3541 solum
1111 3503 1186 3544 ver·

116 3592 214 3655 teret,
235 3593 386 3665 sumpto,
410 3593 447 3640 ut
463 3578 678 3641 existimatum
702 3593 766 3657 est,
789 3577 1013 3642 cantharidum
1039 3604 1184 3665 veneno,

117 3679 320 3741 severitatem
336 3678 483 3756 judicum
507 3696 688 3767 spontaneo
703 3679 800 3741 'exitu
821 3680 983 3765 praevenit.
1003 3681 1063 3743 Hic
1079 3705 1184 3746 annus

116 3781 152 3843 C.
168 3779 261 3842 Marii
283 3779 443 3866 Arpinatis
467 3803 608 3860 nomen,
629 3803 775 3865 eousque
796 3778 938 3857 humile,
964 3779 1128 3844 nobilibus
1149 3781 1184 3845 in

115 3882 284 3944 tribunatu
303 3880 380 3942 actis
401 3881 525 3943 extulit.
543 3881 651 3944 Homo
671 3882 766 3944 etiam
786 3881 819 3942 in
843 3880 1022 3968 municipio
1043 3906 1103 3945 suo
1126 3905 1183 3947 ex·

115 3986 224 4048 clusus
238 3983 278 4045 ab
292 3981 491 4060 honoribus,
508 3984 618 4046 Romae
632 3981 725 4069 petiit
737 4004 746 4062 ;
762 3979 1012 4069 faventibusque
1026 3982 1183 4065 Metellis,

150 4218 165 4281 S
180 4220 284 4266 LXXV.
296 4218 346 4266 Jul.
360 4217 451 4280 Obseq.
471 4244 506 4252 -
527 4217 580 4266 Cic.
595 4217 626 4264 de
641 4219 710 4265 Orat.
723 4219 747 4274 1,
762 4233 806 4272 ιο,
821 4228 846 4264 et
861 4219 912 4277 111,
925 4234 967 4267 ao.
982 4246 1017 4255 -·
1037 4220 1182 4283 §lxxvi

115 4306 189 4349 Auct.
204 4303 234 4349 de
248 4320 313 4349 caus.
331 4313 440 4366 corrupt.
457 4303 523 4366 eloq.
537 4318 591 4364 cap.
609 4303 649 4356 34.
664 4327 699 4338 -
714 4301 767 4349 Cic.
782 4302 808 4347 in
822 4302 912 4359 Bruto,
926 4319 979 4366 cap.
997 4304 1046 4363 433
1066 4303 1096 4351 de
1112 4306 1184 4353 Orat.

115 4386 152 4442 ΙΙ,
166 4394 211 4443 to,
227 4398 251 4434 er
271 4387 301 4434 de
317 4389 390 4450 Legg.
408 4387 456 4442 111,
473 4384 587 4449 16.·-§
602 4385 730 4431 LXXVII.
744 4384 796 4432 Cic.
810 4399 857 4449 pro
873 4385 989 4443 Fonteio,
1003 4401 1057 4450 cap.
1072 4403 1100 4447 75
1117 4386 1182 4435 idem

116 4468 147 4515 cle
162 4472 233 4518 Orat.
249 4474 274 4528 l,
288 4471 335 4529 26,
347 4471 411 4520 etde
422 4470 494 4519 offic.
510 4473 549 4529 ΙΙ,
563 4470 602 4517 13.
613 4468 843 4528 -ἿιΙΜιιἮ,
858 4466 883 4515 5.

944 4561 1006 4633 26.
