2594 4980
282 704 340 780 IN
366 708 480 779 too
506 706 599 778 LlB.
624 708 696 777 LII
724 699 939 782 Lt'vttttt.
1070 715 1137 810 193

93 850 214 922 porum
231 831 390 895 memoria
406 830 450 893 ita
466 829 599 909 subeat,
615 844 653 892 ut
669 828 749 891 illud
767 828 1016 916 incitamentum
1028 828 1138 922 potius

93 934 237 1011 irarum,
252 952 351 1018 quant
367 928 638 1011 mansuetudinis,
655 928 783 992 habeas.
798 930 917 994 Crebra
934 935 1070 998 mutatio
1085 959 1137 1001 re·

93 1056 173 1124 gum
196 1055 259 1097 nec
281 1031 533 1119 imperantibus,
551 1047 612 1094 nec
632 1030 751 1116 quihus
772 1030 966 1118 imperatur,
984 1033 1055 1098 laeta
1068 1053 1138 1101 esse

93 1150 212 1224 potest.
233 1135 339 1198 lama
358 1132 468 1196 multis
490 1132 584 1194 annis
601 1131 691 1194 triste
709 1129 945 1195 documentum
969 1132 1059 1220 Syria
1078 1135 1138 1199 de·

96 1233 159 1317 dlt,
176 1233 258 1322 quid
280 1235 365 1296 inter
384 1234 543 1323 populum
564 1255 738 1320 regemque
758 1231 926 1296 discordias
945 1236 1090 1321 possint:
1107 1253 1140 1301 et

98 1357 195 1423 quam
221 1335 380 1414 invictos,
404 1333 430 1396 si
454 1334 679 1413 consentiant,
707 1331 792 1395 inter
815 1332 994 1399 simultates
1019 1337 1140 1425 exigue
1213 1360 1226 1383 ·

93 1458 180 1525 sepe
199 1451 233 1500 et
258 1435 435 1523 inopinatae
461 1457 564 1498 causae
589 1436 715 1522 possint
740 1449 892 1499 evertere.
919 1436 1035 1524 lgitur,
1050 1436 1140 1525 quod

93 1538 177 1602 mihi
190 1538 349 1625 vobisque
368 1536 512 1600 faustum
530 1537 587 1617 sit,
605 1535 728 1623 quoda
745 1534 836 1599 tobis
854 1538 962 1624 accepi
976 1536 1139 1621 diadema,

93 1659 140 1700 zen
156 1638 310 1716 testimo,
326 1652 364 1700 ut
382 1638 461 1700 huic
481 1638 645 1701 Demetrio
668 1639 851 1726 imponatis.
872 1637 952 1700 Mihi
975 1638 1150 1704 sufficiunt·

93 1736 258 1826 legyptioe
276 1760 373 1826 opes,
394 1760 467 1824 quae
483 1756 602 1828 magno
624 1739 818 1818 Ptolemoeo,
836 1741 1023 1827 caeterisque
1039 1743 1141 1822 majo·

96 1838 188 1903 «ribus
204 1840 284 1903 meis
300 1839 510 1903 suffecerunt.
529 1840 570 1902 Et
585 1855 692 1903 tamen
707 1856 868 1926 quantum
886 1841 993 1922 abest,
1010 1843 1090 1928 quin
1104 1843 1141 1906 iu

99 1958 189 2028 ·ptrte
200 1941 327 2031 imperii
339 1964 409 2006 esse
423 1941 543 2022 videar,
555 1941 647 2021 cujus
660 1941 800 2006 etlilium
814 1942 958 2037 reginam
974 1944 1139 2031 relinquo,

102 2054 142 2103 «et
153 2063 237 2131 reges
254 2064 349 2130 spero
366 2042 520 2130 nepotes?
534 2073 547 2099 υ
729 2028 734 2039 ’

133 2140 231 2207 xtvt.
255 2144 304 2206 lta
326 2143 486 2231 persuasis
512 2144 800 2228 Antiochensibus,
825 2147 1008 2210 Demetrius
1031 2148 1065 2210 in
1087 2170 1140 2213 re·

108 2260 183 2326 glum
198 2245 360 2333 recipitur.
377 2244 493 2331 Neque
507 2244 638 2326 milites,
653 2268 794 2332 quorum
811 2246 956 2335 plerique
973 2244 1034 2311 sub
1051 2265 1141 2336 patre

109 2337 242 2409 Bmemo
261 2362 463 2422 meruerant,
486 2349 576 2436 signa
597 2364 789 2411 cunctanter
808 2346 947 2412 ad-eum
967 2352 1141 2414 translere·

111 2437 172 2512 hm
189 2447 281 2512 lletlit
296 2449 380 2512 inter
395 2448 464 2511 haeo
484 2472 522 2511 ex
539 2450 648 2514 Cilicia
664 2449 845 2513 Alexander
863 2473 938 2514 cum
963 2472 1139 2514 numeroso

113 2549 236 2630 unctu,
252 2548 398 2637 finesque
411 2549 623 2625 antiochenos
642 2551 708 2640 igni
724 2551 875 2638 ferroque
889 2564 1060 2639 pervastat‘
1073 2551 1139 2615 Oc-

113 2661 215 2715 ntmmt
233 2653 263 2716 ei
287 2674 378 2741 reges
403 2651 477 2714 totis
499 2653 640 2733 viribus3
663 2653 696 2714 io
720 2653 839 2739 campis
865 2653 906 2716 ad
930 2655 1139 2740 OEnoparam

113 2762 206 2817 sstem
228 2777 339 2844 pugna
362 2755 591 2835 committitur,
616 2753 757 2817 duorum
785 2774 897 2841 regum
923 2755 1031 2817 exitio.
1056 2754 1139 2818 Nam

113 2844 270 2939 llttander,
292 2878 394 2943 quum
420 2878 458 2918 ex
483 2854 618 2918 adverso
644 2854 754 2942 praelio
781 2853 823 2916 ud
847 2853 994 2940 regulum
1018 2853 1141 2918 Arabiae

114 2944 264 3021 lstdielum
282 2957 399 3044 (Greci
417 2957 561 3020 Dioclem
579 2953 845 3042 interpretantur)
862 2975 938 3016 cum
956 2954 1150 3042 quingentis-

115 3044 185 3118 letne
197 3058 358 3146 equitibus
376 3059 410 3121 in
428 3058 543 3122 urbem
558 3056 643 3122 Abas
660 3055 867 3144 perfugisset,
882 3076 1017 3118 suorum
1034 3053 1142 3142 prodi·

114 3145 176 3218 tione
186 3174 215 3222 et
227 3159 362 3247 hospitis
375 3158 508 3247 perfidia
521 3157 710 3221 trucidatur.
728 3156 918 3219 Ptolemaeus
935 3173 1054 3241 paucos
1066 3167 1140 3243 post

115 3243 161 3315 tie
171 3259 401 3324 exvutneribus
417 3259 509 3323 obiit.
530 3261 640 3341 Quum
657 3259 744 3321 enim
758 3280 862 3344 equus
875 3257 960 3337 ejus,
977 3255 1139 3344 elephanti

115 3344 398 3441 hnnexterritus,
412 3382 521 3448 regem
534 3359 737 3439 excussisset,
752 3359 861 3421 hostes
874 3356 984 3420 multis
995 3356 1028 3420 in
1042 3372 1140 3444 caput

116 3446 389 3548 &prostratum
407 3459 692 3523 convulnerarunt.
713 3457 808 3522 Unde
826 3473 937 3545 raptus
956 3476 975 3519 a
994 3457 1138 3522 custodi·

116 3541 158 3614 ltu
167 3561 297 3649 eorporis
313 3562 347 3624 in
362 3559 623 3640 tabernaculum,
640 3581 742 3646 quum
760 3558 875 3622 medici
890 3558 1053 3622 terebrare
1068 3581 1140 3622 ossa

116 3655 193 3738 apitis
214 3662 469 3741 contenderent,
496 3677 567 3723 toto
591 3659 765 3746 quatriduo
788 3659 857 3720 sine
879 3678 958 3720 voce
980 3674 1013 3720 et
1040 3680 1138 3721 sensu

115 3743 199 3823 lttttit:
213 3764 346 3850 quintus
366 3761 499 3825 demum
519 3759 588 3825 dies
607 3775 801 3846 utrumque,
815 3756 872 3822 sed
892 3759 924 3820 in
944 3776 1137 3848 perpetuum

116 3846 257 3943 mmm,
272 3862 434 3944 reddidit;
453 3878 627 3949 conspecto
646 3876 721 3924 ante
743 3875 880 3923 mortem
897 3860 1070 3925 Alexandri
1087 3882 1138 3923 ca·

117 3949 172 4057 llll,
183 3965 262 4050 quod
280 3964 452 4029 Zabdielus
469 3962 600 4026 adeum
624 3962 753 4025 miserat
765 3984 781 4026 τ’
793 3961 826 4024 id
845 3982 921 4049 ergo
944 3977 1080 4047 sumptae
1096 3959 1136 4023 ab

117 4053 213 4127 minim
235 4066 369 4129 ultionis
396 4066 535 4154 imagine
559 4079 759 4152 postremum
785 4064 959 4151 exspiranti
986 4062 1137 4126 solatium

118 4156 297 4254 radiumque
310 4167 384 4230 luit.

142 4333 320 4402 turmas.
335 4355 443 4413 xxxv,
458 4350 1089 4421 2.-tosspu.-sxtv1.rmh.-smpu
1104 4378 1139 4389 -

123 4412 222 4483 latu.
230 4438 297 4488 rvr
307 4464 343 4476 -
352 4437 457 4489 nister.
467 4439 580 4499 xxxu,
593 4454 615 4487 t.
624 4464 659 4477 .-
671 4439 759 4502 Polyb.
769 4437 834 4501 apua
844 4436 924 4483 vna.
935 4461 969 4471 -
980 4435 1033 4483 nv.
1041 4433 1107 4497 spe.

216 4533 272 4601 IX.
303 4610 307 4629 Ι
936 4529 976 4596 13
