2594 4980
134 680 198 748 182
304 677 372 744 JO.
399 677 736 746 FREINSHEMII
768 676 1015 745 SUPPLEM.

128 813 207 861 stres
228 813 345 860 statuas
369 820 514 886 expressa
536 797 737 886 singulorum
761 796 972 861 similitudine
993 794 1173 880 lieti'jusdt,

127 921 283 984 suamque
303 899 385 962 inter
398 900 475 963 illas.
494 900 550 962 Hae
566 920 679 962 omnes
697 898 731 961 in
748 896 829 962 urbe
844 895 1045 962 Macedoniae
1062 898 1122 963 llio
1134 900 1173 964 lo·

128 1015 205 1062 catae
220 999 351 1062 fuerunt
368 1023 375 1062 :
390 999 465 1063 inde
481 999 629 1063 Metellus
644 1001 779 1062 Romam
794 998 967 1063 transtulit
986 998 1117 1063 Metello
1128 1022 1173 1065 eo·

128 1123 269 1189 gnomen
281 1125 319 1163 cx
329 1102 491 1189 provincia
503 1099 1172 1187 debellataMacedonicihsesit3nonquiden

126 1201 237 1264 virtuti
255 1203 322 1281 ejus
335 1201 516 1265 indebitum
533 1224 540 1264 :
553 1201 610 1266 sed
619 1203 723 1290 aliqua
736 1202 871 1265 mutatio
885 1222 1018 1265 morum
1030 1202 1172 1266 Romen

127 1303 244 1366 talibus
260 1327 392 1390 quoquc
410 1303 515 1392 colligi
531 1319 654 1391 potest,
668 1325 771 1389 quum
784 1302 826 1383 Q.
842 1300 991 1365 Metellus
1006 1321 1170 1391 cognomen

125 1421 318 1483 assumeret,
341 1403 431 1495 quod
450 1427 488 1468 ex
513 1403 625 1468 eadem
641 1402 828 1468 Macedonia
850 1412 957 1489 neque
972 1401 1012 1464 Τ.
1034 1400 1171 1483 Quindm

126 1505 286 1591 primum,
312 1529 418 1593 neque
445 1503 562 1568 deinde
583 1507 618 1569 L.
642 1504 808 1585 AEmilius,
825 1501 1002 1580 majoribus
1024 1501 1170 1589 ahquauto

126 1606 236 1686 rebus,
253 1623 285 1669 et
302 1624 413 1670 contra
431 1629 522 1669 veros
539 1628 630 1695 reges
648 1605 767 1695 gestis,
784 1616 1037 1689 assumpserant.

168 1707 290 1769 XXIII.
320 1706 515 1770 Iustioribns
539 1706 704 1794 aliquanto
731 1706 833 1769 causis
860 1702 1056 1769 AEmilianus
1079 1700 1170 1789 Scipio

124 1804 276 1892 Africani
296 1824 566 1896 cognomentum,
589 1806 679 1895 quod
701 1807 856 1870 hactenus
877 1803 1107 1870 hereditarium
1124 1801 1169 1865 ha·

123 1905 253 1987 burras,
270 1908 338 1970 suis
361 1908 481 1971 meritis
497 1908 681 1996 adscripsit,
701 1908 849 1971 hostibus
865 1906 1031 1971 exstinctis
1048 1902 1169 1969 acerbis·

125 2006 230 2086 simis,
246 2010 347 2072 excisa
360 2010 441 2073 urbe
453 2012 584 2088 aemula,
595 2009 861 2097 amplissimisque
872 2007 1061 2098 regionibus
1067 2006 1170 2092 inpm

124 2106 236 2169 vinciae
252 2109 388 2173 formam
409 2110 555 2177 redactis.
572 2112 621 2175 De
638 2110 756 2197 quibus
773 2110 869 2174 rebus
887 2131 1010 2197 quum,
1023 2120 1169 2197 reportato

123 2207 156 2271 in
174 2209 297 2273 ltaliam
313 2213 474 2293 exercitu,
489 2211 576 2300 apud
593 2213 703 2276 Patres
721 2211 936 2291 disseruisset,
953 2204 1169 2298 triumphusti

123 2307 164 2373 de
187 2312 377 2401 Carthagine
398 2331 429 2377 et
448 2313 647 2378 Hasdrubale
666 2335 784 2402 magno
802 2334 877 2377 cum
895 2313 1024 2375 honore
1039 2308 1167 2375 decretus

123 2427 187 2492 est,
211 2437 307 2499 quem
334 2415 429 2503 longe
452 2415 684 2502 amplissimum
703 2415 813 2496 duxit,
832 2413 982 2478 translata
1008 2426 1167 2476 statuarum

122 2529 159 2575 et
168 2512 377 2579 donariorum
388 2540 502 2605 magna
516 2517 546 2580 vi
556 2565 564 2597 ,
575 2517 730 2604 omnique
739 2517 794 2580 illo
804 2531 959 2604 apparatu
969 2534 1072 2603 opum
1082 2560 1091 2589 ‚
1103 2529 1167 2600 quat

120 2626 210 2676 tanto
228 2632 372 2704 tempore
392 2618 566 2682 multarum
587 2618 756 2681 nationum
779 2638 959 2706 regumque
976 2615 1090 2681 victrix
1105 2614 1166 2677 (ltr-

119 2712 217 2803 thago
234 2740 272 2780 ex
290 2734 359 2781 toto
376 2720 455 2782 orbe
471 2733 683 2808 congesserat.
705 2718 834 2806 Argenti
851 2717 1043 2781 translatum
1059 2710 1165 2801 reperit

120 2833 234 2901 quater
245 2818 371 2882 millena
387 2818 620 2907 quadringenta
630 2820 831 2908 septuaginta
841 2818 941 2881 millia
952 2810 1165 2905 posidebunt

119 2934 193 2981 ante
211 2941 342 2983 currum
359 2921 443 2983 inter
459 2920 537 2982 alios
555 2918 789 2982 Hasdrubalem
806 2934 838 2981 et
853 2916 1002 3004 Bithyam
1014 2963 1024 2997 ,
1038 2914 1093 3003 qui
1105 2929 1163 2975 mot

117 3039 192 3080 cum
211 3019 417 3081 nobilissimis
434 3017 618 3107 deditorum
629 3040 687 3105 per
700 3019 797 3081 Italiae
812 3018 986 3105 municipia
1003 3011 1162 3089 distributi,
1176 3069 1178 3073 .

117 3118 214 3181 vitam
231 3119 265 3180 in
284 3118 382 3181 libera
401 3118 546 3183 custodIa
563 3135 759 3207 exegerunt:
775 3134 964 3182 caeterorum
977 3140 1052 3207 pars
1065 3118 1100 3181 iu
1113 3132 1161 3181 stt·

118 3217 253 3278 vitutem
271 3217 416 3296 vendita,
436 3218 544 3303 plures
561 3219 595 3281 in
613 3241 739 3311 carcere
755 3219 957 3284 interierunt.

162 3317 280 3380 XXIV.
300 3318 389 3379 Inter
402 3319 461 3379 ista
479 3332 529 3379 tot
544 3340 697 3405 prospera
712 3318 724 3404 (
733 3340 793 3382 nec
807 3319 893 3383 enim
909 3319 958 3382 uti
971 3318 1104 3409 singulis
1116 3314 1161 3379 ho·

119 3421 279 3500 minibus,
299 3422 342 3484 ita
353 3423 481 3508 populis
497 3422 704 3512 imperiisque
725 3425 789 3488 ulla
800 3425 871 3487 sine
881 3424 1018 3491 tristitiae
1030 3440 1162 3512 temperi·

117 3537 229 3585 mento
239 3521 339 3584 solida
351 3522 482 3588 felicitas
493 3523 572 3610 est),
581 3547 632 3588 res
641 3525 672 3588 in
685 3525 837 3613 Hispania
847 3548 914 3589 non
927 3524 1073 3591 difficiles
1082 3518 1161 3589 modo

115 3638 225 3700 erant,
243 3621 298 3684 sed
316 3623 410 3685 etiam
432 3625 585 3712 magisne
606 3627 706 3715 magis
722 3625 861 3691 adverse
882 3625 1049 3715 duraeque.
1065 3620 1160 3691 Prusa

113 3743 198 3808 puus
215 3721 260 3784 ibi
278 3745 488 3786 romanorum
510 3727 709 3790 exercituum
727 3742 831 3790 terror
852 3727 1017 3793 Viriathus
1038 3742 1119 3807 erat,
1133 3740 1160 3785 t!

114 3822 291 3885 humilibus
315 3824 413 3887 initiis
429 3824 469 3888 ad
487 3827 651 3915 ingentem
666 3829 843 3915 potentiam
863 3830 1048 3916 famamque
1063 3844 1159 3918 prust·

114 3939 195 3988 ctus.
215 3923 296 3986 Nam
319 3948 357 3986 ex
374 3943 501 4012 pastore
517 3944 661 4009 venator,
678 3952 716 3993 ex
731 3946 884 3994 venatore
903 3931 1003 4016 latro,
1019 3942 1118 4018 quum
1135 3934 1160 3985 tl

148 4162 262 4227 §xxia
277 4164 329 4210 mv.
343 4164 409 4228 spa.
418 4167 515 4214 -mt
528 4170 596 4217 unx.
608 4171 673 4228 vn,
690 4186 704 4218 ι
718 4180 743 4218 n
758 4170 781 4218 s.
793 4173 941 4236 -snrop
958 4198 994 4209 -
1005 4170 1071 4219 mor.
1084 4166 1118 4224 u,
1128 4167 1158 4213 ¹⁴·

112 4274 146 4282 -
157 4247 264 4312 Appiae.
278 4248 363 4295 Punic.
378 4275 412 4284 -
422 4249 485 4297 vell.
499 4253 524 4308 1,
539 4268 576 4298 rr.
590 4279 624 4289 -
635 4253 758 4302 Plutarch.
774 4256 801 4303 in
816 4256 886 4305 Alex.
905 4272 959 4322 cap.
977 4255 1020 4304 2⁶.
1031 4280 1066 4292 -
1077 4247 1158 4299 Afflfl·

114 4332 141 4387 I,
152 4330 175 4376 5.
185 4357 220 4367 -
233 4330 295 4378 Plio.
307 4332 430 4390 xxm,
440 4333 465 4380 8.
479 4359 515 4370 -
529 4332 545 4399 s
563 4336 662 4386 xxm.
678 4337 768 4389 zenan
783 4365 819 4376 —
831 4340 935 4405 Entmp.
948 4364 983 4377 ·-
996 4336 1051 4389 liv.
1063 4332 1121 4400 Ball·
1130 4346 1157 4363 ‘

111 4412 216 4477 Appias.
230 4442 265 4452 -
277 4415 340 4463 Plin.
351 4416 479 4474 xxxut,
491 4430 529 4464 n.
