2640 5046
267 770 320 838 nv
348 770 458 838 soc.
487 771 581 839 nra.
608 773 776 842 xnvru
804 740 1020 846 Liviam.
1099 740 1104 752 ’
1133 772 1182 872 69

116 912 270 955 cenarum
291 891 526 979 exspectatione
544 908 645 958 erant.
661 895 780 957 Decem
798 894 885 957 enim
908 896 1021 985 legati,
1041 919 1123 984 quos
1140 896 1182 962 ad

116 990 310 1079 speculanda
323 991 496 1058 Poenorum
510 994 642 1058 consilia
654 1012 784 1059 senatus
796 996 1021 1086 Carthaginem
1035 999 1180 1081 miserat,

117 1108 149 1155 et
165 1092 341 1159 exercitum
360 1108 393 1157 et
413 1095 546 1159 classem
568 1097 613 1159 ibi
635 1119 669 1160 sc
687 1096 956 1185 deprehendisse,
977 1101 1180 1167 referebant:

117 1209 289 1258 reverterat
301 1217 366 1258 uua
377 1195 553 1261 Masinissae
566 1196 649 1262 filius
664 1198 821 1280 Gulussa,
834 1200 974 1287 paternis
991 1217 1023 1264 et
1042 1202 1182 1290 propriis

116 1294 199 1358 odiis
218 1296 363 1363 infensus
382 1299 585 1387 Cartbagini3
601 1323 709 1388 neque
726 1300 925 1389 quidquam,
945 1301 1034 1390 quod
1052 1301 1093 1365 ad
1109 1325 1182 1366 exa·

115 1397 294 1463 cerbandos
313 1400 445 1464 Patrum
463 1402 588 1465 animos
612 1402 802 1489 pertineret,
826 1400 995 1483 docendo,
1013 1398 1181 1489 rogando,

114 1500 298 1585 querendo,
311 1503 584 1589 praetermittebat.
599 1503 754 1568 Miserant
770 1520 803 1568 et
814 1504 905 1568 Poeni
922 1525 998 1567 suos
1014 1517 1180 1566 oratores:

115 1600 172 1665 sed
186 1602 274 1690 apud
293 1625 418 1669 aversas
441 1627 533 1669 aures
550 1606 645 1669 etiam
662 1628 737 1670 vcra
754 1621 787 1669 et
801 1628 894 1693 aequa
914 1629 975 1692 pro
996 1603 1076 1668 fictis
1095 1601 1182 1667 indi-

113 1704 249 1792 gnisque
262 1705 511 1793 accipiebantur.
527 1707 654 1772 Auditis
666 1709 815 1772 omnium
832 1705 1051 1785 orationibus,
1067 1727 1182 1792 perro·

113 1807 180 1895 gari
196 1808 369 1869 sententias
386 1809 507 1894 placuit
521 1827 529 1869 :
543 1810 589 1868 ibi
603 1809 747 1894 plerique
765 1806 948 1893 principes,
964 1806 1080 1870 bellum
1096 1805 1181 1869 indi·

111 1908 245 1970 cendam
261 1930 341 1987 esse,
360 1907 557 1987 fremebant,
573 1922 606 1969 et
623 1923 697 1970 ante
716 1929 830 1970 omues
846 1907 1057 1994 implacabilis
1076 1908 1180 1972 Cato:

37 2065 40 2070 a
112 2007 169 2072 sed
182 2008 280 2088 hujus
289 2007 670 2088 violentiam,etillorum
687 2023 922 2089 numerum,et
934 2009 1039 2071 caeteri
1049 2025 1180 2072 senatus

112 2109 371 2192 inclinationem,
388 2130 476 2172 unus
497 2108 635 2172 maxime
651 2109 687 2174 P.
708 2108 877 2172 Cornelius
901 2108 1015 2172 Nasica
1030 2107 1181 2173 facundia

113 2226 145 2272 et
158 2211 348 2274 auctoritate
359 2210 512 2273 sustinuit
525 2233 533 2290 3
545 2210 759 2298 pervicitque,
778 2223 828 2291 ut,
842 2231 925 2272 nunc
942 2231 1064 2297 qaoque
1076 2209 1180 2273 dilato

78 2307 80 2316 '
112 2309 232 2374 altinae
253 2310 475 2399 indignationis
501 2314 633 2400 mpetu,
657 2323 776 2399 tempus
800 2309 1107 2399 Carthaginensibus
1135 2312 1183 2375 ad

107 2413 326 2502 poem'tentiam
342 2412 482 2490 daretur,
501 2415 587 2477 intra
608 2413 740 2501 quodsi
757 2411 887 2476 classem
905 2415 1108 2491 exussissent,
1130 2413 1180 2477 di·

111 2516 318 2603 mbissentque
332 2518 455 2603 copias,
469 2519 571 2580 amico
585 2515 707 2604 populo
727 2538 860 2580 romano
879 2528 1036 2580 uterentur
1048 2538 1060 2577 .·
1074 2517 1110 2576 ni
1110 2512 1178 2600 fa·

109 2627 228 2695 cercnt,
239 2614 500 2704 sutttriconsules
513 2618 552 2680 de
565 2616 645 2680 bello
658 2619 696 2680 iis
709 2615 872 2706 inferendo
888 2615 1049 2705 referrent.
1059 2617 1180 2703 Neque

111 2716 180 2780 sine
205 2739 300 2780 causa
324 2718 525 2804 temporibus
550 2718 611 2781 iliis
642 2732 768 2781 tantum
797 2718 826 2782 ei
854 2719 924 2781 viro
952 2716 1178 2799 deferebatur3

111 2817 232 2905 quippe
255 2818 463 2880 sanctissimis
483 2817 646 2898 moribus,
661 2835 693 2881 et
711 2818 888 2882 inviolabili
906 2820 1024 2882 mentis
1046 2819 1179 2881 rectitu-

113 2913 189 2979 dine
204 2915 374 3004 praeditus,
393 2933 518 2981 aetatem
532 2919 646 3004 procul
660 2918 698 2981 iis
715 2918 845 3006 ineptiis
865 2919 1023 2982 habuerat
1034 2917 1178 3004 ,quibus

111 3016 159 3079 vis
180 3017 301 3106 ingenii
318 3018 482 3105 animique
504 3018 651 3081 inanium
667 3034 724 3083 ant
747 3019 917 3081 noxiarum
940 3040 1050 3080 rerum
1074 3015 1179 3079 admi·

112 3117 237 3181 ratione
256 3119 389 3184 vilescit.
411 3119 580 3207 Sapientiae
598 3120 738 3201 artibus,
756 3120 879 3208 publici
897 3119 1076 3209 privatique
1096 3117 1177 3196 juris

110 3219 274 3306 peritiam,
290 3237 322 3285 et
338 3221 484 3308 utrisque
497 3221 644 3286 studium
663 3222 855 3310 eloquentiae
871 3221 1099 3300 conjunxerat:
1115 3218 1178 3283 illis

110 3343 193 3407 opus
203 3321 322 3385 babere
328 3321 537 3403 judicans,ut
546 3323 595 3385 vir
603 3323 747 3411 civisque
756 3325 864 3388 bonus
874 3345 943 3386 esse
952 3337 1079 3409 posset;
1094 3321 1176 3403 hoc,

111 3436 147 3483 nt
159 3422 237 3486 alios
251 3421 387 3487 efficere.
404 3423 532 3506 Quibus
546 3422 587 3488 de
601 3425 705 3489 causis
721 3425 756 3488 in
772 3425 987 3488 admiratione
1003 3424 1177 3487 hominum

110 3544 212 3608 quum
227 3541 327 3605 esset,
339 3525 506 3588 communi
520 3526 699 3590 faventium
715 3549 778 3591 usu
793 3524 960 3590 &reulum
974 3539 1022 3587 est
1034 3523 1175 3612 appella·

109 3639 172 3688 tus.
191 3625 281 3690 Idem
302 3626 416 3692 iisdem
434 3628 635 3715 temporibus
658 3627 895 3692 documentum
921 3627 1044 3690 illustre
1066 3623 1174 3703 dedit,

109 3747 184 3789 cum
201 3726 319 3793 efficaci
336 3729 485 3794 facundia
507 3752 642 3793 summae
660 3729 871 3793 auctoritatis.

152 3827 288 3893 XXVll.
306 3830 470 3894 lateralia
489 3830 636 3917 quaedam
656 3852 754 3918 opera
771 3829 900 3917 publica
915 3827 1079 3890 theatrum
1096 3840 1173 3911 pro·

107 3927 186 3990 rimi
201 3951 367 4011 censores,
382 3952 400 3992 a
419 3931 585 4017 Lupercali
602 3933 637 3994 in
659 3931 817 3995 Palatium
836 3950 947 3993 versus
966 3927 1171 3991 locaverant:

107 4029 142 4093 id
155 4046 226 4093 tum
243 4029 437 4111 struebatur,
452 4052 558 4116 neque
573 4034 690 4119 procul
705 4029 904 4121 perfectione
922 4027 1051 4103 aberat3
1068 4045 1171 4110 quum

107 4131 142 4196 P.
160 4130 349 4211 Cornelius,
376 4130 547 4193 exitiosum
570 4134 707 4198 civitatis
730 4129 874 4194 moribus
894 4127 1079 4189 institutum
1103 4143 1172 4187 esse

107 4230 242 4313 docens,
260 4233 285 4294 si
301 4253 390 4295 vanae
401 4231 573 4318 voluptatis
589 4230 746 4296 illecebris
763 4250 915 4294 mansura
931 4224 1021 4289 sedes
1033 4246 1174 4314 ponere·

140 4445 263 4511 §xm
273 4447 326 4495 Liv.
335 4445 401 4512 Epit.
412 4446 517 4496 -Vett
529 4449 557 4508 1,
574 4463 614 4498 ra.
623 4445 780 4500 -Auctdc
788 4445 846 4497 Vir.
855 4445 943 4495 illustn
954 4457 1009 4509 etp.
1020 4450 1062 4501 tt·
1072 4468 1107 4481 -
1116 4440 1178 4497 cu.

102 4531 195 4591 Bruto,
208 4546 285 4592 cao,
297 4533 422 4582 metten
436 4547 458 4579 c.
471 4539 512 4588 rt.
