2594 4980
155 732 224 804 306
326 737 393 801 JO.
420 734 757 819 FREINSHEMH
786 733 1030 801 SUPPLEM.

151 886 164 910 a
169 857 222 935 jus
243 855 353 942 populi
378 853 457 916 adeo
475 856 646 935 extollitur,
667 871 706 919 ut
720 844 837 949 ¹populi
860 840 990 939 quidem
1008 855 1207 921 voluntatem

154 973 272 1044 «atque
282 954 449 1018 commoda
463 953 637 1042 negligere,
648 955 727 1043 quid
742 954 925 1043 negligere?
937 955 1108 1037 ludificari,
1119 981 1207 1045 sper·

152 1088 165 1112 ι
176 1081 266 1137 nere,
276 1050 422 1119 obterere
434 1057 584 1119 tribunus
600 1057 733 1145 impune
741 1071 854 1143 queat,
867 1058 1003 1143 populus
1019 1057 1060 1122 de
1074 1060 1207 1123 tribuno

153 1175 316 1223 «statuere
336 1157 498 1244 nequeat?
515 1148 748 1221 Sacrosanctus'
757 1157 843 1220 enim
860 1161 925 1221 est!
939 1174 1041 1240 eerte3
1056 1159 1082 1222 si
1096 1160 1208 1225 condi·

151 1290 164 1315 «
176 1261 255 1323 tioni
265 1308 274 1340 ,
284 1283 381 1346 quam
397 1258 534 1343 accepit,
548 1273 653 1344 paret,
669 1258 696 1321 si
712 1279 779 1319 non
795 1256 865 1319 solo
875 1258 1007 1321 nomine
1020 1258 1205 1339 tribunum,

152 1361 232 1425 «sed
258 1360 320 1424 lide
336 1382 496 1447 operaque
514 1374 654 1444 praestat,
676 1371 895 1421 sacrosanctus
916 1374 1008 1421 esto:
1028 1374 1061 1421 at
1083 1360 1110 1422 si
1140 1360 1206 1423 haec

151 1463 281 1526 «omnia
298 1485 357 1548 pro
379 1461 480 1522 nihilo
499 1460 632 1538 babeat,
644 1458 689 1521 sic
707 1478 838 1544 quoque
855 1474 1074 1523 sacrosanctus
1092 1460 1178 1524 erit?

197 1563 280 1625 XLI.
294 1593 306 1616 ι
318 1560 405 1642 Quid
423 1561 559 1645 siquem
576 1560 609 1622 in
628 1560 688 1622 hac
704 1574 860 1644 potestate
878 1559 970 1623 furor
989 1561 1154 1637 invaserit,
1170 1577 1208 1649 ut

151 1664 369 1751 «Capitolium
382 1661 526 1740 diruere,
540 1659 661 1724 navalia
677 1658 848 1722 incendere
862 1659 953 1738 velit,
965 1682 1032 1725 nou
1046 1662 1207 1726 coercebi-

152 1764 251 1828 «turi
278 1765 358 1825 ratio
383 1762 556 1824 habebitur
577 1775 785 1825 sacrosanctae
806 1760 996 1846 potestatis?
1018 1761 1059 1825 Et
1082 1776 1205 1844 tamen,

152 1867 231 1952 aqui
250 1866 313 1928 boc
331 1863 462 1926 auderet
485 1862 623 1940 lacinus,
643 1861 744 1924 malus
761 1882 837 1924 sane
856 1860 1019 1940 tribunus,
1044 1876 1077 1924 at
1098 1877 1205 1927 tamen

152 1965 325 2027 «tribunus
340 1965 440 2025 l'orct:
458 1962 514 2025 sed
530 1962 587 2048 qui
603 1961 648 2024 M.
663 1961 945 2049 Octaviiexemplo
961 1960 1025 2026 hoc
1036 1978 1157 2050 ageret,
1169 1975 1223 2027 ut'

153 2063 295 2128 «deleret
314 2064 364 2142 jus
382 2063 511 2149 populi,
530 2061 595 2139 vim
610 2062 747 2149 eriperet
764 2061 933 2137 tribubus,
950 2061 1129 2143 libertatem
1147 2087 1206 2150 op-

153 2166 344 2253 «primeret,
365 2165 449 2225 isne
470 2162 600 2248 quidem
628 2162 777 2226 tribunus
796 2165 861 2243 jam
877 2184 946 2226 esse
965 2181 1073 2251 posset
1088 2164 1206 2252 plebis,

153 2290 273 2353 «quam
290 2267 353 2328 boc
372 2266 484 2351 utique
501 2279 594 2350 pacto
616 2262 762 2327 funditus
781 2263 971 2327 sustulisset.
992 2265 1080 2347 Quid
1099 2282 1206 2331 autem

153 2400 166 2424 ιι
176 2368 322 2445 stultius,
337 2389 433 2452 quam
450 2381 638 2451 potestatem
651 2365 754 2451 ,aequi
765 2364 846 2443 juris
863 2364 973 2428 tuendi
991 2389 1086 2431 causa
1100 2391 1207 2456 reper-

154 2484 239 2530 «tam
253 2515 261 2546 ,
277 2469 310 2529 in
331 2483 455 2528 tantum
477 2466 647 2545 extollere,
671 2481 708 2528 ut
730 2465 796 2546 jam
819 2467 896 2553 ipsis
916 2467 976 2529 illis
1002 2470 1205 2549 consulibus,

155 2601 167 2624 ιι
178 2591 316 2655 quorum
333 2569 437 2628 nimiae
452 2566 603 2652 potentiae
618 2566 765 2654 opposita
779 2568 854 2646 t‘uit,
871 2567 946 2655 ipsis
963 2558 1092 2657 regibus
1107 2571 1208 2651 major

156 2704 168 2726 a
179 2687 274 2756 atque
290 2668 519 2730 intolerabilior
539 2666 615 2731 fiat?

199 2773 296 2834 XLll.
318 2802 330 2824 ι
349 2771 505 2832 Consules
531 2769 564 2831 in
586 2791 745 2834 carcerem
763 2791 782 2832 a
800 2769 932 2832 tribuno
955 2767 1031 2833 duci
1048 2769 1206 2835 vidimus:

155 2889 321 2934 «exactum
336 2895 352 2932 a
366 2871 540 2949 majoribus
557 2871 675 2934 nostris
691 2892 800 2958 regem
813 2870 931 2933 scimus
942 2917 951 2949 ,
963 2892 1099 2958 eamque
1115 2888 1208 2959 pote-

155 3004 167 3026 ι
179 2987 292 3034 statem
315 2972 357 3032 ob
379 2971 474 3032 tutius
494 2970 635 3033 hominis
652 2970 804 3033 delictum
822 2993 860 3033 ex
878 2969 958 3033 urbe
978 2973 1207 3037 nostrasubla·

155 3088 243 3134 «tam
262 3093 345 3144 esse,
360 3071 421 3130 sub
438 3093 500 3153 qua
517 3086 548 3131 et
560 3084 698 3155 coeperat
712 3070 790 3133 urbs
807 3070 891 3157 ipsa,
905 3087 937 3133 et
952 3087 1102 3137 creverat.
1120 3075 1207 3156 Quid

156 3187 285 3234 «autem
297 3171 368 3247 jure
384 3170 488 3254 regio,
501 3165 749 3251 quodomnium
766 3185 798 3230 et
814 3170 1057 3256 magistratuum
1069 3189 1209 3260 potesta-

154 3303 168 3326 ιι
178 3288 259 3348 tem,
272 3286 303 3332 et
320 3267 570 3330 sacerdotiorum
588 3266 775 3353 religionem
791 3291 893 3331 unum
910 3273 1145 3360 complectitur,
1159 3296 1210 3337 te·

158 3371 275 3459 «periri
287 3369 393 3455 potuit
405 3368 545 3428 sanctius
558 3365 571 3428 l
584 3366 687 3428 Etiam
700 3368 854 3450 Vestales,
871 3374 962 3450 cujus
979 3372 1147 3437 sacerdotii
1158 3376 1209 3438 vel

156 3505 169 3527 «ι
180 3471 337 3558 praecipua
355 3467 439 3553 apud
453 3490 511 3529 nos
525 3468 686 3530 veneratio
699 3484 764 3549 cst,
780 3492 851 3555 quae
865 3472 1118 3539 cerimoniarum
1133 3497 1208 3539 san·

156 3603 169 3625 ιι
181 3570 366 3634 ctituoniam
383 3571 505 3630 incestu
517 3568 683 3654 polluunt,
702 3568 779 3632 vivae
789 3571 983 3659 humantur:
998 3597 1104 3662 neque
1121 3575 1208 3639 enim

157 3704 169 3728 ι
181 3673 260 3734 ratio
279 3686 359 3749 erat,
376 3693 449 3731 eum
474 3669 548 3755 ipsis
572 3668 711 3755 praestari
731 3669 889 3733 honorem
910 3671 1099 3738 ledentibus
1115 3674 1207 3755 deos,

156 3794 275 3859 «quem
293 3769 502 3832 colendorum
519 3792 631 3832 eorum
648 3771 747 3857 gratia
767 3771 973 3859 accepissent.

151 3956 153 3961 ,
202 3872 316 3934 XLlll.
334 3902 346 3923 ι
366 3872 493 3957 Ergone
516 3892 605 3957 reges
628 3872 717 3933 nullo
734 3872 899 3957 plebiscito
915 3875 1032 3937 Brutus
1049 3876 1172 3962 exegit:
1191 3896 1209 3936 a

158 4005 171 4030 ι
182 3972 324 4061 quolibet
340 3972 470 4032 tribuno
488 3972 520 4032 in
537 3992 695 4033 carcerem
714 3971 790 4035 duci
805 3973 952 4036 consules
963 3972 1137 4050 jubentur:
1152 3972 1209 4036 lla·

156 4077 243 4164 «gris
265 4071 340 4136 caedi
358 4073 497 4133 Vestales
515 4071 672 4157 pontificis
685 4071 777 4150 jussu
794 4072 839 4135 sas
859 4088 929 4136 est:
949 4073 1095 4147 tribuno,
1110 4094 1209 4159 quern

154 4207 166 4230 ιι
177 4177 299 4261 aliquot
309 4174 453 4235 tribuum
465 4172 694 4259 sull'ragiadare
705 4174 921 4261 tnagistratum
931 4190 1123 4261 potuerunt,
1132 4197 1208 4238 eum

157 4277 339 4355 “universae¹
352 4296 417 4335 uon
435 4289 587 4358 poterunt
601 4273 754 4362 abrogare
768 4275 781 4336 l
797 4276 948 4363 Egregios
969 4298 1045 4337 vero
1068 4276 1211 4361 plebico-

155 4378 240 4455 «las,
261 4377 334 4462 qui,
361 4374 438 4436 dum
456 4374 603 4436 extulisse
621 4375 733 4461 populi
749 4391 936 4461 potestatem
960 4373 1061 4439 videri
1077 4376 1211 4462 volunt,

154 4478 352 4540 «sustulerel
371 4475 509 4537 Donaria
533 4473 593 4537 diis
611 4473 714 4537 dicata
734 4476 916 4548 transferri,
936 4497 1070 4562 quoquo
1085 4475 1209 4563 populo
