2594 4980
310 717 364 783 IN
392 715 502 788 LOC.
529 715 623 783 LIB.
650 716 776 791 LVIII
805 718 1016 791 ululant.
1122 741 1193 816 299

132 837 227 903 etiam
244 834 374 901 insidias
387 835 518 902 Tiberio
538 850 674 901 structas
690 837 805 924 luisse,
826 835 1072 924 conductosque
1090 839 1125 906 iu
1140 861 1193 911 aa·

131 953 190 1023 put
206 937 275 1016 ejus
291 959 514 1024 percussores,
531 935 679 1007 traditur.

173 1038 262 1101 XlX.
281 1038 358 1101 Post
375 1038 442 1101 haec
460 1038 528 1125 ipse
547 1061 697 1125 quoque,
713 1037 832 1113 dolone
848 1037 937 1108 haud
954 1037 1193 1113 dissimulanter

128 1139 309 1219 accinctus,
324 1139 358 1203 iu
374 1138 483 1205 forum
500 1139 694 1220 ventitabat,
712 1162 827 1228 magua
843 1157 1061 1228 prosequente
1077 1142 1192 1224 turba,

128 1263 232 1327 quum
249 1239 465 1328 prodeuntem
483 1238 583 1303 domo
599 1263 768 1328 nunquam
785 1240 892 1309 minus
909 1257 1016 1323 terna,
1037 1257 1094 1307 aut
1111 1264 1193 1330 qua·

128 1357 217 1404 terna
235 1341 407 1407 hominurn
427 1339 525 1405 millia
540 1340 704 1428 stiparent.
724 1340 844 1413 Aderat
857 1341 979 1411 interea
991 1341 1078 1425 dies,
1093 1365 1192 1431 quarn

129 1442 267 1506 feranda
289 1442 350 1531 legi
373 1439 580 1528 predixerat:
598 1457 668 1509 tum
686 1465 764 1509 varo
783 1443 927 1510 tumultu
948 1459 981 1508 et
1000 1443 1047 1511 ira
1069 1443 1193 1517 fervere

127 1543 243 1622 animi,
257 1543 403 1629 nihilque
418 1541 493 1609 satis
510 1564 549 1605 ex
562 1542 749 1631 praescripto
765 1544 874 1632 legum
889 1559 945 1615 aut
957 1565 1041 1613 aanae
1055 1544 1192 1617 civitatis

126 1644 282 1709 institutis
299 1644 378 1710 [ieri.
395 1643 474 1711 Post
491 1643 593 1709 multa
615 1643 754 1717 invicem
767 1644 891 1732 jurgia,
908 1667 1012 1731 quum
1027 1645 1121 1725 jussu
1134 1644 1191 1719 Ti-

126 1744 206 1807 berii
228 1745 331 1809 scriba
351 1744 499 1811 recitaret
518 1745 639 1834 legem,
660 1745 824 1811 silentium
850 1744 880 1809 ei
902 1744 947 1811 M.
968 1746 1120 1811 Octavius
1137 1746 1190 1819 in.-

124 1845 249 1926 J'unxit,
269 1847 409 1911 multura
428 1860 649 1932 conquerente
665 1845 834 1928 Graccho,
852 1862 886 1910 et
904 1846 980 1931 quia
996 1845 1078 1915 uihil
1092 1843 1192 1937 profi·

125 1947 244 2028 ciebat,
260 1950 458 2035 inposterum
471 1947 553 2013 dem
564 1948 669 2013 adesse
680 1949 860 2020 sumnonem
867 1947 1017 2029 jubente,
1027 1961 1095 2013 tum
1107 1949 1190 2023 amira

124 2070 154 2110 se
170 2050 269 2111 maru
285 2051 425 2121 omnibus
435 2048 636 2136 perlaturum
651 2047 750 2134 Iegem
765 2070 836 2113 esse.
1157 2044 1164 2059 ’

166 2150 239 2213 XX.
261 2150 373 2233 Quum
396 2151 440 2216 ita
460 2153 561 2232 majus
581 2151 678 2215 etiam
696 2150 793 2214 solito
814 2172 949 2238 agmen,
970 2165 1125 2237 tanquam
1142 2149 1189 2241 ‚ad

123 2251 268 2314 ultimam
286 2251 543 2328 dimicationem,
558 2253 591 2317 in
609 2252 681 2317 foro
700 2248 925 2332 confluxisset,
941 2249 1093 2315 Tiberius
1111 2251 1190 2321 mci·

122 2354 185 2415 tari
198 2351 297 2440 legem
311 2376 387 2419 cuna
405 2353 499 2417 minis
515 2353 674 2440 imperat:
691 2350 863 2423 intercedit
878 2351 1051 2421 Octavius:
1067 2351 1189 2426 vetanti

123 2453 272 2534 tribuno,
298 2455 393 2519 sicuti
421 2455 611 2542 oportebat,
640 2470 753 2518 contra
774 2454 946 2534 jubentem
972 2467 1115 2540 paretur.
1141 2452 1188 2521 ΕΙ

121 2571 247 2634 ras,.et
272 2555 347 2641 quia
370 2554 484 2621 divites
508 2578 605 2619 urnas
625 2554 667 2621 ad
691 2555 844 2643 suffragia
865 2553 1044 2643 colligenda
1062 2570 1186 2643 paratas

121 2652 334 2735 abstulerant,
351 2671 513 2721 certamen
529 2656 642 2743 ingens
657 2655 1034 2743 excitavit31rentumque
1050 2654 1091 2719 ad
1105 2678 1186 2723 sera

121 2755 228 2818 omnia
247 2756 348 2836 foret,
366 2757 399 2821 ni
417 2757 637 2821 consularium
658 2753 876 2842 quorumdam
896 2755 1098 2837 interventu,
1115 2755 1185 2827 aui·

121 2874 248 2918 morum
265 2873 373 2920 motus
391 2855 553 2942 paulisper
568 2854 786 2921 consedisset:
800 2857 840 2935 ii,
855 2853 965 2919 dextra
976 2856 1095 2922 Tiberii
1110 2879 1187 2944 pre·

121 2953 236 3036 bensa,
253 2980 329 3020 curn
346 2955 495 3044 precibus
513 2971 546 3023 et
565 2955 714 3043 lacrymis
731 2954 994 3037 obtestabantur,
1011 2978 1049 3017 nc
1064 2958 1189 3023 misceri

119 3058 223 3119 omaro
234 3058 382 3121 sedatum
392 3069 423 3120 et
432 3056 572 3122 tunultu
581 3059 693 3121 sineret
703 3081 714 3120 :
725 3057 817 3143 isque
830 3057 1005 3125 reverentia
1017 3057 1182 3143 virorum,

120 3171 151 3217 et
166 3157 355 3222 obversante
368 3159 433 3237 jam
450 3157 560 3225 animo
576 3155 753 3238 malorum,
770 3181 842 3246 quae
860 3157 1093 3235 imminebant,
1107 3181 1182 3248 spe·

119 3257 177 3339 eie,
187 3260 266 3346 quid
273 3262 369 3344 ι’ςὶιιιν
377 3257 524 3346 sefacere
535 3258 677 3325 vallent?
687 3259 920 3349 interrogabat3
931 3257 1184 3349 aratqurdaffer·

118 3375 186 3421 rent
202 3360 250 3423 ad
264 3384 327 3424 rem
343 3359 558 3429 exulceratam
573 3361 697 3433 consilii
704 3363 723 3425 ,Ρ

160 3461 249 3524 XXI.
265 3460 482 3550 Negantibus,
497 3485 541 3527 ex
555 3484 587 3526 sa
599 3461 774 3551 quilquam
788 3465 854 3552 opis
867 3486 942 3542 esse,
959 3478 1005 3545 et,
1021 3477 1056 3525 ut
1071 3459 1186 3551 referri

117 3563 276 3647 aragoniam
290 3566 336 3628 ad
346 3577 665 3651 serratumpamatur,
681 3564 868 3644 orantibus,
882 3563 923 3629 ad
937 3579 1118 3631 extremum
1130 3584 1181 3629 as·

117 3682 230 3725 sensus
247 3679 317 3726 est:
338 3686 412 3733 narn
431 3678 464 3729 et
479 3663 612 3731 Parrum
628 3665 753 3752 optimo
772 3665 908 3751 cuique,
932 3679 964 3727 et
979 3663 1116 3751 publicae
1133 3662 1182 3731 rei

115 3760 350 3826 studiosissimo
360 3786 426 3831 non
437 3764 593 3851 ingratam
603 3765 673 3835 fore
684 3765 788 3854 legera
800 3762 994 3830 confidebat.
1002 3763 1067 3831 Sed
1075 3786 1180 3852 quum

116 3859 147 3922 in
166 3865 287 3927 curiam
306 3865 462 3945 uenisset,
478 3865 589 3952 ibique
609 3888 627 3928 a
646 3864 808 3953 plerisque
825 3879 1012 3929 senatorum
1034 3865 1127 3950 (nam
1145 3864 1181 3929 bi

113 3962 294 4049 plurimum
309 3967 375 4054 agri
391 3965 512 4052 publici
529 3965 749 4054 possidebant)
766 3965 918 4033 conviciis
932 3982 965 4031 et
974 3966 1089 4054 jurgiis
1104 3988 1179 4047 erta-¹

113 4065 232 4152 gitatus
255 4083 354 4146 esset,
377 4083 414 4132 ut
437 4066 522 4131 inter
542 4089 681 4156 paucos,
704 4083 737 4138 et
758 4065 915 4131 destituto
937 4065 1097 4135 concione
1120 4088 1179 4137 sua

114 4166 261 4230 Graccho
278 4169 429 4246 liberius3
448 4167 481 4230 in
497 4168 606 4233 forum
621 4190 806 4248 recurrens,
823 4190 915 4231 orare
930 4167 1086 4255 collegam
1103 4189 1179 4256 sup,

147 4371 268 4434 §XVHL
286 4373 349 4421 Flor.
365 4374 402 4421 111
408 4404 416 4435 ,
435 4378 474 4426 rt.
489 4398 524 4408 --
537 4372 631 4436 sempr.
647 4369 722 4421 Atell.
739 4369 806 4433 apud
821 4368 900 4433 egen,
912 4369 950 4425 11,
966 4369 1007 4417 1³.
1020 4395 1055 4405 -
1073 4366 1176 4435 sm.

111 4454 218 4518 Appian.
229 4457 301 4505 civil.
312 4457 355 4506 lib.
369 4454 458 4518 1.—§
472 4456 530 4505 XX.
544 4456 664 4504 Plutarch.
679 4455 705 4502 iu
719 4452 845 4513 Graccho,
855 4467 908 4515 rap.
922 4450 962 4511 15,
