2594 4980
211 113 410 178 iuro(
440 112 529 178 rin
509 115 760 179 tantilli
747 117 958 185 alvisus.
1076 84 1168 187 :a

52 250 121 295 ante
137 233 270 293 annis
254 231 394 294 (arielem
387 257 418 293 in
436 235 806 312 loc‹›51111cxc;r.t,s1cus
824 261 871 297 cn
867 255 914 299 ata
931 257 1027 318 essct,
1045 266 1118 326 prn-

51 334 127 422 digii
153 336 230 397 loco
253 357 304 396 res
333 350 382 397 est
399 335 525 417 habita,
543 353 593 419 et,
615 360 659 399 ex
678 361 712 398 eo
736 352 869 426 tempore
892 342 1119 405 subversarum

54 437 134 501 Urbe
144 438 360 525 pudicitiam,
381 437 415 499 L.
431 436 520 522 Piso,
539 460 604 501 non
621 438 823 525 spernendus
842 456 965 521 auctor,
979 441 1118 508 tradidit.

51 538 145 602 Certe
162 540 333 620 moribus,
345 538 387 603 ad
405 562 536 603 omnem
553 540 788 628 turpitudinem
805 542 993 623 ruentibus,
1011 544 1118 634 legum

51 640 170 704 auxilio
181 640 247 704 fuit
258 664 359 728 opus,
373 658 411 704 ut
429 640 608 705 detestabili
627 640 747 730 llagitio
766 642 868 704 iretur
887 642 1025 706 obviam.
1043 646 1121 708 Lata

53 755 99 802 est
114 738 274 822 Scatinia,
292 765 364 829 quae
376 766 529 830 perversae
544 745 579 806 V
575 746 672 806 enen's
691 742 896 830 foeditatem,
911 746 943 805 iu
959 767 1046 822 eum,
1066 749 1123 833 qui

44 837 176 926 secisse,
200 846 292 930 quive
314 837 426 932 passus
448 867 509 907 esse
533 845 709 923 uideretur,
728 843 847 907 mulcta
864 845 968 906 decem
988 844 1120 908 rm'llium

55 965 215 1008 marum
228 945 415 1010 vindicaret.
428 947 588 1010 Caeterum
601 947 778 1033 plerisque,
790 962 828 1008 ut
841 947 975 1026 assolet,
990 969 1120 1013 morum
1164 958 1166 963 ’

56 1042 345 1111 dehonestamenta
358 1063 488 1111 strenue
499 1047 751 1137 negligentibus,
764 1047 879 1110 casola
891 1069 967 1109 cura
983 1062 1066 1128 erat,
1079 1070 1120 1109 ne
1152 1056 1154 1062 ’

57 1144 153 1228 bella,
175 1163 209 1210 et
232 1148 274 1212 ab
296 1148 444 1213 hostibus
464 1148 655 1229 discrimen,
676 1150 812 1235 imperio
836 1146 1118 1235 portenderentur.

58 1245 128 1310 Huc
142 1248 331 1330 trabebant,
344 1248 434 1337 quod
449 1266 482 1312 et
496 1250 609 1314 Ariciae
622 1248 781 1336 lapidibus
798 1250 945 1336 pluerat,
962 1266 994 1312 et
1008 1251 1118 1313 Romae

59 1348 165 1411 multis
184 1349 262 1413 locis
280 1369 370 1413 vanae
390 1366 575 1439 togatorum
599 1351 743 1438 species,
762 1350 984 1414 accedentium
1011 1352 1117 1414 visen·

60 1446 204 1535 tiumque
218 1472 335 1513 manus
351 1466 384 1513 et
401 1451 513 1514 oculos
528 1452 700 1514 eluserant.

98 1550 139 1612 ll
156 1550 289 1614 Senatui
307 1552 409 1631 majus
425 1554 609 1640 certiusque
625 1569 814 1641 portentum
827 1553 1013 1635 videbatur,
1030 1554 1119 1642 quod

59 1671 152 1738 super
172 1674 286 1716 omnes
302 1653 463 1717 bellorum
480 1669 667 1742 apparatus,
684 1655 741 1741 qui
763 1671 877 1718 contra
891 1654 996 1719 foedus
1013 1678 1032 1719 a
1047 1657 1120 1720 Can

59 1751 311 1840 thaginiensibus
325 1738 393 1819 lieri
406 1755 612 1836 dicebantur,
623 1757 799 1821 exercitum
815 1757 859 1819 illi
876 1756 1030 1845 grandem
1044 1780 1118 1821 coe·

60 1870 178 1940 gerant.
189 1856 348 1945 lgiturM.
357 1856 509 1920 Claudius
521 1858 565 1921 Μ.
581 1859 617 1922 F.
626 1859 671 1922 M.
680 1858 721 1923 N.
729 1859 916 1940 Marcellus,
932 1859 1116 1924 L.Valerius

59 1954 92 2021 L
107 1956 141 2019 F.
156 1956 192 2021 P.
207 1957 248 2024 N.
264 1959 414 2041 Flaccus,
434 1959 604 2025 consulatu
621 1959 722 2040 inito,
739 1959 779 2023 ad
798 1960 905 2025 Patres
920 1962 1117 2042 retulerunt,

60 2078 189 2145 magnas
202 2059 415 2125 Numidarum
430 2065 552 2149 copias,
566 2062 644 2124 duce
656 2062 889 2142 Ariobarzane,
905 2063 1055 2152 Syphacis
1067 2086 1120 2125 ne·
1158 2102 1160 2105 -

55 2173 143 2244 pote,
159 2165 193 2224 in
218 2162 517 2249 Canhagmtensium
528 2160 654 2249 finibus
672 2186 753 2226 esse:
762 2165 934 2251 praeteuia
951 2165 1120 2227 Masinissa
1157 2193 1159 2198 ⁸

60 2273 193 2340 metram
208 2263 265 2324 sed
279 2264 554 2341 considerandum,
574 2287 614 2326 ne
629 2267 789 2351 imperium
799 2264 915 2351 populi
929 2287 1054 2327 romani
1072 2266 1119 2327 tis

61 2363 263 2450 apparatibus
279 2369 351 2454 peti
365 2369 475 2454 possit.
494 2365 660 2452 Plerisque
674 2363 715 2427 ad
732 2364 815 2426 hanc
832 2364 1049 2451 suspicionem
1066 2365 1118 2426 in-

61 2463 270 2545 clinantibus,
286 2468 466 2555 precipuus
488 2466 534 2530 M.
553 2466 685 2531 Catonis
706 2463 802 2528 ardor
818 2463 881 2526 fuit
900 2487 907 2527 :
929 2481 999 2528 tum
1018 2466 1119 2528 multa

61 2566 87 2627 vi
102 2569 261 2632 orationis
277 2568 397 2634 bellum
413 2568 602 2639 suadentem
620 2568 656 2632 P.
676 2567 784 2655 Scipio
801 2567 934 2647 Nasica,
951 2567 1118 2630 contraria
1182 2598 1187 2608 ·

60 2668 221 2732 sententiae
244 2686 375 2750 auctor,
395 2671 536 2758 excepit,
553 2669 719 2756 movitque
741 2669 864 2750 Patres,
887 2684 925 2731 ut
940 2668 1118 2732 lenioribus

60 2768 202 2832 remediis
210 2786 370 2859 ageretur.
381 2774 428 2835 lta
438 2772 554 2861 legatio
563 2771 790 2858 Carthaginem
801 2771 1012 2851 missa‚cujus
1025 2771 1116 2859 prin·

59 2886 128 2952 ceps
142 2867 229 2933 idern
249 2871 325 2952 tuit,
344 2873 401 2958 qui
415 2871 604 2936 mittendam
621 2873 816 2959 pervicerat,
832 2887 980 2935 senatum
998 2873 1116 2935 Poeno·

60 2989 125 3033 turn
139 2972 323 3059 castigavit,
333 2974 421 3059 quad
431 2977 595 3038 materiam
607 2973 750 3038 navalem
762 2977 995 3060 exercitumque
1008 2987 1117 3035 contra

50 3066 157 3152 scedras
174 3072 329 3136 haherent
338 3097 350 3135 .·
359 3073 486 3161 illisque
499 3077 726 3154 necessitatem,
744 3096 815 3161 quae
829 3072 910 3158 leges
922 3076 1053 3135 irasciet
1059 3119 1069 3151 ,
1089 3090 1118 3135 et

61 3170 230 3238 Masinissae
247 3174 379 3262 injurias
399 3175 670 3255 obtendentibus,
694 3173 884 3236 obtulerunt
908 3173 1021 3261 legati,
1047 3194 1117 3236 eum

62 3290 277 3361 tegeacmros,
291 3278 514 3365 utoequitsirnis
532 3276 760 3341 conditionibus
775 3297 867 3336 arma
880 3289 1013 3362 poneret
1025 3298 1036 3334 .·
1055 3289 1120 3335 tan·

63 3386 189 3463 tumque
200 3375 360 3440 industria
370 3399 484 3441 eorum
500 3393 533 3442 et
550 3378 723 3442 auctoritas
736 3372 824 3460 apud
843 3373 1045 3437 Masinissam
1061 3394 1117 3434 va·

64 3472 131 3557 luit,
148 3493 187 3541 ut
202 3500 282 3566 agro
298 3495 507 3544 controverso
528 3479 662 3543 honoris
680 3478 903 3540 Romanorum
925 3473 1024 3561 gratia
1047 3493 1115 3534 ces·

66 3594 166 3642 turum
191 3579 407 3667 polliceretur.

93 3706 139 3770 §l
151 3709 426 3775 suompte—hv.
440 3713 678 3778 Epit.val11.-
690 3710 754 3759 Plin.
767 3705 1119 3770 {ivluna-etatum«,

70 3792 274 3855 “PmQ-th
283 3792 347 3841 ehu
358 3796 408 3858 111,
417 3797 441 3846 6.
453 3797 600 3867 -Quintib
614 3800 675 3847 luat
687 3796 756 3844 ont
768 3794 852 3851 nna,
861 3789 955 3847 etVII
969 3788 1122 3854 4—811·

72 3867 144 3923 honr.
155 3875 254 3923 -tte
267 3875 335 3949 Epis.
