2594 4980
270 703 329 774 m
356 703 468 774 toc.
495 704 590 773 Lm.
618 701 708 770 rav
737 703 956 772 Livrlnt.
1074 685 1144 774 233

93 823 195 889 cinos
221 824 452 905 Numantinis,
477 841 510 888 et
531 823 674 889 fluminis
695 822 774 912 Tagi
795 823 960 915 fontibus,
978 828 1143 916 moverat)

93 951 194 991 mum
216 928 333 1017 exegit.
815 1004 821 1014 .

102 1030 225 1094 XXX.
250 1027 377 1093 Eodem
401 1051 488 1092 anno
513 1027 547 1091 in
570 1027 658 1092 Urbe
681 1027 925 1117 peregrinarum
947 1029 1142 1118 religionum

93 1134 273 1196 rofessores
294 1130 493 1221 diligentiam
516 1130 762 1220 magistratuum
785 1145 818 1193 et
842 1145 973 1193 senatus
997 1131 1144 1197 animad-

93 1247 249 1298 erterunt.
276 1235 455 1298 lnoleverat
480 1232 613 1296 solitum
639 1232 763 1321 magnis
790 1231 974 1295 civitatibus
1000 1234 1145 1318 malum,

93 1336 196 1398 sterni
209 1335 386 1398 numinum
399 1335 523 1414 cultus,
536 1349 569 1397 et
583 1332 624 1396 ad
638 1332 798 1420 quaslibet
812 1331 1034 1421 suscipiendas
1048 1355 1143 1399 caere·

93 1436 200 1501 ronias
216 1436 397 1501 stultissimi
409 1435 567 1524 cujusque
583 1457 745 1524 propensa
762 1435 960 1523 superstitio.
980 1435 1143 1502 Celebrari

93 1538 236 1627 precipue
258 1539 384 1625 Jupiter
404 1538 555 1602 Sabazius
576 1552 733 1626 coeperat,
750 1537 842 1601 cultu
863 1535 1025 1618 absurdo,
1050 1536 1144 1601 etad

93 1641 320 1729 sumptionem
333 1663 463 1703 morum
478 1640 670 1728 pertinente.
687 1641 801 1727 ltaque
820 1637 989 1727 negotium
1006 1640 1044 1703 C.
1062 1641 1144 1703 Cor·

98 1739 165 1804 telio
178 1742 320 1829 Scipioni
339 1742 496 1830 Hispallo,
514 1742 566 1805 cui
584 1741 753 1829 peregrina
770 1739 954 1820 jurisdictio
973 1755 1143 1822 evenerat,

102 1837 189 1906 laum
203 1866 211 1907 ε
227 1844 337 1931 isque,
360 1845 527 1932 proposito
546 1843 667 1923 edicto,
691 1843 815 1906 rituum
837 1841 968 1906 illorum
992 1842 1143 1907 doctores

104 1938 239 2010 discedere
255 1970 294 2012 ex
310 1947 399 2010 Urbe
416 1946 624 2035 coegit-Erat
639 1961 671 2008 et
687 1943 747 2007 alia
763 1943 879 2032 pestis,
895 1943 1053 2026 Chaldoei,
1067 1945 1143 2031 qui,

106 2052 134 2107 u
142 2045 269 2111 siderum
281 2047 481 2136 inspectione
492 2046 658 2110 fortunam
672 2045 877 2134 singulorum
891 2048 1048 2131 casusque
1060 2066 1143 2109 vcn-

108 2155 173 2209 uttos
188 2148 333 2235 explimri
352 2169 446 2235 posse
463 2163 655 2227 asserentes,
673 2145 816 2234 pellectis
832 2144 957 2210 levibns
976 2161 1008 2209 et
1023 2146 1143 2234 ineptis

107 2236 229 2329 ingeniis,
247 2247 405 2335 plurimos
421 2247 521 2310 fallaci
541 2269 598 2335 spe
616 2262 746 2310 metune
763 2245 1011 2329 dementabant,
1026 2270 1143 2337 magna

108 2339 268 2435 &umque
295 2366 467 2435 acceptata
492 2349 631 2413 credulis
659 2348 848 2413 hominibus
877 2348 1027 2413 mercede
1051 2371 1144 2414 men·

108 2439 190 2512 tierdt
203 2451 251 2514 Ex
267 2472 332 2538 qua
348 2451 526 2514 temeritate
542 2474 646 2538 quum
665 2467 697 2515 et
714 2452 826 2540 patrias
841 2451 1014 2540 religiones
1033 2451 1143 2538 sperni

108 2537 269 2636 inciperent,
283 2569 316 2616 et
328 2576 410 2616 vana
422 2553 614 2641 plerumque
628 2551 745 2617 fiducia
758 2551 859 2616 futuri
873 2567 1035 2640 corrupte
1049 2574 1142 2616 men-

109 2654 153 2729 ifl,
168 2674 274 2744 magna
295 2653 472 2742 sperando,
491 2655 589 2718 nimia
609 2653 838 2741 concupiscere
858 2651 1036 2733 discerent3
1055 2651 1142 2719 idem

109 2763 195 2832 petor
208 2755 352 2820 edictum
368 2756 558 2843 proposuit,
575 2778 642 2843 quo
662 2754 825 2820 decimum
841 2755 927 2818 intra
942 2752 1029 2818 diem
1046 2753 1144 2818 chal-

109 2841 149 2911 &
162 2875 192 2919 ex
206 2856 294 2921 Urbe
313 2873 411 2945 atque
432 2858 521 2921 ltalia
540 2857 628 2921 abire
643 2856 853 2936 jubebantur.

138 2951 240 3023 XXXI.
252 2961 339 3024 Tum
361 2960 456 3023 etiam
477 2959 511 3023 in
533 2958 764 3048 suffragiorum
780 2955 895 3020 ordine
914 2978 997 3019 nova
1017 2976 1069 3018 res
1090 2955 1143 3018 in-

109 3051 224 3122 adacta
240 3075 304 3141 est,
320 3077 454 3149 aspectu
470 3082 584 3148 parva,
603 3059 723 3125 ellectu
739 3081 805 3123 non
823 3055 1032 3147 aspernanda.
1045 3055 1144 3120 Gabi-

109 3148 160 3219 tias
171 3161 315 3226 tribuum
328 3163 449 3251 plebis,
461 3163 563 3226 homo
574 3162 704 3252 ignotus
717 3176 749 3224 et
761 3158 928 3241 sordidus,
941 3157 1144 3247 rogationem

110 3250 173 3338 ¹⁰51,
186 3277 219 3326 ut
240 3265 273 3325 in
303 3263 536 3348 mgistratibus
558 3263 750 3327 mandaras
771 3259 934 3348 suffragia
958 3280 1022 3324 non
1047 3281 1141 3340 voce,

110 3353 148 3464 'fl
152 3381 200 3446 per
212 3364 362 3428 tabellam
364 3363 543 3452 ferrentur.
567 3365 605 3428 ld
623 3363 776 3428 adversus
798 3363 1002 3451 optimatium
1024 3376 1142 3450 poten·

110 3461 163 3521 ”m
173 3481 347 3552 repertum,
363 3467 421 3552 qui
437 3481 549 3529 contra
564 3487 655 3529 suam
672 3465 866 3531 sententiam
884 3464 1038 3528 euntibus
1055 3464 1145 3527 terti·

110 3546 166 3624 biles
183 3583 291 3649 erant,
322 3583 359 3631 ut
379 3568 448 3631 sine
474 3584 565 3632 metu
587 3567 795 3646 offensionis,
821 3566 935 3630 tabella
961 3566 1144 3629 occultante

111 3657 282 3756 magittus,
305 3669 441 3757 quilibet
456 3670 556 3733 animi
576 3671 626 3734 sui
640 3669 763 3749 judicio
780 3667 881 3732 libere
901 3683 1056 3732 uteretur.
1079 3666 1143 3732 Sed

110 3749 164 3826 btlt
177 3770 343 3835 commodo
364 3793 432 3834 non
453 3771 522 3834 leve
543 3771 656 3836 vitium
680 3771 829 3851 suberat,
851 3767 941 3856 quod
964 3769 1056 3832 nullo
1079 3789 1141 3855 pu·

111 3850 179 3944 4⁰¹0,
188 3871 335 3958 nullaque
347 3871 520 3936 meliorum
533 3873 711 3936 reverentia
723 3871 914 3935 deterritum
927 3870 1059 3959 vulgus,
1074 3869 1145 3931 ani·

112 3957 191 4048 ”ique
214 3973 404 4060 plemmque
430 3973 670 4038 inconsiderato
696 3972 839 4062 impetu,
861 3971 932 4035 sine
956 3983 1081 4034 rectore
1107 3968 1141 4030 in

112 4052 233 4138 Μυῖα
252 4075 432 4160 ferebatur3
454 4075 739 4165 multitudinisque
764 4075 898 4140 arbitrio
922 4094 972 4137 res
996 4070 1143 4134 maximae

113 4153 209 4237 Qut.

137 4354 1143 4443 hunno.stunc.139.-sxxr.vn.mx.1,s-sxxxr.

113 4431 242 4520 &⁸⁴⁸4
257 4464 311 4520 nt,
326 4462 371 4521 rb,
386 4473 411 4512 et
423 4462 450 4514 in
461 4461 616 4526 belimcap.
632 4477 672 4511 ra.
