2594 4980
290 715 343 782 IN
373 714 487 782 LOC.
513 715 607 782 LIB.
634 715 762 783 LVIII
790 715 1006 783 leltttt.
1108 710 1180 809 295

115 831 248 899 validior
271 832 379 922 legum
403 833 605 921 deorumque
627 851 719 901 metu
739 832 897 922 cupiditas
922 834 1079 901 imbecilla
1099 835 1181 914 juria

115 933 251 999 daustra
267 933 379 999 fraude
397 936 492 1022 rique
510 936 716 1025 perrupisset.
1172 930 1175 938 ’

158 1034 229 1099 vti.
244 1034 327 1099 Nam
344 1035 406 1099 sub
423 1036 513 1101 initia
530 1037 622 1103 multi
640 1036 718 1101 dolo
736 1036 821 1099 malo
835 1050 959 1123 partem
977 1058 1129 1125 agrotum
1141 1038 1178 1106 t'n

113 1135 318 1223 propinquos
330 1139 581 1219 transferebant,
597 1139 660 1205 sub
673 1139 804 1204 illorum
822 1138 1011 1203 nominibus
1024 1139 1086 1203 sibi
1103 1160 1180 1226 poso

114 1235 272 1319 sidentem
292 1263 330 1302 ex
342 1240 463 1327 quibus
478 1241 546 1328 ipse
558 1241 635 1330 legis
645 1256 761 1309 auctor
776 1242 812 1306 C.
830 1240 973 1307 Licinius
987 1240 1079 1305 Stolo
1095 1238 1177 1309 fuit:

113 1359 209 1417 mox,
225 1354 262 1402 ut
278 1340 373 1404 elusae
388 1341 588 1428 aliquamdiu
603 1343 688 1432 leges
705 1339 838 1407 undem
854 1364 916 1429 pro
931 1341 1091 1430 &rogatis
1102 1362 1180 1407 con-

115 1455 316 1523 temnuntur,
336 1465 378 1506 ne
400 1444 509 1507 colore
533 1442 665 1530 quidem
687 1442 841 1530 quaesito,
858 1443 963 1530 palam
987 1440 1179 1511 adivitibia

113 1540 180 1630 agri
197 1543 293 1631 longe
310 1567 406 1632 supra
423 1561 581 1611 statutum
597 1546 789 1612 autoritate
804 1545 934 1632 piittlica
947 1543 1085 1611 modum
1101 1543 1180 1613 mti⁸

114 1641 285 1707 rebantur.
304 1646 430 1710 Crebrae
441 1647 527 1711 inter
537 1647 606 1711 hnc
621 1647 809 1712 tenuiorum
824 1645 1051 1734 quereIae‚ssd
1067 1662 1102 1713 ct
1113 1666 1181 1733 mu

114 1742 191 1806 boni
215 1743 405 1834 decorisque
421 1748 544 1836 publici
561 1770 639 1812 cura
656 1748 778 1813 multos
796 1747 941 1836 egregios
960 1746 1046 1811 uiros
1068 1744 1181 1810 adver*

114 1846 242 1925 tabant,
261 1864 299 1911 ut
323 1849 445 1913 mederi
466 1864 624 1937 cuperent
648 1871 655 1912 ε
677 1870 790 1913 rerum
814 1862 932 1911 cuncta
951 1844 1179 1934 reputantibus

114 1947 215 2009 tutius
233 1949 337 2011 visum
361 1966 425 2028 est,
443 1950 624 2037 relinquere
642 1951 761 2015 intacta
780 1948 918 2015 civitata‘s
935 1948 1059 2028 ulcera,
1079 1968 1177 2035 quau

113 2046 227 2133 impari
245 2047 388 2115 remedio
405 2050 575 2114 sollicitare
588 2049 630 2115 ad
640 2050 847 2117 acerbitatem
865 2049 1031 2115 atrocioris
1048 2048 1135 2117 matt.

157 2147 246 2212 VIII.
266 2151 444 2237 Ferturque
466 2173 535 2217 uon
557 2151 617 2215 aIia
639 2149 814 2238 prudentia
829 2151 869 2215 C.
893 2150 1007 2217 Leuis
1024 2148 1181 2238 Sapientis

114 2270 296 2335 cognomen
308 2251 509 2337 quesitum,
521 2275 619 2339 quam
632 2251 722 2339 quod
734 2252 768 2317 in
783 2251 951 2317 tribunatu
963 2272 1094 2315 movere
1107 2249 1179 2319 tatia

114 2364 267 2429 consuis,
285 2351 341 2413 ubi
361 2352 481 2431 majora
504 2375 560 2441 spe
582 2352 723 2440 pericula
742 2351 838 2432 vidit,
857 2350 1033 2417 destiterat.
1057 2350 1180 2432 Maiore

114 2448 232 2513 deinde
247 2454 505 2537 perseverantia,
527 2453 584 2519 sed
607 2454 737 2534 multis,
757 2469 882 2521 stante
900 2475 1013 2521 oninet
1030 2452 1094 2521 tibi
1111 2452 1181 2523 §¹5-

113 2550 211 2631 tima,
227 2575 358 2619 causam
373 2553 523 2619 eamdem
538 2577 634 2643 agere
651 2555 700 2620 Ti.
717 2554 885 2619 Gracchus
899 2553 1056 2633 instituit,
1073 2576 1177 2639 quum

114 2650 301 2719 adolescens
319 2655 454 2735 nobilia,
472 2654 647 2736 facundus,
665 2670 697 2718 et
711 2655 776 2734 jani
795 2654 996 2721 uibunatum
1014 2653 1116 2740 plebis
1129 2674 1181 2741 go·

117 2776 206 2834 rens,
220 2757 461 2835 auctoritatem,
475 2779 573 2842 quam
590 2776 693 2844 genus
708 2754 877 2834 afflrebat,
894 2752 1087 2840 eloquentia
1097 2774 1180 2839 priu-

114 2853 219 2930 sidiis,
234 2872 268 2919 et
285 2857 357 2936 jure
372 2857 576 2945 magistratus
592 2854 848 2934 communitam,
871 2852 913 2918 ad
934 2853 1178 2923 contentionem

114 2954 155 3019 de
172 2957 268 3020 tantis
287 2958 384 3022 rebus
402 2958 569 3023 attulisset.

158 3058 215 3119 lx.
236 3057 438 3122 Accedebant
461 3057 501 3122 ad
520 3058 588 3123 haec
599 3055 784 3145 quotidiani
803 3055 845 3120 ab
867 3054 996 3136 amittis,
1014 3053 1055 3121 ab
1070 3077 1177 3143 acqua·

113 3156 217 3238 libus,
231 3182 250 3222 a
265 3176 365 3227 matre
377 3160 518 3224 stimuti:
533 3182 608 3225 nam
625 3174 658 3223 et
670 3156 820 3225 Cornelia
836 3179 919 3244 saepe
934 3155 1178 3244 reprehendisse

111 3256 195 3321 filios
221 3259 400 3341 dicebatur,
418 3262 506 3350 quod
526 3284 547 3324 a
568 3261 688 3349 populo
712 3259 864 3347 Scipioni
886 3280 1011 3337 socrus,
1037 3257 1176 3323 madum

116 3358 333 3428 Gracchorum
354 3378 457 3427 mater
477 3377 645 3427 vocaretur
659 3387 670 3423 .·
689 3377 722 3425 et
736 3361 789 3449 Sp.
807 3358 1018 3427 Posthunius
1039 3357 1179 3423 aemutus

26 3536 28 3540 Α
114 3460 247 3531 lauduni
258 3512 267 3544 ‚
279 3481 312 3526 et
324 3462 403 3529 dum
417 3466 536 3529 militiae
551 3465 716 3530 Gracchus
726 3465 834 3545 abest,
852 3463 974 3527 lorensi
980 3463 1084 3552 gloria
1093 3463 1179 3527 niul·

113 3577 185 3625 aum
203 3578 375 3651 proventus
385 3614 395 3647 ,
405 3566 579 3644 juvenilem
597 3568 743 3631 animum
758 3566 884 3630 urebat.
898 3564 1055 3653 Praecipiti
1069 3580 1177 3629 minen

114 3662 298 3728 incensores
321 3666 508 3753 Diophanes
531 3666 751 3754 Mitylenaeus,
780 3683 813 3729 ct
837 3668 874 3730 C.
895 3666 1043 3745 Blosius,
1068 3665 1178 3733 Ctmis

113 3763 298 3851 Campaniae
318 3765 493 3849 oriundus,
515 3769 676 3831 fuerunt:
698 3769 778 3832 alter
793 3765 1021 3833 disertissimus
1037 3790 1073 3829 ea
1094 3782 1177 3831 tem-

115 3881 236 3951 pestate
253 3865 459 3945 Graecorum,
475 3884 509 3930 et
521 3867 648 3933 dicendi
664 3867 795 3931 Tiberio
812 3865 980 3952 magister5
994 3865 1073 3930 atter
1084 3863 1177 3927 Anti·

115 3966 197 4049 patri
207 3968 373 4033 Tarsensis
385 3968 563 4044 familiaris,
575 3985 606 4031 et
616 3968 657 4032 ab
669 3991 708 4033 eo
718 3967 880 4056 sapientiae
891 3965 1006 4031 studiis
1019 3962 1177 4029 eruditus.

160 4068 201 4132 X.
219 4068 411 4135 Merebatur
432 4069 527 4133 etiam
547 4069 764 4135 inisericouba
781 4068 899 4157 plebis,
920 4067 1062 4133 maxime
1086 4063 1177 4152 quod

150 4291 223 4355 gri.
240 4291 350 4349 uari,
369 4292 410 4338 as.
427 4318 462 4327 -
476 4293 583 4357 Appias.
598 4319 633 4329 -
650 4292 737 4357 svn.
754 4293 882 4352 narn,
903 4294 943 4338 rs.
962 4317 996 4325 -
1015 4288 1123 4352 Appon
1143 4314 1176 4322 --
1193 4267 1198 4284 '

115 4371 132 4437 S
145 4374 214 4420 vlu.
233 4374 355 4423 Plutarch
376 4374 402 4421 in
418 4375 546 4434 Graccho,
558 4392 612 4441 cap.
627 4391 666 4424 rr.
675 4403 720 4415 ·-
732 4375 864 4438 sufflatu.
878 4375 909 4424 th·
920 4374 975 4425 Cir·
989 4372 1052 4430 nu,
1065 4373 1119 4430 ul,
1132 4377 1176 4424 at·

117 4483 151 4493 -
168 4458 273 4521 hppian.
287 4484 322 4494 -
335 4458 386 4506 Cic.
400 4457 430 4506 de
441 4459 507 4507 Orat.
518 4461 544 4521 1,
554 4475 578 4523 9.
595 4487 629 4519 .···
641 4457 658 4524 S
669 4460 716 4507 lx.
730 4457 853 4508 Plutarch.
