2594 4980
334 680 390 747 ru
420 679 533 747 roc,
561 679 656 747 ma.
685 680 793 748 txn
821 678 1033 751 tivum.
1147 687 1219 781 4¹7

145 800 273 863 ciorum
297 798 442 862 motibus
463 800 629 864 consuetis
653 799 899 888 quatiebantur3
915 823 1019 889 quum
1036 824 1103 869 non
1119 804 1221 875 modo

147 904 233 967 inter
247 903 383 966 aemulos
404 924 513 992 reges,
533 902 589 966 sed
607 902 701 966 etiam
719 902 752 964 in
774 901 962 967 earumdem
983 904 1143 994 regiarum
1161 928 1220 997 pe-

147 1004 344 1084 neualibus,
362 1004 443 1069 bella
465 1027 502 1068 ex
524 1004 633 1084 bellis,
652 1005 772 1068 scelera
790 1026 830 1068 ex
852 1003 1025 1070 sceleribus
1045 1006 1221 1096 gignerenae

147 1122 210 1169 tur.
229 1106 328 1194 Syrie
351 1122 475 1194 partem
497 1107 717 1195 potissimam,
732 1107 819 1170 victo
835 1106 1022 1188 Demetrio,
1038 1108 1222 1177 Alexander

147 1207 334 1272 obtinebat:
352 1232 423 1296 pars
441 1210 507 1273 filio
531 1208 687 1272 Demetrii
706 1209 818 1296 Grypo
839 1206 1036 1289 adheserat,
1053 1225 1086 1272 et
1107 1209 1222 1277 adrer-

147 1334 202 1374 sus
219 1311 437 1375 robustiorem
460 1326 493 1374 et
508 1311 638 1375 avidum
656 1334 739 1400 aegre
754 1309 1007 1392 defendebatur,
1022 1333 1126 1399 quum
1140 1315 1222 1379 utti-

147 1436 212 1500 que
230 1436 269 1476 ex
285 1414 436 1502 praesenti
453 1428 538 1477 statu
557 1413 772 1477 commutatio
788 1414 929 1477 Iortuuoe
944 1428 1018 1477 nata
1034 1429 1093 1478 est.
1213 1488 1216 1493 ¹

191 1515 297 1578 XXX.
322 1515 405 1578 Nam
436 1514 643 1594 Alexander,
673 1537 826 1579 successu
855 1515 981 1595 elatus,
1011 1516 1221 1581 Ptolemaeum

148 1616 280 1705 AEgypti
297 1639 424 1705 regem,
445 1618 497 1679 cui
515 1616 679 1705 fastigium
700 1638 797 1679 suum
815 1615 969 1697 debebat,
989 1617 1141 1705 superbia
1162 1617 1222 1683 ab·

148 1719 296 1781 alienavit
307 1741 315 1780 :
326 1718 477 1781 eumdem
498 1718 681 1781 conciliavit
698 1718 758 1781 sibi
775 1718 921 1806 Grypus,
941 1741 1000 1806 pro
1018 1741 1127 1782 rerum
1139 1742 1222 1808 pm·

148 1821 290 1883 sentium
317 1819 454 1883 modulo
468 1819 621 1901 humilis,
637 1835 669 1882 et
686 1819 864 1906 potentiori
880 1817 1037 1900 blandus3
1054 1835 1087 1882 et
1106 1841 1148 1885 ne
1164 1819 1223 1885 de-

148 1923 252 1986 forme
265 1923 461 2009 obsequium
479 1937 580 1994 esset,
599 1919 839 1985 necessitudine
852 1919 1019 2009 sanguinis
1036 1936 1223 2009 opportune

149 2023 332 2112 tegebatur,
348 2022 439 2110 quod
462 2022 525 2087 lilia
544 2023 708 2087 Ptolemaei
730 2007 861 2110 Grypus
882 2037 952 2086 erat
976 2020 1094 2088 editus.
1113 2023 1162 2089 Ex
1182 2047 1223 2091 eo

150 2139 294 2212 tempore
316 2149 372 2189 rex
388 2126 546 2215 egyptius
569 2125 650 2189 nibil
672 2147 740 2188 non
761 2123 910 2188 meditari
930 2147 967 2188 ac
988 2124 1111 2207 facere,
1132 2125 1223 2214 quod

150 2225 190 2287 ad
219 2225 431 2291 destruendas
458 2227 630 2291 Alexandri
661 2250 760 2316 opes,
788 2225 1043 2315 augendumque
1073 2227 1223 2318 Grypum

149 2329 342 2415 pertineret:
358 2353 528 2418 quumque
545 2331 661 2411 sciret,
680 2329 788 2417 magni
803 2351 874 2391 eam
890 2351 958 2391 rem
969 2327 1014 2391 ad
1028 2330 1139 2392 omnia
1156 2352 1224 2395 mo·

149 2432 249 2494 menti
279 2431 376 2513 lore,
401 2455 476 2495 cum
505 2431 693 2521 ingentibus
718 2429 846 2493 auxiliis
877 2427 974 2492 liliam
1002 2429 1220 2518 Tryphaenam

148 2531 262 2619 Grypo
277 2548 454 2620 nupturam
467 2533 584 2612 mittit,
599 2548 635 2595 ut
649 2553 763 2595 omnes
777 2529 1009 2618 intelligerent,
1023 2553 1092 2593 non
1112 2533 1220 2597 solum

147 2635 286 2697 amicitia
300 2636 483 2714 Ptolemaei,
496 2632 553 2697 sed
567 2634 663 2696 etiam
681 2631 837 2694 affinitate
850 2631 940 2694 bunc
954 2629 1099 2694 validum
1120 2654 1201 2697 esse.

191 2737 314 2798 XXXI.
329 2736 398 2798 Nec
413 2735 446 2798 id
460 2734 632 2798 consilium
650 2749 778 2820 sperato
795 2731 884 2794 exitu
901 2732 1021 2811 caruit,
1036 2732 1123 2818 Syris
1139 2734 1220 2798 elio·

148 2836 244 2919 quin,
260 2833 347 2897 baud
361 2826 570 2897 tenacissimae
583 2831 659 2895 fidei
673 2830 815 2918 populo,
829 2845 1003 2916 postquam
1020 2831 1219 2899 instructum

152 2935 278 3024 ngypti
290 2937 412 3000 viribus
425 2936 572 3023 Grypum
588 2932 758 3011 viderunt,
773 2953 841 2994 non
851 2931 1005 3020 gravatim
1023 2931 1064 2996 ab
1077 2932 1219 2999 Alexan·

147 3037 206 3101 dro
222 3038 456 3103 deficientibus.
472 3038 530 3101 Ille
544 3053 653 3099 tamen
670 3033 923 3121 imperterritus,
938 3031 1064 3098 eductis
1081 3035 1218 3126 impigre

147 3141 269 3230 copiis,
290 3140 478 3205 Laodiceam
497 3136 682 3227 oppugnat,
699 3152 753 3210 ut,
773 3135 962 3222 priusquam
986 3159 1003 3198 a
1022 3135 1137 3225 Grypo
1160 3161 1217 3204 ve·

147 3243 217 3306 nire
236 3244 351 3308 auxilia
368 3259 520 3331 possent,
536 3252 760 3327 recuperaret3
773 3236 870 3300 simul
886 3234 1105 3302 delectoribus
1121 3239 1217 3304 Anti·

147 3359 253 3429 patro,
268 3345 449 3433 Clonioque
461 3360 494 3407 et
506 3341 649 3430 AEropo,
667 3362 741 3403 nam
760 3338 876 3403 urbem
891 3337 927 3400 hi
941 3338 1216 3425 abalienaverant,

147 3444 179 3504 in
197 3462 388 3530 potestatem
405 3446 560 3525 redactis,
575 3443 734 3524 majorum
752 3458 904 3504 motuum
919 3441 1087 3505 materiem
1105 3443 1217 3530 preci·

148 3541 249 3608 deret.
270 3547 382 3629 Quum
401 3548 433 3610 in
456 3545 676 3635 oppugnanda
698 3543 780 3606 urbe
803 3541 1000 3631 singularem
1021 3543 1121 3606 animi
1139 3566 1216 3619 ,ma-

149 3645 352 3732 gnitudinem
368 3648 587 3729 adhibuisset,
604 3670 671 3711 non
690 3646 855 3723 minorem,
867 3645 901 3705 in
924 3660 1018 3730 capta
1035 3644 1216 3711 ostendisse

148 3746 287 3811 dicitur:
303 3749 424 3836 quippe
437 3750 563 3813 veniam
578 3747 687 3812 delicti
705 3744 859 3810 omnibus
872 3741 980 3807 dedit:
998 3761 1113 3809 ustura
1129 3745 1216 3809 mitis

148 3856 184 3911 ae'
205 3848 367 3936 placidus,
383 3866 415 3912 et
434 3850 468 3913 in
492 3873 669 3939 congressu
690 3872 726 3911 ac
743 3844 949 3937 sermonibus
970 3848 1090 3929 comis,
1109 3870 1217 3935 eoque

149 3950 349 4015 multitudini
370 3975 537 4039 percarus3
561 3953 624 4016 nisi
652 3949 742 4039 quod
763 3948 939 4011 inclinante
964 3947 1112 4029 fortuna,
1129 3946 1218 4036 apud

147 4053 232 4117 leves
246 4055 371 4118 animos
385 4055 494 4118 omnia
510 4054 660 4142 praesenti
673 4051 802 4115 utilitati
819 4065 1073 4138 postponuntur.

192 4157 331 4219 XXXII.
357 4156 460 4243 Igitur
473 4178 576 4242 quum
591 4155 757 4240 aliquanto
770 4167 860 4239 post,
874 4151 997 4215 collatis
1012 4173 1088 4215 cum
1104 4150 1217 4240 Grypo

148 4258 264 4345 signis,
283 4279 398 4347 magna
414 4277 523 4345 pugna
541 4256 645 4320 victus
666 4271 766 4336 esset,
783 4252 892 4317 statim
913 4251 954 4317 de
974 4254 1051 4341 fuga
1068 4253 1103 4317 in
1127 4253 1216 4319 Gru·

184 4443 199 4503 ,ἓξ
213 4447 296 4491 XXX.
310 4446 400 4494 lustin.
414 4446 529 4493 XXXIX
540 4479 547 4497 .
560 4460 581 4490 1.
590 4471 624 4480 -
635 4442 650 4509 §
660 4444 760 4493 XXXI.
770 4441 875 4492 Diodor.
888 4439 953 4504 apud
966 4439 1047 4487 Valet.

272 4545 335 4611 IX.
1005 4562 1047 4629 α’]
