2594 4980
287 688 345 758 IN
377 688 490 757 LOC.
516 687 612 754 LIB.
638 689 762 756 XLVI
790 688 1004 760 LIVIANI.
1139 689 1179 761 15

109 828 178 891 tur,
193 830 275 898 nege
288 831 349 898 per
362 823 488 872 aetatem
504 807 663 890 invalido,
679 824 712 872 et
728 809 892 875 tutoribus
907 812 982 877 satis
1002 813 1180 900 habituris,

111 912 136 974 si
153 910 327 975 Demetrio
344 911 459 973 Romae
478 924 621 991 retento,
638 909 699 997 ipsi
719 909 752 971 in
774 908 1051 978 administratione
1068 938 1180 982 rerum

112 1013 386 1100 relinquerentur.
401 1010 518 1098 Neque
529 1011 652 1098 species
668 1009 799 1073 honesti
813 1011 949 1075 consilio
959 1012 1069 1079 aberat
1081 1038 1090 1080 ε
1102 1039 1182 1082 cura

113 1114 186 1176 socii
192 1123 226 1175 ct
238 1113 337 1175 mnici
348 1113 441 1198 mgni
450 1109 724 1199 pmtendebsmr,
735 1133 774 1174 ne
784 1113 919 1199 quictem
931 1113 997 1200 ejus
1007 1138 1088 1181 mors
1100 1122 1182 1206 tegis

114 1226 141 1278 et
153 1237 196 1278 ex
209 1236 251 1276 ea
269 1212 405 1277 timendi
417 1212 569 1277 mamitus
587 1213 776 1277 turbarent:
792 1215 935 1277 maxime
951 1237 1050 1304 quum
1063 1240 1181 1306 procu-

117 1319 267 1379 rctthnem
282 1319 373 1403 regni
387 1315 496 1400 Lysias
518 1317 698 1395 ἰιινωιζςεεῑς
711 1314 769 1404 jus
790 1338 835 1378 ex
852 1315 1008 1382 mandato
1024 1322 1182 1387 nwrt'entis

119 1420 205 1503 regis,
220 1439 295 1480 cnm
305 1415 443 1505 reliquiis
453 1419 609 1480 exercitus
620 1416 742 1480 redt'cns
752 1415 915 1506 Philippus
924 1418 1113 1486 vindicaret.

156 1518 279 1584 XXVI.
309 1520 470 1583 Ceterum
491 1519 618 1583 occasio
642 1533 717 1582 nata
736 1516 906 1582 videbatur
926 1518 968 1584 ad
992 1543 1071 1609 opes
1091 1525 1182 1612 regni

120 1620 327 1702 minuendas,
338 1619 555 1708 mandataque
568 1621 603 1684 in
617 1620 681 1684 hoc
694 1619 788 1709 legati
803 1638 1010 1708 acceperant;
1029 1637 1063 1685 et
1078 1625 1183 1687 uomi-

120 1724 236 1805 natirn,
255 1735 294 1787 nt
311 1746 407 1787 naves
424 1737 522 1787 tectas
540 1722 763 1802 incenderent,
787 1721 970 1810 ehphontos
986 1723 1181 1807 occiderent,

118 1847 184 1911 qua
193 1825 451 1912 contrafoedcris
464 1825 546 1912 leges
558 1825 673 1889 habere
687 1823 863 1888 Antiochus
876 1823 1048 1889 dicebatur.
1062 1824 1183 1891 Iisdem

120 1927 208 1990 etiam
224 1927 401 1991 commissa
418 1925 617 1992 Macedoniae
636 1924 788 2014 pacandas
808 1948 903 2007 cura,
921 1948 1019 2013 quum
1035 1949 1076 1991 ex
1093 1927 1183 2017 regio

120 2027 252 2117 imperio
272 2030 404 2094 insolita
421 2029 568 2112 libertas,
590 2044 623 2093 et
642 2028 849 2117 publicorum
868 2027 1078 2091 consiliorum
1097 2051 1183 2094 non·
1289 2052 1292 2057 ·

120 2127 191 2192 dum
200 2131 289 2196 bene
299 2130 480 2219 composita
490 2131 595 2195 forma
605 2131 641 2193 in
653 2128 827 2194 seditiones
838 2144 956 2217 egerat.
969 2127 1184 2217 Golhgroecos

118 2233 206 2293 amm
227 2245 260 2295 et
276 2231 488 2320 Cappadociae
503 2253 636 2320 regnum
650 2230 817 2318 diligenter
831 2230 980 2318 inspicere
990 2231 1071 2311 jussi
1086 2248 1183 2298 sunt:

120 2332 223 2411 etjam
239 2331 393 2421 digressis
407 2332 565 2397 advenere
579 2333 701 2415 literte,
717 2330 838 2419 quibus
852 2332 1021 2421 negotium
1035 2332 1183 2412 dabatur,

119 2446 153 2493 ut
166 2431 216 2495 nd
232 2433 453 2498 conciliandos
472 2437 611 2522 AEgypti
623 2455 710 2521 reges
730 2431 813 2497 nihil
830 2432 947 2498 labon's
964 2433 1185 2522 thdstsmiequc

115 2535 394 2617 praemonerent.

159 2634 297 2700 XXVII.
310 2637 440 2701 Interea
455 2637 503 2701 Ti.
520 2637 685 2703 Gracchus
699 2659 765 2701 cos.
782 2636 915 2701 subacta
931 2636 1184 2702 Commanorunr

120 2750 229 2820 gente,
243 2737 381 2800 Romam
395 2737 437 2801 ad
447 2737 652 2826 triumphum
665 2758 847 2827 regressus,
861 2736 991 2801 comitia
1004 2737 1185 2801 consularia

120 2835 149 2896 in
162 2857 291 2900 annum
304 2854 493 2927 sequentem
509 2838 625 2903 habuit
639 2862 648 2903 t
665 2838 785 2926 quibus
795 2838 831 2902 P.
844 2837 1013 2902 Cornelius
1027 2838 1063 2902 P.
1074 2840 1109 2903 F.
1123 2839 1184 2904 Cn.

121 2935 156 3000 N.
170 2937 283 3026 Scipio
297 2938 426 3020 Nasica,
439 2943 475 3004 C.
494 2939 637 3004 Marcius
651 2940 688 3003 C.
701 2940 737 3004 F.
751 2937 793 3020 Q.
805 2936 847 3002 N.
864 2937 997 3024 Figulus
1016 2936 1185 3025 designati.

121 3038 278 3104 Notabilis
297 3057 368 3106 tum
383 3065 435 3107 res
451 3040 603 3106 accidisse
618 3039 776 3104 traditur:
793 3039 879 3103 iuter
894 3037 1051 3101 creandos
1065 3059 1186 3101 cousu-

123 3138 177 3222 Ies,
190 3164 296 3229 quum
307 3144 433 3231 primus
443 3159 633 3234 rogatorum
642 3163 699 3206 eos
710 3140 886 3221 retulisset,
898 3139 984 3204 illico
998 3139 1186 3226 exspiravit,
1240 3160 1245 3173 ¹

126 3261 223 3330 neque
246 3246 378 3334 segnius
398 3261 525 3334 peracta
545 3259 623 3309 sunt
641 3243 797 3307 comitia:
815 3240 850 3306 id
870 3241 904 3304 in
923 3262 1019 3304 omen
1035 3262 1186 3322 versum,

126 3345 389 3434 sermonibusque
409 3346 523 3435 populi
541 3345 697 3434 agitatum
718 3359 786 3425 est,
808 3343 970 3424 timentis,
992 3364 1033 3406 ne
1053 3341 1134 3430 quid
1151 3342 1186 3405 in

127 3444 292 3534 religiones
308 3464 477 3535 peccatum
491 3462 591 3527 esset,
604 3446 743 3535 publicis
760 3445 851 3509 malis
864 3443 1072 3532 expiandum.
1088 3445 1188 3510 Grac·

127 3543 201 3609 chus
215 3569 286 3611 rem
299 3547 342 3612 ad
357 3564 505 3613 senatum
521 3548 633 3612 retulit
651 3570 660 3612 ε
676 3563 808 3611 senatus
825 3543 1044 3610 consulendos
1062 3543 1190 3608 censuit

128 3642 318 3736 haruspices.
331 3650 374 3713 Hi
387 3649 460 3731 ubi,
474 3663 655 3736 rogatorem
664 3650 860 3713 comitiorum
873 3668 937 3708 non
934 3642 1042 3732 fuisse
1042 3644 1169 3734 justum
1175 3690 1186 3723 ,

130 3748 378 3836 responderunt,
394 3751 547 3816 incensus
566 3750 613 3814 ira
634 3748 817 3830 Gracchus,
833 3778 846 3803 ιι
859 3749 967 3826 Itane,
984 3745 1111 3833 inquit,
1127 3763 1189 3831 ego

131 3869 210 3912 ·uon
224 3852 352 3932 justus,
367 3851 471 3939 quiet
487 3851 602 3916 consul
616 3851 745 3941 rogavi,
759 3865 792 3913 et
810 3870 931 3936 augur,
950 3842 1190 3934 etauspicato?

132 3949 213 4014 «Vos
226 3951 305 4030 justi
321 3952 550 4035 comitiorum,
563 3951 755 4038 romanique
768 3948 850 4029 juris
865 3948 1075 4036 interpretes,
1091 3941 1189 4007 Tusci

134 4046 314 4133 ⁸homines,
329 4067 362 4116 et
372 4053 498 4117 barbari
506 4053 521 4116 i
529 4085 542 4110 »
552 4052 604 4117 Sic
612 4053 646 4115 in
656 4051 826 4140 praesentia
836 4049 917 4112 nihil
926 4063 1098 4111 mutatum.
1110 4045 1192 4106 Con·

136 4150 324 4240 superactis
345 4155 483 4220 comitiis
500 4155 534 4219 in
552 4156 670 4219 Corsos
685 4151 850 4241 profectus
865 4147 1012 4227 videtur,
1030 4161 1067 4208 ut
1085 4159 1192 4208 morte

166 4359 181 4423 S
190 4363 274 4414 XXV.
283 4367 348 4415 Just.
358 4367 466 4433 Appias.
475 4392 511 4404 ·—
522 4366 576 4415 Iit.
585 4365 651 4430 cpit.
662 4364 764 4411 XLVII.
774 4388 810 4399 -
819 4359 909 4424 Polyb.
917 4384 952 4394 -
961 4358 1024 4406 Zon-
1034 4382 1070 4393 -
1079 4352 1194 4407 memb.

141 4441 159 4495 ¹·
168 4444 190 4490 ⁶·
200 4473 233 4484 -
243 4450 345 4516 Jooeps.
357 4453 421 4510 xn,
432 4459 472 4506 ιι.
481 4479 515 4491 -
524 4448 541 4515 s
550 4450 647 4498 xxvi
656 4446 710 4496 cse.
720 4444 828 4510 ruopp.
836 4445 889 4502 rx,
897 4458 922 4489 α.
934 4468 969 4479 -
981 4438 1070 4504 roni.
