2594 4980
134 710 206 797 tao
306 710 375 778 io.
403 628 755 779 rnnrnsnnurl·
775 671 1022 774 snrrnnrr.

132 853 197 920 que
212 831 389 897 Pannoniae
410 852 503 918 pars,
526 853 544 894 a
562 826 724 895 Tauritcit
739 836 854 891 monte
867 823 1007 891 Claudio
1025 825 1211 915 diiuncti,

131 956 238 1021 usque
255 933 427 997 Thraciam
443 931 567 997 ditione
584 928 728 1020 prolata,
742 926 829 993 illim
843 926 975 1016 pepulit
988 948 1211 999 tooenserem

132 1052 206 1101 tur:
220 1034 342 1122 quihus
359 1034 455 1097 etiam
470 1032 618 1117 morihua
632 1046 666 1097 et
678 1028 807 1095 feritate
820 1026 1000 1117 pertirhilea
1014 1042 1209 1115 evaserant,

133 1159 198 1224 qua
220 1135 401 1224 antiquitus
423 1135 559 1199 infames
576 1132 723 1199 Thr-adn
745 1130 887 1199 cultores
911 1130 1071 1197 luerunt:
1091 1155 1209 1223 neque

132 1239 241 1302 minus
257 1237 395 1302 avaritiae
411 1234 531 1318 dediti,
549 1254 748 1325 quamquam
763 1230 811 1301 ult
825 1230 927 1314 nah,
941 1254 1017 1321 qun
1029 1231 1114 1299 sacri
1129 1235 1209 1299 auri

131 1352 226 1406 cauea
249 1339 474 1429 progenitores
491 1339 638 1426 ipsorum
658 1334 805 1426 perpetu
825 1334 972 1418 fumant,
990 1334 1060 1417 e'lut
1078 1336 1207 1407 mctalli

131 1466 229 1508 usum
252 1441 508 1522 damnavissent‚
528 1461 635 1528 neque
658 1438 745 1505 iuter
767 1434 989 1526 diripiendum
1009 1458 1060 1501 rea
1077 1436 1208 1504 alienat

131 1567 211 1608 auro
227 1537 451 1623 abstinebant3
470 1558 502 1605 et
520 1540 565 1606 oh
581 1540 708 1631 argenti
724 1538 871 1605 audium
890 1537 980 1604 haud
1001 1538 1111 1604 minua
1128 1528 1207 1605 ¹'atte-

131 1648 212 1711 leata
231 1644 484 1734 perpetrabant:
504 1667 565 1708 nec
582 1643 670 1709 enim
685 1628 861 1733 proderat,
881 1664 985 1731 quum
1005 1643 1206 1732 improbita-

132 1765 199 1814 tem
216 1748 326 1811 animo
345 1746 543 1828 retinerent,
566 1768 636 1812 re·
658 1760 826 1831 ammam
847 1761 880 1811 et
900 1744 1066 1811 innoxiam
1082 1744 1207 1812 stolide

132 1848 295 1929 abjecisse.

175 1951 218 2014 ΙΙ.
239 1948 358 2012 Praeter
373 1949 504 2012 insitam
519 1949 610 2038 genti
622 1949 777 2027 ferociam
792 1965 826 2016 et
840 1946 1050 2039 cupiditatem
1066 1938 1204 2037 pudeo,

131 2066 261 2117 causam
279 2050 356 2114 belli
372 2051 537 2113 Romanos
549 2066 683 2140 quoque
696 2040 823 2118 deditae
831 2050 1040 2133 crediderim,
1051 2050 1109 2139 qui
1122 2072 1205 2140 pro-

129 2153 224 2219 ximis
242 2152 335 2215 annis
354 2149 395 2213 ad
419 2150 573 2215 finitimos
588 2152 652 2217 illia
668 2155 792 2220 Carnos
813 2153 979 2243 porrigere
997 2174 1114 2217 manua
1132 2174 1204 2220 coe·

130 2272 255 2345 perant.
278 2253 390 2336 Quum
415 2275 492 2341 ergo
515 2252 741 2320 Macedoniam
761 2256 904 2344 aliaeque
926 2254 1108 2344 provincias
1133 2256 1204 2320 fre-

130 2356 308 2446 quentibus
331 2355 573 2419 incursionibus
596 2373 773 2440 vexarent,
799 2379 907 2446 neque
934 2358 1077 2447 captivos
1097 2356 1204 2423 modo

131 2457 514 2539 abducerent-homines,
534 2456 591 2522 aed
607 2458 780 2548 plerosque
799 2458 1022 2525 crudeliraime
1036 2461 1204 2525 excrucia·

131 2576 181 2626 tos
199 2577 371 2641 necarent,
390 2582 501 2651 graves
525 2559 674 2650 undique
694 2560 735 2626 ad
755 2576 906 2629 acuatum
925 2561 1064 2650 querelae
1083 2582 1202 2649 pervc-

130 2681 272 2730 nerunt:
289 2665 365 2730 Non
378 2664 454 2752 jam
468 2662 562 2728 solita
580 2662 733 2729 bellorum
744 2663 852 2745 mala,
868 2684 942 2753 quoe
956 2662 1096 2754 quodam
1107 2667 1206 2753 quasi

124 2769 198 2854 jure
208 2768 350 2855 gentium
366 2766 552 2847 tolerentur,
570 2766 745 2833 incumbere
757 2789 769 2831 .·
783 2765 840 2831 sed
853 2764 961 2831 adesse
967 2779 1092 2854 gentem
1104 2766 1202 2829 mau-

129 2870 200 2935 deta
212 2871 350 2949 soevitin,
366 2892 437 2957 quoe
454 2868 545 2932 litare
556 2860 698 2936 Bellonoe
711 2868 871 2959 Martique
885 2870 1070 2955 sangmhem
1082 2866 1201 2933 huma·

130 2994 222 3052 num,
237 2971 382 3034 biberem
393 2971 508 3034 ossibus
517 2973 676 3060 captim,
687 2994 754 3062 igni
751 2968 913 3061 fumoque
916 2971 1068 3060 penitiore
1074 2982 1200 3059 captos,

127 3073 335 3161 gravidarum
345 3076 442 3136 etiam
450 3086 564 3160 partus
573 3072 748 3139 exundare
756 3075 982 3161 tomoenttitpro
993 3070 1069 3136 ludo
1078 3071 1202 3163 acjoco

130 3175 265 3239 duceret.
760 3189 764 3195 '

127 3294 129 3298 ’
174 3275 233 3339 111.
246 3273 408 3338 Adversus
418 3274 479 3336 hos
490 3275 631 3362 populor
640 3282 744 3367 quum
751 3274 879 3357 jussum
888 3275 1024 3356 bellum,
1033 3272 1202 3340 etCssPon

130 3376 199 3439 cius
221 3377 303 3438 Cato
322 3375 453 3455 consul,
474 3375 527 3437 cui
543 3374 736 3441 Macedonia
749 3377 916 3465 provincia
932 3376 1102 3456 ereneus,
1120 3396 1200 3440 cum

128 3477 272 3541 exercitu
289 3476 454 3565 profectus
471 3492 573 3561 esset,
590 3477 765 3543 infeliciter
783 3495 817 3544 et
832 3478 1049 3569 ignominiose
1070 3492 1200 3567 pugna·

128 3592 210 3641 tum.
225 3577 335 3641 Hostis
352 3578 439 3640 enim
456 3577 680 3645 callidissimus
694 3580 910 3673 locorumque
926 3581 1065 3670 peritur,
1078 3580 1201 3645 Roma·

129 3700 249 3742 norum
272 3679 398 3767 copias,
420 3681 454 3742 in
481 3680 634 3746 silvarum
656 3696 690 3747 et
711 3681 876 3747 montium
897 3673 1053 3771 impedita
1076 3694 1199 3745 temere

128 3780 288 3860 conjectas
305 3781 349 3844 ita
363 3781 594 3866 circumvenit,
609 3788 652 3847 ut'
659 3780 831 3848 universus
847 3801 915 3846 una
929 3803 1006 3847 cum
1018 3780 1102 3847 duce
1111 3803 1200 3848 exer·

128 3882 212 3948 citus
225 3881 437 3949 amitteretur.
451 3884 527 3948 Hoec
538 3878 675 3949 victoria
683 3882 910 3949 Macedoniam
917 3882 1198 3970 Thessaliamque,

129 4002 161 4051 et
181 3983 342 4075 quidquid
363 3986 552 4049 Danubium
571 4000 604 4050 et
619 3982 752 4051 Adriam
774 3983 961 4066 interjacet,
981 3981 1197 4047 harbarorum

163 4159 255 4222 §lou
265 4160 297 4209 C.
307 4159 372 4217 638;
386 4161 417 4207 A.
428 4159 456 4207 C.
470 4169 528 4216 ire.
542 4186 579 4197 -·
594 4161 649 4210 tir.
662 4160 730 4226 Epir.
743 4186 781 4199 ·-
792 4159 884 4208 Jmtin
898 4158 1012 4217 mu,
1023 4157 1047 4207 3.
1060 4182 1096 4193 -
1108 4155 1199 4205 naue

127 4243 154 4289 in
168 4240 291 4290 Plutarch.
307 4242 422 4291 Animad.
438 4259 476 4290 ro.
494 4270 529 4279 -
547 4243 700 4306 ΑΜἩ,
711 4244 783 4295 6.-
794 4243 875 4294 Stnh.
890 4242 1007 4303 lihvn,
1021 4256 1079 4309 pag.
1089 4240 1151 4289 318.
1162 4266 1200 4281 ·-

127 4325 236 4387 Phlegon
249 4326 320 4391 apud¹
329 4326 415 4391 steph.
431 4354 466 4362 -
481 4327 718 4389 Ptin.111‚25.-
735 4328 804 4377 snt.
818 4326 877 4377 ltrrt.
889 4332 950 4393 cip.
965 4341 990 4391 9.
1010 4352 1045 4363 -
1059 4324 1199 4377 hredun.

126 4408 238 4465 mn,
254 4424 279 4468 7.
293 4436 327 4444 —
345 4408 361 4473 S
381 4412 413 4456 11.
432 4409 522 4458 Athen.
536 4438 572 4449 -
583 4410 650 4461 hlor.
663 4412 719 4473 111,
732 4414 757 4467 6.
770 4436 806 4449 -
818 4409 957 4461 Muotllin.
968 4436 1004 4447 -
1015 4410 1083 4459 Sext.
1092 4410 1153 4461 lter.
1161 4437 1199 4451 -·

123 4492 227 4553 Inuop.
241 4518 275 4527 -
290 4491 337 4537 Dio
353 4508 391 4554 ap.
400 4492 480 4538 Valeo.
761 4492 767 4501 '
