2594 4980
29 9 1140 355 u

129 712 196 809 176
293 716 361 784 JO.
388 711 728 781 FREINSHEMII
758 712 1010 781 SUPPLEM.

121 838 296 916 tione‚aut
311 857 375 898 usu
393 833 470 920 (qui
485 832 545 897 soli
563 854 614 897 res
630 816 683 895 eas
704 829 850 896 discendi
869 831 960 897 morli
979 834 1077 921 sunt)
1099 857 1140 923 pa

119 951 248 1015 verant;
271 935 353 998 nihil
369 936 479 1021 potuit
499 932 644 997 accidere
664 932 806 1007 felicius,
823 954 923 1021 quam
940 932 1034 1020 quod
1055 934 1140 999 aecid

121 1054 159 1100 ut
174 1058 272 1124 quam
286 1035 451 1099 celerrime
465 1033 561 1114 victi,
577 1055 685 1121 neque
700 1032 850 1099 seniendi
861 1034 895 1096 in
909 1034 1046 1101 Achaeos
1062 1060 1140 1103 caus

121 1138 235 1203 darent
250 1137 424 1217 Romanis,
447 1158 554 1224 neque
571 1135 633 1223 ipsi
646 1134 804 1199 haberent
817 1135 1004 1201 facultatem
1022 1159 1032 1203 ε
1048 1160 1140 1229 agnos

120 1255 263 1326 runtque
285 1239 349 1303 hoc
372 1237 433 1325 ipsi
456 1259 534 1301 mox
551 1236 683 1316 Achaei,
699 1236 788 1325 apud
802 1258 885 1324 quos
902 1259 961 1325 per
981 1260 1021 1303 ea
1044 1254 1140 1329 tempe

120 1341 396 1406 Themistocleum
418 1336 500 1402 allud
516 1336 679 1426 proverbii
702 1337 771 1401 viee
789 1355 985 1424 usurpatum
1003 1354 1071 1425 est,
1082 1362 1140 1427 pm

119 1465 225 1506 ramus
234 1489 244 1521 ,
264 1443 326 1503 ru‘si
334 1440 539 1528 periissemus.

163 1546 237 1609 llll.
254 1545 345 1607 Inter
360 1541 429 1606 haec
440 1543 476 1607 1..
488 1540 668 1605 Mummius
679 1560 806 1604 summa
820 1542 1032 1607 contentione
1042 1540 1083 1606 ad
1093 1562 1140 1605 eae

119 1649 220 1712 citum
245 1644 431 1727 festinabat,
448 1642 561 1709 audito
579 1643 644 1722 jam
668 1664 823 1731 prospero
843 1642 965 1707 Metelli
987 1644 1140 1733 praelio,1

118 1764 194 1837 post
216 1746 403 1811 conlectum
428 1744 552 1809 bellum
572 1766 681 1808 exsors
703 1744 812 1834 glorie
834 1744 1010 1832 imperium
1033 1744 1140 1811 habat

117 1849 249 1912 veritus.
272 1847 355 1911 Nam
376 1866 486 1909 rerum
508 1844 636 1907 illarum
657 1867 725 1909 non
747 1843 847 1909 modo
869 1846 955 1911 fama
971 1847 1140 1919 celeriter-,e

117 1949 281 2037 evulgata3
306 1946 364 2011 sed
384 1946 480 2009 etiam
499 1946 605 2009 nuntii
622 1946 787 2035 litemque
803 1948 941 2011 Romam
958 1971 1093 2029 venere,
1107 1968 1140 2011 au

118 2073 231 2114 omnes
243 2052 281 2114 A.
296 2047 475 2127 Postumii,
491 2047 548 2134 qui
562 2047 686 2134 primus
702 2048 851 2113 omnium
864 2048 906 2113 de
916 2049 1052 2113 victoria
1063 2046 1140 2115 Mete¹

118 2150 158 2216 ad
172 2169 321 2216 senatum
335 2149 521 2237 scripserat:
536 2172 676 2237 namque
690 2150 791 2213 homo
803 2149 936 2239 ingenio
951 2172 1071 2233 vanus,
1081 2170 1140 2239 qun

118 2252 180 2316 sub
199 2269 326 2340 tempus
345 2248 552 2314 conserendae
567 2272 686 2338 pugnes
700 2273 759 2338 per
774 2250 1015 2315 simulationem
1029 2246 1140 2316 valetud

118 2353 168 2415 nis
191 2351 320 2415 Thebas
342 2350 539 2415 Phthioticas
562 2351 789 2433 concessisset,
809 2367 885 2438 post
902 2368 1057 2417 eventum
1075 2372 1140 2417 omn

117 2451 302 2539 perscripsit
327 2449 507 2539 diligenter,
536 2474 641 2539 eoque
666 2452 841 2515 verborum
868 2474 1003 2540 genere,
1031 2470 1140 2541 tanqua

117 2552 185 2638 ipse
200 2550 406 2615 interfuisset.
419 2550 520 2633 lnde,
535 2575 608 2640 quae
622 2552 767 2617 historiis
781 2551 851 2633 ejus
864 2553 1015 2619 habenda
1030 2555 1074 2619 sit
1088 2552 1140 2619 fide

116 2652 205 2715 haud
226 2651 355 2717 difficile
371 2653 528 2717 arbitratu
545 2670 610 2734 est,
631 2654 666 2717 in
684 2655 802 2742 quibus
820 2671 853 2719 ct
873 2655 951 2742 ipsis
972 2655 1140 2743 quemadru

116 2751 195 2817 dum
214 2778 232 2816 a
249 2755 372 2817 Catone
387 2754 429 2818 sit
446 2754 540 2817 illusa
554 2755 687 2842 puerilis
701 2756 735 2819 in
751 2756 822 2819 viro
841 2756 1004 2821 consulari
1013 2756 1140 2838 jactanti

116 2854 295 2919 multorum
312 2855 441 2942 scriptis
454 2871 647 2919 annotatum
663 2872 722 2920 est.

160 2956 250 3019 xllt.
267 2957 302 3020 1..
317 2956 417 3044 igitur
433 2956 631 3037 Mummius,
648 2980 750 3044 quum
763 2958 829 3039 jam
843 2957 885 3023 ad
904 2960 1067 3025 Isthmum
1082 2974 1140 3027 aa!

114 3056 265 3120 Metellus
281 3056 494 3138 adurovisset,
510 3058 681 3123 lictoribus
696 3075 841 3141 tantum,
856 3075 890 3124 et
903 3060 1016 3148 pauch
1036 3062 1140 3151 equitat

114 3159 302 3237 comitatus,
327 3181 395 3221 non
421 3157 491 3239 die,
514 3182 581 3221 non
607 3176 708 3223 noctu
734 3160 919 3224 intermisso
944 3161 1081 3245 itinere,
1104 3182 1140 3225 cu

114 3260 246 3323 Aurelio
264 3260 394 3333 Oreste,
416 3259 523 3346 quiin
547 3260 676 3326 achaica
696 3261 855 3350 legatione
875 3262 1002 3345 luerat,
1026 3265 1060 3327 in
1082 3275 1140 3327 (ast

113 3361 175 3423 sub
200 3361 305 3423 lucem
328 3359 427 3423 venit.
452 3358 533 3423 Inde
561 3360 692 3425 Metello
720 3363 755 3424 in
779 3360 1007 3427 Macedoniam
1034 3360 1140 3427 dimin

114 3463 181 3548 ipse
192 3461 224 3522 in
237 3460 360 3523 Isthmo
372 3460 534 3542 substitit,
549 3461 654 3541 donee
666 3462 824 3527 univcrsae
835 3462 935 3550 eopiae
944 3462 1140 3529 convenisset

113 3564 246 3626 Summa
260 3563 419 3626 exercitus
434 3563 496 3626 fuit
515 3565 664 3652 equitum
685 3565 747 3627 tria
769 3564 867 3627 millia
883 3563 1071 3654 quingenti,
1088 3558 1140 3653 pel

114 3680 184 3727 tum
194 3664 256 3726 tria
266 3679 298 3727 et
309 3664 422 3753 viginti
439 3666 548 3731 millia.
563 3668 621 3731 His
637 3667 770 3731 accessit
781 3666 1021 3754 sagittariorum
1034 3690 1073 3733 cx
1087 3668 1140 3731 Gr!

115 3787 249 3845 manus3
277 3782 323 3847 et,
352 3766 436 3833 duee
464 3768 725 3854 Philopoemene,
743 3767 841 3831 Attali
861 3767 945 3856 regis
974 3769 1099 3833 auxilia.
1125 3760 1140 3827 l

114 3865 165 3929 his
178 3883 301 3954 partem
318 3871 447 3950 consul,
463 3868 625 3948 adjunctis
640 3868 737 3931 etiam
754 3868 921 3931 nonnullis
935 3868 1050 3933 italicis
1065 3866 1140 3933 eohss

114 3968 220 4051 tibus,
237 3969 279 4033 ad
295 3971 380 4035 mille
394 3971 591 4059 quingentos
607 3992 719 4057 passus
733 3986 809 4034 ante
827 3986 929 4035 castra
945 3971 1056 4036 locum
1069 3983 1140 4057 capfl

115 4070 306 4137 stationibus
317 4072 422 4151 jussit.
435 4073 521 4151 Hos,
536 4088 639 4158 quum
647 4072 866 4160 ¹negligentius
879 4096 975 4161 agere
985 4073 1140 4138 viderenw

149 4284 165 4348 S
182 4288 229 4334 lll.
251 4284 340 4349 Polyb.
358 4284 489 4345 fragma
506 4282 533 4330 in
552 4282 616 4333 edit.
629 4283 783 4341 casauboni,
797 4300 854 4349 pag.
870 4290 944 4339 ¹⁰¹4·
960 4308 996 4319 -
1012 4280 1140 4345 Polyht}¹

115 4371 238 4421 Valerium
246 4409 254 4433 ,
262 4386 286 4421 et
297 4373 362 4438 apud
377 4373 476 4421 Suidam
488 4374 515 4421 in
529 4373 680 4443 Σιριτηγὶᾳ.
690 4400 725 4411 -
735 4373 857 4421 Plutarch.
867 4372 893 4421 in
901 4370 1060 4421 Themistoel.
1067 4364 1137 4433 cap-l

115 4457 174 4521 -S
189 4460 246 4507 ΧΗ.
258 4460 385 4505 zonae-
395 4458 483 4523 Polyb.
495 4488 523 4496 —
532 4461 564 4507 A.
577 4458 707 4518 6ο11.ΧῙ,
719 4458 743 4504 8.
754 4484 789 4495 -
800 4458 924 4506 Plutarch.
939 4458 994 4508 cu.
1006 4454 1090 4517 mmor·
