2594 4980
35 831 37 834 ι
125 778 173 848 60
299 780 723 849 JO.FREINSHEMII
753 780 998 848 SUPPLEM.

84 932 87 939 ¹
121 901 334 988 «quisquam,
351 916 389 963 ut
398 901 463 965 vim
476 922 642 965 romanam
656 901 716 965 sibi
731 921 925 990 magnopere
939 897 1178 964 formidandam

118 1033 132 1059 ι
143 1024 212 1068 ease
229 1017 332 1091 putet.
351 1003 474 1066 Eorum
493 995 644 1091 deinceps
659 1002 805 1089 exemplo
818 1018 850 1064 et
863 1023 1014 1064 successu
1026 1000 1173 1065 sollicita·

118 1133 132 1159 ι
143 1103 268 1168 buntur
283 1118 470 1167 ceterarum
484 1103 656 1169 nationum
672 1104 789 1167 animi:
806 1101 938 1190 quando
954 1103 1039 1165 inter
1055 1103 1174 1167 feroces

117 1234 131 1260 ι
144 1222 178 1269 et
196 1207 345 1293 periculis
365 1206 455 1269 laetos
471 1205 559 1269 haud
576 1205 752 1270 difficulter
767 1206 944 1268 imitatores
962 1205 1086 1268 invenit
1103 1205 1175 1269 felix

115 1333 128 1358 ι
139 1306 310 1371 temeritas.
324 1307 392 1371 Nos
405 1307 515 1394 igitur,
530 1323 567 1370 ut
578 1307 612 1370 in
624 1323 713 1371 certo
724 1322 756 1370 et
765 1307 951 1394 propinquo
965 1306 1097 1387 timore,
1110 1329 1173 1371 me·

116 1432 128 1458 r
141 1405 204 1469 rito
215 1405 312 1471 fidem
322 1425 461 1471 vestram
472 1409 674 1488 invocamus,
685 1409 794 1471 Patres
804 1406 994 1495 conscripti,
1007 1431 1048 1471 ne
1059 1407 1174 1473 deserti

115 1522 172 1570 «et
188 1507 308 1595 proditi
329 1508 435 1596 praeda
454 1510 571 1573 nostris
590 1509 769 1596 vestrisque
788 1508 927 1571 inimicis
945 1508 1172 1595 relinquamur.

116 1611 356 1673 «Arvaccorum
363 1633 478 1701 magna
486 1611 629 1698 potentia
639 1625 671 1674 et
679 1611 713 1672 in
721 1633 781 1674 nos
790 1608 983 1698 inexpiabile
992 1607 1106 1673 odium
1114 1625 1172 1673 est:

115 1733 246 1797 «neque
265 1711 359 1775 nobis
376 1714 479 1776 ullum
498 1712 714 1779 sollicitudine
729 1736 765 1777 ac
779 1714 923 1800 periculo
939 1735 1079 1777 vacuum
1095 1728 1174 1775 tem·

116 1841 128 1866 κ
140 1834 201 1901 pus
213 1813 289 1894 erit,
303 1814 364 1877 nisi
376 1831 432 1878 aut
445 1833 602 1904 perpetuo
613 1815 790 1879 consularis
801 1804 965 1879 'exercitus
977 1815 1011 1877 in
1023 1812 1174 1902 Hispania

116 1942 129 1968 a
140 1913 198 1993 sit,
210 1929 281 1988 aut,
294 1915 483 2004 priusquam
494 1915 642 1998 decedat,
654 1917 699 1981 ita
715 1916 910 2005 castigentur
923 1916 1048 1997 hostes,
1066 1938 1108 1979 ne
1122 1927 1174 1978 aut

117 2042 130 2068 κ
141 2014 202 2103 ipsi
209 2015 1174 2103 possintultranoceresociisllomanorum,autaliiaudeant.»

159 2117 250 2182 XIII.
267 2119 455 2184 Secundum
471 2120 531 2183 hos
550 2119 670 2207 placuit
686 2122 900 2183 Arvaccorum
914 2118 1036 2206 legatos
1051 2115 1173 2180 audiri:

116 2218 167 2282 his
180 2241 301 2301 sermo,
314 2244 411 2308 quam
424 2221 568 2301 animus,
581 2220 759 2284 modestior
771 2218 1005 2307 demIssiorque
1016 2219 1117 2284 fuisse
1130 2217 1175 2282 di-

118 2321 210 2385 citur.
228 2321 342 2385 Pacem
358 2322 514 2386 orabant:
534 2321 591 2386 sed
606 2339 643 2384 ut
659 2345 700 2385 ne
716 2321 837 2385 bellum
855 2321 986 2409 quidem
1002 2320 1174 2384 recusaturi

115 2420 313 2503 viderentur,
327 2424 407 2503 nisi,
420 2422 509 2510 quod
522 2423 694 2510 petebant,
712 2423 820 2486 fieret:
834 2423 988 2509 petebant
1004 2439 1130 2503 autem,
1145 2435 1177 2484 ut

80 2549 86 2561 ⁸
116 2527 272 2589 certasibi
285 2523 404 2587 mulcta
417 2523 622 2602 incineratum
633 2546 728 2611 quam
744 2523 798 2585 ubi
806 2513 944 2601 luissent,
961 2527 1075 2586 iterum
1081 2521 1175 2610 fruc·

117 2637 226 2690 rentur
236 2623 372 2712 foederzi
385 2627 449 2714 eJ'us
464 2624 595 2712 legibus,
613 2625 701 2713 quod
714 2624 788 2687 olim
807 2647 879 2688 curn
896 2627 932 2688 iis
952 2627 1000 2689 Τι’.
1018 2624 1176 2690 Graccluts

117 2729 216 2789 uisset
224 2751 235 2790 :
244 2726 286 2792 ad
296 2727 375 2808 hoc,
384 2743 422 2791 ut
433 2727 637 2815 reputatione
649 2728 744 2791 sortis
754 2728 903 2793 bumanae
913 2727 1106 2791 inclmarent
1115 2726 1178 2791 ani·

118 2850 207 2909 mos,
223 2829 308 2893 inter
323 2828 523 2916 loquendum
542 2852 624 2918 saepe
641 2828 809 2917 ambiguos
825 2829 964 2892 fortuna
979 2829 1071 2892 lusus
1092 2851 1179 2893 com·

118 2930 356 3014 memorabant,
368 2953 615 3020 pugnarumque
631 2954 705 2994 cum
719 2930 861 2995 romanis
874 2928 1013 2993 ducibus
1028 2929 1072 2992 ita
1087 2927 1181 2994 facie·

116 3032 195 3097 bant
206 3033 429 3114 mentionem,
445 3048 498 3114 ut,
514 3056 701 3120 quanquam
715 3033 814 3123 gloria
832 3032 907 3095 belli
923 3030 1091 3113 cederent,
1107 3031 1180 3118 plus

116 3151 223 3199 tamen
242 3157 451 3199 successuum
468 3135 633 3222 aliquanto
650 3134 799 3198 habuisse
815 3132 1083 3220 intelligerentur.
1104 3133 1183 3195 Post

117 3259 230 3299 omnes
241 3235 419 3299 introducti
436 3237 470 3298 in
482 3253 630 3299 senatum
642 3251 733 3315 sunt,
748 3257 830 3323 quos
848 3234 1025 3322 proconsul
1039 3232 1180 3298 miserat.

46 3391 52 3407 ,
116 3337 143 3399 Ii
160 3337 267 3401 literas
279 3338 323 3400 M.
336 3336 478 3400 Marcelli
490 3338 687 3420 attulerunt,
700 3338 818 3424 quibus
831 3358 943 3426 pacem
960 3334 1118 3400 suadebat
1131 3350 1187 3401 :et

116 3439 258 3525 epistolis
274 3439 508 3503 consentientia
519 3439 579 3527 ipsi
591 3439 819 3526 loquebantur.
837 3439 961 3519 Patres,
974 3459 1010 3499 re
1024 3459 1184 3524 expensa,

115 3541 210 3605 sociis
226 3539 463 3605 consulendum
475 3563 553 3623 esse,
565 3542 761 3629 spiritusque
771 3543 985 3604 Arvaccorum
1000 3537 1190 3626 deprimen-

33 3691 35 3694 Α
118 3640 192 3723 dos,
207 3664 274 3704 non
293 3641 499 3726 dubitabant,
520 3643 638 3731 quibus
652 3641 687 3706 id
701 3643 906 3730 potissimum
926 3639 1108 3704 rationibus
1125 3640 1190 3704 fie-

117 3761 183 3824 ret,
193 3743 435 3832 ambigebatur:
450 3744 639 3833 responderi
661 3744 792 3807 tandem
808 3743 842 3805 in
857 3742 1026 3829 praesentia
1043 3742 1190 3828 placuit,

117 3843 163 3908 M.
173 3843 361 3907 Marcellum
366 3845 583 3933 proconsulem
592 3857 716 3909 senatus
730 3842 926 3908 voluntatem
934 3843 1071 3930 utrisque
1084 3845 1194 3930 sagni-

14 4028 17 4035 ,
103 3940 283 4028 fleaturum
299 3968 368 4008 esse.
388 3945 513 4035 Legatis
527 3945 669 4010 Marcelli
686 3946 768 4009 clam
780 3943 986 4023 mandatum,
1002 3960 1042 4008 ut
1056 3943 1100 4008 ad
1115 3945 1197 4008 bel·-

116 4047 184 4108 lum
209 4067 249 4108 ex
268 4044 422 4136 dignitate
444 4047 558 4136 populi
580 4047 707 4110 romani
734 4044 930 4135 gerendum,
949 4047 1195 4131 proconsulem

117 4147 334 4211 hortarentur.

67 4330 69 4335 .
162 4249 250 4313 xlv.
261 4249 353 4314 Metu
363 4250 450 4314 enim
463 4248 607 4312 cunctari
617 4247 707 4325 illum
717 4245 864 4335 plerique
875 4246 1198 4332 interpretabantur,

150 4447 240 4513 §HL
256 4448 345 4514 Polyb.
363 4448 478 4511 Excerpt.
494 4447 577 4508 Legat.
594 4452 649 4500 rar.
669 4471 703 4482 -
717 4424 824 4510 Appian.
841 4443 968 4510 Hispanic.
987 4470 1023 4482 -
1040 4443 1128 4509 Polyb.
1145 4464 1195 4483 -·

114 4534 130 4597 s
143 4533 215 4582 ¹111.
225 4533 332 4597 Appius.
345 4532 452 4596 Hispan!
464 4555 499 4566 -
513 4527 603 4593 Polyb.
