2640 5046
132 644 194 718 152
294 651 359 715 Jl).
387 645 735 715 FRlilNSHEMII
766 639 1016 711 SUPPLEM.

124 773 222 859 pitur.
239 773 355 859 Magna
377 768 453 833 inde
475 770 508 830 in
530 767 651 832 invidia
671 766 778 830 Diaens
801 785 890 828 esse:
910 761 952 825 ad
972 781 1080 849 quarn
1105 781 1214 824 excu-

124 872 265 936 tiendam
281 871 360 935 dum
375 871 442 932 aliis
457 891 616 957 occupare
628 867 713 932 curis
725 866 861 930 Achaeos
873 863 1005 951 quaemt,
1020 860 1213 925 commode

123 989 270 1059 spartana
284 994 318 1035 sc
332 972 459 1059 negotia
470 970 627 1034 obtulere.
639 967 786 1057 Spartani
799 966 840 1029 ad
853 981 1003 1032 senatum
1019 986 1212 1027 romanum

124 1073 353 1160 confugerant,
373 1088 443 1135 orta
464 1071 506 1134 de
529 1070 648 1134 finibus
671 1068 889 1134 controversia
905 1090 912 1131 :
928 1082 1069 1131 senatus
1089 1088 1154 1129 eos
1170 1065 1212 1142 ad

122 1175 297 1238 concilium
313 1175 505 1237 Achaeorum
523 1174 692 1253 rejecerat,
710 1186 747 1235 ut
763 1170 904 1233 omnibus
923 1170 957 1231 in
975 1168 1088 1231 cataras
1113 1169 1211 1256 ipsias

112 1275 238 1360 judicto
259 1289 431 1352 uterentur,
450 1273 517 1337 sola
537 1288 668 1362 excepta
687 1271 870 1360 capitalium
886 1292 990 1334 rerum
1008 1271 1210 1358 cognitione,

122 1376 160 1439 ld
180 1399 372 1464 responsum
390 1375 559 1439 mendacio
581 1377 688 1439 Diaeus
709 1373 908 1461 corrumpit,
923 1374 1020 1435 etiam
1039 1371 1083 1434 de
1103 1375 1211 1460 capae

123 1478 341 1542 lacedaemonii
352 1480 424 1541 civis
435 1480 598 1541 arbitrium
605 1478 731 1541 Achati
736 1477 920 1566 perntissam
933 1496 1012 1555 esse,
1025 1496 1209 1539 commen·

125 1597 188 1645 tus.
210 1582 286 1661 Quo
302 1603 404 1666 quum
420 1571 468 1643 uti
486 1581 595 1646 Achaei
611 1580 746 1661 vellent,
764 1593 855 1640 tanto
868 1576 989 1655 acuns,
1007 1575 1112 1662 quod
1127 1598 1209 1639 oon·

124 1683 372 1763 trovertebatnr,
386 1683 480 1759 minae
494 1682 654 1771 primum,
665 1702 742 1744 mox
754 1701 842 1742 arma
856 1674 1091 1741 Lacedtemoni
1104 1676 1209 1758 illata,

124 1785 312 1872 profugere,
325 1785 381 1871 qui
392 1785 465 1864 jura
478 1783 614 1847 civitatis
628 1782 819 1861 tuebantur,
833 1780 971 1842 Romam
985 1793 1193 1864 coegerunt.

167 1884 273 1948 XXX.
291 1885 469 1948 Mittuntur
487 1884 602 1948 eodem
617 1885 658 1948 ab
674 1882 798 1947 Achaeis
816 1881 923 1945 Diaeus
939 1894 973 1944 et
988 1878 1208 1944 Callicrates:

124 1982 196 2063 sed,
215 1984 278 2047 hoc
295 1985 402 2049 Rhodi
421 2001 570 2066 mortuo,
586 1987 674 2049 solus
693 1985 800 2048 Diaeus
821 1980 978 2070 pervenit.
1004 1978 1072 2044 Hic
1091 1981 1159 2045 ubi
1176 1982 1208 2044 in

124 2085 212 2146 curia
230 2087 331 2149 multa
350 2086 501 2150 indecora
520 2087 690 2166 objecisset
708 2083 915 2163 Menalcidae,
932 2082 1040 2146 multa
1058 2083 1208 2147 vicissim

124 2184 164 2246 ab
179 2184 249 2271 ipso
261 2186 449 2267 audivisset,
462 2188 629 2252 decretum
643 2187 683 2252 ab
696 2202 810 2251 senatu
821 2201 885 2266 cst,
897 2199 932 2248 ut
944 2184 993 2246 ad
993 2184 1210 2272 judicandas

123 2308 176 2347 eas
199 2291 420 2351 controversias
446 2287 548 2373 legati
566 2292 600 2351 in
626 2287 871 2378 Peloponnesum
894 2288 1110 2352 mitterentur.
1143 2287 1209 2370 Qui

125 2409 229 2472 quum
262 2387 380 2451 tardius
412 2389 712 2475 proficiscerentur,
742 2391 882 2478 spatium
912 2386 1113 2477 praebuere,
1143 2413 1210 2478 quo

128 2487 232 2550 Diaeus
249 2490 399 2563 Achaeos,
415 2491 610 2555 Menalcidas
631 2492 805 2578 Spartanos
829 2491 977 2576 decipere
996 2507 1210 2577 potuerunt,

125 2605 265 2677 utroque
282 2592 482 2679 plenissime,
498 2593 589 2679 quod
604 2593 795 2680 cupiebant,
813 2593 1025 2680 impetratum
1044 2590 1209 2683 fingente.

127 2692 188 2756 Hic
210 2716 301 2757 error
320 2695 430 2760 denuo
451 2695 484 2758 in
511 2696 632 2758 bellum
653 2695 793 2782 populos
811 2694 882 2757 illos
900 2692 982 2782 egit,
1005 2715 1124 2780 quum
1145 2697 1209 2777 jam

126 2795 331 2860 Damocritus
342 2814 480 2885 praetura
492 2798 580 2885 apud
589 2797 724 2861 Achaeos
737 2796 936 2885 iungeretur.
951 2793 1027 2856 Hoc
1040 2813 1119 2861 erat
1133 2813 1211 2860 tem·

127 2917 203 2980 pus,
220 2921 286 2983 qno
304 2898 345 2978 Q.
357 2899 522 2979 Metellus,
539 2899 625 2963 victo
637 2896 812 2978 Andrisco,
829 2919 879 2960 res
894 2894 1108 2960 Macedoniae
1122 2922 1211 2963 oom-

127 2999 278 3083 ponebat.
299 3002 330 3061 Is
352 3002 456 3064 missis
480 3000 565 3063 forte
588 2999 630 3063 ad
651 3021 702 3062 res
721 3000 804 3062 Asiae
825 2996 1115 3084 introspiciundas
1137 3023 1210 3089 per·

128 3098 256 3180 suadet,
283 3117 320 3162 ut
344 3099 437 3163 aditis
462 3102 585 3164 Achaeis
611 3099 782 3165 differendi
804 3100 899 3180 belli,
923 3101 1210 3190 exspectandique

128 3199 293 3262 venientes
320 3203 423 3264 Roma
449 3203 741 3266 controversiarum
765 3202 922 3277 arbitros,
945 3216 1108 3267 auctores
1135 3205 1209 3268 sint

129 3297 209 3381 Sed,
227 3318 331 3387 spreta
348 3302 467 3367 horum
483 3302 724 3384 admonitione,
741 3301 947 3367 Damocritus
965 3301 1076 3366 victos
1096 3327 1209 3393 pugna

129 3402 301 3489 Spartanos
325 3403 409 3467 intra
433 3407 548 3469 moenia
571 3405 750 3493 compellit,
773 3420 876 3468 vastat
900 3403 1037 3488 uritque
1068 3427 1211 3493 agrum,

130 3503 219 3565 urbis
242 3504 408 3591 capiunda
432 3507 541 3595 potius
566 3506 729 3594 neglecta,
753 3526 852 3592 quam
876 3524 942 3564 non
970 3501 1088 3570 oblata
1115 3528 1209 3568 occa·

131 3603 221 3664 sione
235 3627 242 3667 :
261 3626 358 3690 quam
373 3606 415 3669 ob
432 3631 550 3671 noxam
566 3606 736 3673 damnatus
753 3603 964 3695 proditionis,
979 3605 1092 3669 exsilii
1114 3629 1210 3671 causa

132 3705 237 3767 solum
254 3708 358 3771 vertit.

175 3808 297 3872 XXXI.
313 3811 364 3873 Fit
377 3812 496 3875 iterum
513 3811 621 3875 Diaeus
639 3825 770 3899 praetor,
788 3809 987 3894 Metelloque
1003 3811 1211 3902 perlegeres

132 3911 252 3996 petenti
271 3912 446 3997 promittit,
461 3911 543 3975 nteit
555 3910 719 3974 adversum
733 3911 879 3997 Spartam
893 3920 1034 3972 moturos
1050 3912 1210 3991 Achaeos,

130 4010 245 4091 donec,
262 4015 320 4099 qai
331 4015 431 4077 Roma
443 4024 706 4101 exspectarentur,
724 4012 924 4076 advenissent.
943 4010 1089 4078 Interim
1104 4016 1212 4098 vicos,

130 4111 249 4197 Spartae
268 4113 507 4193 circumjectos,
524 4130 640 4200 sponte
661 4113 872 4177 incolentium
893 4112 1059 4200 praesidiis
1082 4115 1212 4199 firmat,

132 4213 265 4277 totidem
281 4215 320 4278 ad
332 4215 452 4278 bellum
465 4214 729 4280 lacedaemonium
742 4215 869 4279 castella
881 4214 1074 4285 habiturus.
1088 4221 1214 4288 Contra

167 4405 182 4468 5
196 4408 280 4452 XXX.
291 4406 381 4454 lustin.
393 4409 515 4465 XXXIV,
531 4423 550 4452 1.
568 4435 601 4444 -
616 4405 752 4455 Pausania
763 4405 862 4457 ,achate
873 4431 907 4443 ·-
918 4403 985 4454 Flor.
999 4408 1041 4468 ll,
1058 4410 1103 4459 ιδ.
