2594 4980
160 697 229 788 274
338 693 406 760 JO.
435 694 773 762 FRElNSllEMll
805 695 1047 763 SUPPLEM.

156 903 181 965 l.
196 865 400 976 Semoni,
416 896 457 959 ad
479 896 709 960 numantinum
727 896 847 962 bellum
871 895 1104 986 proficiscenti,
1124 899 1224 964 nullae

155 1022 193 1064 ex
218 1020 303 1062 novo
326 997 453 1061 delectu
478 997 580 1084 copiae
602 996 706 1061 datae:
727 1020 802 1063 nam
825 1013 858 1061 et
882 994 1030 1086 pluribus
1050 1015 1119 1066 tum
1142 1001 1224 1065 locis

154 1102 352 1179 bellabatur,
368 1116 400 1162 et
411 1100 564 1186 Hispania
581 1099 668 1185 (nam
682 1115 775 1163 erant
785 1099 819 1162 in
835 1121 872 1163 ea
885 1101 1032 1188 priorum
1047 1101 1222 1165 consulum

154 1200 309 1290 legiones)
326 1223 393 1263 non
411 1215 476 1263 tarn
493 1201 652 1280 exercitu,
665 1221 764 1288 quam
780 1198 863 1264 duce
878 1199 1024 1291 indigere
1038 1200 1219 1266 videbatur.

153 1304 357 1368 submoleste
370 1300 403 1364 id
420 1302 543 1365 ferebat
558 1301 739 1382 consul;et
754 1323 856 1390 quum
873 1302 968 1365 etiam
982 1302 1127 1390 pecuniae
1140 1326 1224 1391 prae·

154 1405 253 1470 sentis
272 1403 370 1483 nihil,
387 1401 444 1466 sed
457 1403 638 1490 vectigalia,
658 1424 800 1490 quorum
818 1401 888 1465 dies
907 1402 1054 1466 nondum
1071 1421 1220 1488 venerat,

154 1507 282 1571 decreta
303 1521 426 1586 essent,
447 1505 506 1567 boc
525 1504 649 1593 qur'dem
671 1501 901 1569 meamnwdttm
919 1507 981 1568 suis
999 1507 1222 1570 acumicorum

152 1609 246 1694 copiis
261 1606 359 1668 levari
365 1628 473 1693 posse,
494 1603 622 1667 dicebat
631 1602 644 1669 ἐ
662 1618 809 1668 eoeoerum
825 1603 865 1666 de
884 1620 999 1692 negato
1019 1602 1140 1670 delectu
1159 1607 1223 1672 du-

152 1729 222 1770 rum
237 1728 316 1782 esse,
336 1728 370 1766 eo
388 1704 486 1783 bello,
504 1728 565 1794 quo
580 1707 669 1769 toties
682 1709 784 1769 vt'ctus
797 1709 954 1769 exercitus
969 1721 1058 1788 esset,
1079 1710 1139 1772 sive
1154 1712 1221 1773 vti*-

153 1820 218 1871 tute
235 1807 383 1885 hostium,
402 1809 461 1869 sive
478 1829 536 1869 suu
554 1809 682 1895 ignavt'a
699 1806 757 1870 too
775 1808 805 1869 ei
822 1811 1008 1896 contigisset.
1027 1811 1131 1899 Igitur
1147 1834 1225 1899 per-

154 1909 290 1972 missum
318 1909 617 1988 senatusconsulto,
642 1921 680 1972 ut
704 1930 726 1970 a
752 1906 927 1972 volentibus
953 1912 1042 1973 sociis
1071 1915 1224 1998 occupem

153 2010 310 2074 auxiliis:
334 2009 478 2072 civitates
501 2009 609 2088 enim,
632 2029 790 2098 regesque
813 2009 963 2095 privatim
986 2011 1015 2073 ei
1038 2012 1158 2074 amicos
1184 2034 1222 2075 ac

154 2112 314 2199 hospites,
331 2111 466 2174 honoris
483 2110 552 2188 ejus
569 2133 684 2192 causa,
701 2110 852 2173 lubenter
866 2110 1021 2175 missuros
1037 2114 1223 2200 apparebat.

157 2214 260 2277 Etiam
285 2235 324 2275 ex
342 2212 527 2275 necessariis
548 2233 585 2274 ac
607 2210 780 2274 clientibus
803 2210 945 2276 delectos
963 2210 1004 2276 ad
1024 2214 1225 2303 quingentos

156 2337 253 2378 unam
271 2315 304 2376 in
325 2315 424 2393 alam,
441 2335 539 2400 quam
556 2313 736 2375 amicorum
754 2313 906 2392 vocabat,
927 2313 1116 2378 contribuit.

199 2414 241 2478 Il.
260 2414 312 2478 Sic
333 2413 374 2477 ad
396 2413 494 2476 millia
515 2412 688 2476 hominum
710 2412 811 2476 ferme
829 2429 971 2500 quatuor
992 2416 1105 2478 effecta
1123 2438 1131 2480 :
1149 2440 1223 2504 quoe

155 2518 260 2580 l'ratris
286 2515 351 2579 filio
379 2516 537 2594 Buteoni,
562 2515 715 2601 quaestori
741 2536 820 2594 suo,
846 2537 950 2603 quum
975 2515 1009 2579 in
1035 2516 1221 2606 Hispaniam

114 2695 124 2712 ι
157 2616 306 2680 ducenda
325 2613 523 2694 tradidisset,
544 2616 610 2702 ipse
629 2638 706 2679 cum
729 2615 838 2705 paucis
859 2609 900 2679 ad
920 2617 1096 2681 exercitum
1117 2619 1226 2684 citatis

154 2719 325 2783 itineribus
342 2719 491 2806 perrexit.
513 2719 595 2781 Nam
619 2717 665 2781 ibi
683 2718 793 2782 omnia
815 2718 896 2781 luxu
920 2732 952 2782 et
972 2718 1141 2784 discordiis
1157 2722 1221 2785 fer·

154 2841 229 2883 vere
253 2834 474 2906 compererat,
499 2833 613 2905 praeter
638 2818 791 2882 infamem
819 2819 905 2883 illam
930 2818 1082 2886 adversus
1112 2821 1221 2888 hostes

155 2922 331 3012 ignaviam,
349 2943 420 3007 quae
437 2943 495 3008 per
511 2936 561 2983 tot
577 2943 680 2984 annos
696 2915 883 3002 timiditate,
899 2936 955 2987 aut
970 2922 1148 2988 ambitione
1164 2923 1224 2989 du·

154 3047 248 3104 cum,
264 3044 355 3111 poene
374 3022 408 3084 in
426 3021 699 3086 consuetudinem
716 3023 898 3087 evaluerat:
916 3045 1024 3110 neque
1041 3023 1141 3113 igitur
1156 3024 1219 3089 du·

154 3125 294 3205 bitabat,
316 3123 384 3208 pari
407 3122 543 3184 omnino
568 3123 618 3184 via
643 3121 704 3185 sibi
729 3123 770 3186 ad
795 3124 1004 3188 Numantiam
1028 3125 1220 3190 struendum

156 3229 227 3306 iter,
244 3245 309 3311 qua
325 3244 403 3284 usus
417 3223 450 3284 in
467 3223 668 3310 Carthaginis
684 3223 855 3288 obsidione
871 3229 994 3310 luerat,
1009 3247 1117 3314 neque
1131 3227 1220 3318 prius

156 3327 217 3390 sibi
233 3325 273 3388 de
288 3324 381 3386 hoste
398 3322 591 3408 sperandam
606 3322 773 3387 victoriam
790 3346 874 3405 esse,
889 3346 986 3412 quam
999 3327 1157 3391 exercitus
1169 3329 1222 3390 sui

156 3428 233 3489 vitia
249 3418 425 3487 devicisset.
1215 3414 1217 3419 ’

201 3520 259 3590 lll.
283 3527 414 3609 ltaque,
440 3541 477 3586 ut
502 3524 643 3611 primum
669 3527 705 3590 in
730 3544 832 3592 castra
854 3528 959 3608 vonit,
982 3530 1089 3593 statim
1110 3531 1222 3595 onmia

158 3631 252 3693 luxus
275 3627 490 3688 instrumenta
513 3626 674 3690 removit:
691 3628 855 3692 institores
877 3645 973 3716 atque
996 3629 1073 3695 lixas
1096 3631 1224 3720 ingenti

157 3749 314 3804 nurnero,
328 3724 461 3814 duoque
473 3742 627 3813 praeterea
643 3745 824 3794 scortorum
842 3730 938 3794 millia
953 3732 1064 3796 eastris
1079 3732 1219 3822 expulit:

67 3855 69 3858 ’
158 3826 280 3917 expulit
302 3838 334 3888 et
357 3825 550 3892 sacrificulos
568 3844 742 3917 vatesque,
764 3845 887 3894 metum
908 3827 1048 3897 militum
1068 3856 1149 3901 vana
1165 3855 1224 3897 su·

158 3925 347 4020 perstitione
373 3944 527 4015 augentes
548 3952 555 3992 :
582 3927 764 4018 edixitque,
785 3954 825 3995 ae
847 3929 880 3997 io
896 3947 1055 4020 posterum
1076 3936 1221 3999 vtctbnas

158 4030 356 4096 divinamus
368 4051 482 4107 causa,
498 4053 571 4094 neve
582 4029 650 4094 alio
663 4054 728 4095 non
739 4035 912 4121 nopcssanit
923 4036 1092 4123 imponam
1104 4033 1218 4098 lacent.

158 4131 222 4198 Sed
240 4146 272 4195 et
290 4130 432 4217 plaustra
453 4133 673 4219 majoremque
694 4147 818 4220 partem
838 4130 1056 4216 smmnartim,
1070 4136 1149 4199 item
1165 4136 1223 4215 ju-

196 4353 243 4417 §t
257 4356 287 4402 U.
303 4355 330 4402 C.
345 4356 410 4409 618;
426 4357 454 4401 Α.
470 4358 498 4403 C.
516 4355 572 4409 134·
582 4356 730 4423 -Appton
742 4358 813 4423 llisp.
824 4385 859 4396 -
869 4358 995 4408 Plutarch.
1005 4360 1134 4424 Apophtb.
1147 4364 1222 4411 lton.

160 4462 194 4473 -
207 4435 223 4500 s
234 4439 266 4482 11.
278 4437 339 4484 nor.
352 4439 391 4494 11,
410 4439 448 4482 is.
