2594 4980
136 696 203 766 syn
227 676 291 741 JO.
314 672 540 740 FREINSH.
565 674 699 740 SUPP.
724 672 780 740 IN
803 671 914 739 LOC.
937 671 1035 739 LIB.
1059 671 1155 739 LVI.
1269 661 1279 685 ³

176 793 278 858 XLH.
295 792 358 857 Sed
374 791 459 880 apud
477 793 649 880 plerosque
665 793 780 881 quovis
798 807 945 856 monstro
961 792 1195 856 formidabilior

133 910 201 960 erat
218 894 286 982 ipsa
303 895 465 957 servilium
485 910 634 958 motuum
653 894 779 959 novitas
798 916 807 958 t
830 916 928 980 quam
947 892 1049 982 ignari
1067 916 1193 974 rerum,

131 996 223 1084 quasi
236 1017 305 1059 rem
321 995 543 1059 incredibilem
561 1012 594 1059 et
609 996 833 1084 improvisam,
845 995 1055 1058 mirabantur.
1067 996 1110 1059 At
1121 995 1195 1081 qui·

131 1096 193 1160 bus
216 1098 293 1161 olim
318 1111 448 1160 notatus
472 1120 509 1160 ex
534 1097 627 1185 copia
651 1094 836 1161 divitiarum
857 1094 953 1158 luxus
974 1109 1072 1180 atque
1091 1093 1194 1158 fastus

132 1213 216 1279 erat,
236 1219 343 1284 neque
361 1199 480 1280 fatum,
500 1220 607 1285 neque
629 1198 793 1263 fortunam
816 1197 1021 1277 incusantes,
1041 1193 1081 1259 sd
1102 1216 1193 1259 veras

131 1320 256 1372 causas,
274 1298 394 1386 quibus
411 1299 467 1364 diu
485 1318 560 1364 ante
576 1298 799 1364 obsistendum
818 1299 948 1374 fuisset,
970 1314 1123 1361 eventum
1139 1319 1192 1360 re·

130 1400 286 1465 ferebant.
300 1402 343 1465 Et
360 1424 436 1466 sane
455 1403 546 1466 facile
566 1402 607 1466 ab
624 1401 717 1466 initio
733 1402 838 1465 bremt
850 1415 1015 1464 tantorum
1032 1399 1191 1463 bellorum

130 1499 277 1565 fomitem
303 1503 507 1592 exstinguere
530 1525 587 1591 per
609 1500 770 1583 remedia,
793 1500 1072 1589 quibusmvariu'oe
1095 1501 1191 1563 luxu·
1231 1534 1235 1541 ·

130 1601 249 1689 riaeque
271 1602 388 1666 modus
407 1605 560 1690 ponitur:
580 1603 642 1668 nisi
661 1602 763 1667 ferme
786 1625 823 1666 es
845 1623 953 1665 rerum
973 1600 1192 1664 humanarum

130 1702 276 1767 conditio
299 1721 399 1785 esset,
418 1721 456 1768 ut
480 1704 674 1768 inevitabilia
696 1702 790 1766 nobis
809 1702 891 1765 mala
912 1700 1007 1781 fiant,
1030 1699 1108 1763 dum
1133 1722 1190 1762 na·

130 1806 250 1868 scentia
264 1826 323 1891 pro
337 1806 441 1892 parvis
456 1807 713 1884 contemnimus,
730 1804 840 1891 adulta
852 1824 1020 1892 nunquam
1033 1803 1109 1868 satis
1121 1822 1189 1864 ma·

130 1921 203 1968 ture
217 1923 417 1969 coercentur.

164 2088 180 2153 S
194 2092 272 2140 mr.
286 2091 390 2141 Diodes.
403 2092 470 2159 apud
481 2093 563 2142 Valss.
