<?xml version="1.0" encoding="UTF-8"?>
<!DOCTYPE html PUBLIC "-//W3C//DTD XHTML 1.0 Transitional//EN"
    "http://www.w3.org/TR/xhtml1/DTD/xhtml1-transitional.dtd">
<html xmlns="http://www.w3.org/1999/xhtml" xml:lang="en" lang="en">
 <head>
  <title>
</title>
<meta http-equiv="Content-Type" content="text/html;charset=utf-8" />
  <meta name='ocr-system' content='tesseract 3.04.00' />
  <meta name='ocr-capabilities' content='ocr_page ocr_carea ocr_par ocr_line ocrx_word'/>
</head>
<body>
  <div class='ocr_page' id='page_1' title='image "./titusliviuspata00freigoog_0353.png"; bbox 0 0 2594 4980; ppageno 0'>
   <div class='ocr_carea' id='block_1_1' title="bbox 133 706 1015 784">
    <p class='ocr_par' dir='ltr' id='par_1_1' title="bbox 133 706 1015 784">
     <span class='ocr_line' id='line_1_1' title="bbox 133 706 1015 784; baseline 0.002 -5"><span class='ocrx_word' id='word_1_1' title='bbox 133 706 201 779; x_wconf 81' lang='lat'>362</span> <span class='ocrx_word' id='word_1_2' title='bbox 307 715 373 779; x_wconf 89' lang='lat' dir='ltr'>JO.</span> <span class='ocrx_word' id='word_1_3' title='bbox 400 714 740 783; x_wconf 86' lang='lat' dir='ltr'><strong>FREINSHEMII</strong></span> <span class='ocrx_word' id='word_1_4' title='bbox 771 716 1015 784; x_wconf 89' lang='lat' dir='ltr'>SUPPLEM.</span> 
     </span>
    </p>
   </div>
   <div class='ocr_carea' id='block_1_2' title="bbox 131 832 1254 2536">
    <p class='ocr_par' dir='ltr' id='par_1_2' title="bbox 131 832 1254 2536">
     <span class='ocr_line' id='line_1_2' title="bbox 131 832 1196 917; baseline 0.005 -23"><span class='ocrx_word' id='word_1_5' title='bbox 131 832 243 894; x_wconf 78' lang='lat' dir='ltr'>rebant</span> <span class='ocrx_word' id='word_1_6' title='bbox 260 853 267 893; x_wconf 76' lang='grc' dir='ltr'>ε</span> <span class='ocrx_word' id='word_1_7' title='bbox 286 854 427 917; x_wconf 90' lang='lat' dir='ltr'>quorum</span> <span class='ocrx_word' id='word_1_8' title='bbox 445 833 496 894; x_wconf 90' lang='lat' dir='ltr'>illc</span> <span class='ocrx_word' id='word_1_9' title='bbox 512 833 680 898; x_wconf 86' lang='lat' dir='ltr'>tribunatu</span> <span class='ocrx_word' id='word_1_10' title='bbox 696 857 730 898; x_wconf 91' lang='lat' dir='ltr'>se</span> <span class='ocrx_word' id='word_1_11' title='bbox 744 851 875 899; x_wconf 90' lang='lat' dir='ltr'>coactus</span> <span class='ocrx_word' id='word_1_12' title='bbox 890 833 1108 917; x_wconf 79' lang='lat' dir='ltr'>abdicaverat,</span> <span class='ocrx_word' id='word_1_13' title='bbox 1127 835 1196 899; x_wconf 88' lang='lat' dir='ltr'>Po·</span> 
     </span>
     <span class='ocr_line' id='line_1_3' title="bbox 131 932 1198 1022; baseline 0.007 -29"><span class='ocrx_word' id='word_1_14' title='bbox 131 932 238 1018; x_wconf 91' lang='lat' dir='ltr'>pillius</span> <span class='ocrx_word' id='word_1_15' title='bbox 254 933 374 994; x_wconf 88' lang='lat' dir='ltr'>amicos</span> <span class='ocrx_word' id='word_1_16' title='bbox 391 934 512 996; x_wconf 89' lang='lat' dir='ltr'>Tiberii</span> <span class='ocrx_word' id='word_1_17' title='bbox 531 934 688 1021; x_wconf 89' lang='lat' dir='ltr'>quosdam</span> <span class='ocrx_word' id='word_1_18' title='bbox 704 936 739 999; x_wconf 92' lang='lat' dir='ltr'>in</span> <span class='ocrx_word' id='word_1_19' title='bbox 757 936 904 999; x_wconf 81' lang='lat' dir='ltr'>exsilium</span> <span class='ocrx_word' id='word_1_20' title='bbox 922 936 1051 1014; x_wconf 84' lang='lat' dir='ltr'>ejecisse</span> <span class='ocrx_word' id='word_1_21' title='bbox 1064 933 1198 1022; x_wconf 85' lang='lat' dir='ltr'>diceba·</span> 
     </span>
     <span class='ocr_line' id='line_1_4' title="bbox 132 1032 1195 1124; baseline 0.005 -30"><span class='ocrx_word' id='word_1_22' title='bbox 132 1048 194 1095; x_wconf 88' lang='lat' dir='ltr'>tur.</span> <span class='ocrx_word' id='word_1_23' title='bbox 213 1034 259 1094; x_wconf 87' lang='lat' dir='ltr'>Ex</span> <span class='ocrx_word' id='word_1_24' title='bbox 277 1032 326 1094; x_wconf 91' lang='lat' dir='ltr'>his</span> <span class='ocrx_word' id='word_1_25' title='bbox 342 1033 514 1120; x_wconf 86' lang='lat' dir='ltr'>Popillius,</span> <span class='ocrx_word' id='word_1_26' title='bbox 531 1058 598 1097; x_wconf 93' lang='lat' dir='ltr'>non</span> <span class='ocrx_word' id='word_1_27' title='bbox 613 1052 795 1124; x_wconf 84' lang='lat' dir='ltr'>exspectato</span> <span class='ocrx_word' id='word_1_28' title='bbox 807 1035 920 1123; x_wconf 91' lang='lat' dir='ltr'>populi</span> <span class='ocrx_word' id='word_1_29' title='bbox 931 1034 1071 1115; x_wconf 83' lang='lat' dir='ltr'>judicio,</span> <span class='ocrx_word' id='word_1_30' title='bbox 1086 1036 1195 1099; x_wconf 89' lang='lat' dir='ltr'>solum</span> 
     </span>
     <span class='ocr_line' id='line_1_5' title="bbox 131 1134 1196 1223; baseline 0.007 -29"><span class='ocrx_word' id='word_1_31' title='bbox 131 1134 253 1195; x_wconf 88' lang='lat' dir='ltr'>vertit:</span> <span class='ocrx_word' id='word_1_32' title='bbox 279 1135 449 1196; x_wconf 89' lang='lat' dir='ltr'>Octavium</span> <span class='ocrx_word' id='word_1_33' title='bbox 473 1137 621 1220; x_wconf 81' lang='lat' dir='ltr'>Cornelia</span> <span class='ocrx_word' id='word_1_34' title='bbox 647 1136 801 1217; x_wconf 80' lang='lat' dir='ltr'>servavit,</span> <span class='ocrx_word' id='word_1_35' title='bbox 827 1137 1009 1223; x_wconf 84' lang='lat' dir='ltr'>Gaiusque,</span> <span class='ocrx_word' id='word_1_36' title='bbox 1034 1141 1144 1200; x_wconf 63' lang='lat' dir='ltr'>nutris</span> <span class='ocrx_word' id='word_1_37' title='bbox 1161 1161 1196 1201; x_wconf 81' lang='lat' dir='ltr'>se</span> 
     </span>
     <span class='ocr_line' id='line_1_6' title="bbox 131 1233 1195 1333; baseline 0.005 -38"><span class='ocrx_word' id='word_1_38' title='bbox 131 1233 209 1296; x_wconf 81' lang='lat' dir='ltr'>dare</span> <span class='ocrx_word' id='word_1_39' title='bbox 225 1235 283 1297; x_wconf 78' lang='lat' dir='ltr'>hoc</span> <span class='ocrx_word' id='word_1_40' title='bbox 294 1236 436 1322; x_wconf 82' lang='lat' dir='ltr'>precibus</span> <span class='ocrx_word' id='word_1_41' title='bbox 453 1235 583 1318; x_wconf 86' lang='lat' dir='ltr'>dicens,</span> <span class='ocrx_word' id='word_1_42' title='bbox 598 1238 666 1325; x_wconf 90' lang='lat' dir='ltr'>ipse</span> <span class='ocrx_word' id='word_1_43' title='bbox 680 1237 859 1324; x_wconf 79' lang='lat' dir='ltr'>antiquavit</span> <span class='ocrx_word' id='word_1_44' title='bbox 875 1238 978 1325; x_wconf 81' lang='lat' dir='ltr'>legem</span> <span class='ocrx_word' id='word_1_45' title='bbox 997 1259 1106 1316; x_wconf 87' lang='lat' dir='ltr'>suam;</span> <span class='ocrx_word' id='word_1_46' title='bbox 1124 1259 1195 1333; x_wconf 80' lang='lat' dir='ltr'>non</span> 
     </span>
     <span class='ocr_line' id='line_1_7' title="bbox 132 1335 1195 1425; baseline 0.006 -29"><span class='ocrx_word' id='word_1_47' title='bbox 132 1335 291 1399; x_wconf 84' lang='lat' dir='ltr'>renitente</span> <span class='ocrx_word' id='word_1_48' title='bbox 307 1338 449 1423; x_wconf 78' lang='lat' dir='ltr'>populo,</span> <span class='ocrx_word' id='word_1_49' title='bbox 466 1339 521 1423; x_wconf 88' lang='lat' dir='ltr'>qui</span> <span class='ocrx_word' id='word_1_50' title='bbox 542 1354 574 1401; x_wconf 87' lang='lat' dir='ltr'>et</span> <span class='ocrx_word' id='word_1_51' title='bbox 590 1339 742 1425; x_wconf 85' lang='lat' dir='ltr'>pietatem</span> <span class='ocrx_word' id='word_1_52' title='bbox 763 1337 819 1402; x_wconf 87' lang='lat' dir='ltr'>filii</span> <span class='ocrx_word' id='word_1_53' title='bbox 842 1337 1009 1418; x_wconf 81' lang='lat' dir='ltr'>laudabat,</span> <span class='ocrx_word' id='word_1_54' title='bbox 1026 1355 1059 1401; x_wconf 87' lang='lat' dir='ltr'>et</span> <span class='ocrx_word' id='word_1_55' title='bbox 1076 1338 1195 1403; x_wconf 84' lang='lat' dir='ltr'>mulie·</span> 
     </span>
     <span class='ocr_line' id='line_1_8' title="bbox 132 1437 1197 1527; baseline 0.007 -31"><span class='ocrx_word' id='word_1_56' title='bbox 132 1457 201 1497; x_wconf 91' lang='lat' dir='ltr'>rem</span> <span class='ocrx_word' id='word_1_57' title='bbox 211 1457 278 1497; x_wconf 93' lang='lat' dir='ltr'>non</span> <span class='ocrx_word' id='word_1_58' title='bbox 292 1437 335 1499; x_wconf 91' lang='lat' dir='ltr'>ob</span> <span class='ocrx_word' id='word_1_59' title='bbox 349 1437 467 1500; x_wconf 89' lang='lat' dir='ltr'>liberos</span> <span class='ocrx_word' id='word_1_60' title='bbox 480 1437 597 1520; x_wconf 89' lang='lat' dir='ltr'>modo,</span> <span class='ocrx_word' id='word_1_61' title='bbox 611 1438 777 1503; x_wconf 90' lang='lat' dir='ltr'>sedetiam</span> <span class='ocrx_word' id='word_1_62' title='bbox 790 1455 916 1527; x_wconf 89' lang='lat' dir='ltr'>patrem</span> <span class='ocrx_word' id='word_1_63' title='bbox 929 1439 1119 1503; x_wconf 81' lang='lat' dir='ltr'>Africanum</span> <span class='ocrx_word' id='word_1_64' title='bbox 1131 1462 1197 1502; x_wconf 89' lang='lat' dir='ltr'>ma·</span> 
     </span>
     <span class='ocr_line' id='line_1_9' title="bbox 131 1538 1198 1627; baseline 0.007 -30"><span class='ocrx_word' id='word_1_65' title='bbox 131 1559 274 1623; x_wconf 84' lang='lat' dir='ltr'>gnopere</span> <span class='ocrx_word' id='word_1_66' title='bbox 287 1538 481 1624; x_wconf 83' lang='lat' dir='ltr'>suspiciebat</span> <span class='ocrx_word' id='word_1_67' title='bbox 496 1562 502 1601; x_wconf 93' lang='lat'><strong>:</strong></span> <span class='ocrx_word' id='word_1_68' title='bbox 519 1539 610 1618; x_wconf 85' lang='lat' dir='ltr'>cujus</span> <span class='ocrx_word' id='word_1_69' title='bbox 624 1540 672 1603; x_wconf 91' lang='lat' dir='ltr'>rei</span> <span class='ocrx_word' id='word_1_70' title='bbox 685 1539 842 1604; x_wconf 90' lang='lat' dir='ltr'>indicium</span> <span class='ocrx_word' id='word_1_71' title='bbox 855 1555 959 1602; x_wconf 86' lang='lat' dir='ltr'>statua</span> <span class='ocrx_word' id='word_1_72' title='bbox 973 1562 1106 1626; x_wconf 91' lang='lat' dir='ltr'>quoque</span> <span class='ocrx_word' id='word_1_73' title='bbox 1119 1563 1198 1627; x_wconf 84' lang='lat' dir='ltr'>prae·</span> 
     </span>
     <span class='ocr_line' id='line_1_10' title="bbox 131 1638 1198 1728; baseline 0.004 -29"><span class='ocrx_word' id='word_1_74' title='bbox 131 1638 193 1700; x_wconf 85' lang='lat' dir='ltr'>fert</span> <span class='ocrx_word' id='word_1_75' title='bbox 206 1639 235 1700; x_wconf 94' lang='lat' dir='ltr'>ei</span> <span class='ocrx_word' id='word_1_76' title='bbox 253 1642 386 1702; x_wconf 87' lang='lat' dir='ltr'>nominc</span> <span class='ocrx_word' id='word_1_77' title='bbox 401 1641 512 1727; x_wconf 87' lang='lat' dir='ltr'>populi</span> <span class='ocrx_word' id='word_1_78' title='bbox 527 1641 652 1728; x_wconf 84' lang='lat' dir='ltr'>posita,</span> <span class='ocrx_word' id='word_1_79' title='bbox 669 1663 744 1705; x_wconf 88' lang='lat' dir='ltr'>cum</span> <span class='ocrx_word' id='word_1_80' title='bbox 757 1642 822 1704; x_wconf 91' lang='lat' dir='ltr'>hoc</span> <span class='ocrx_word' id='word_1_81' title='bbox 836 1642 953 1705; x_wconf 87' lang='lat' dir='ltr'>titulo:</span> <span class='ocrx_word' id='word_1_82' title='bbox 972 1640 1117 1706; x_wconf 83' lang='lat' dir='ltr'>Cornelia</span> <span class='ocrx_word' id='word_1_83' title='bbox 1129 1664 1198 1703; x_wconf 86' lang='lat' dir='ltr'>ma·</span> 
     </span>
     <span class='ocr_line' id='line_1_11' title="bbox 131 1738 1196 1831; baseline 0.005 -31"><span class='ocrx_word' id='word_1_84' title='bbox 131 1752 177 1801; x_wconf 81' lang='lat' dir='ltr'>ter</span> <span class='ocrx_word' id='word_1_85' title='bbox 194 1738 416 1805; x_wconf 75' lang='lat' dir='ltr'>Gracchorum.</span> <span class='ocrx_word' id='word_1_86' title='bbox 432 1742 495 1805; x_wconf 76' lang='lat' dir='ltr'>Sed</span> <span class='ocrx_word' id='word_1_87' title='bbox 510 1759 541 1804; x_wconf 91' lang='lat' dir='ltr'>et</span> <span class='ocrx_word' id='word_1_88' title='bbox 555 1743 665 1825; x_wconf 86' lang='lat' dir='ltr'>Caius,</span> <span class='ocrx_word' id='word_1_89' title='bbox 680 1743 814 1806; x_wconf 91' lang='lat' dir='ltr'>minime</span> <span class='ocrx_word' id='word_1_90' title='bbox 828 1743 977 1831; x_wconf 85' lang='lat' dir='ltr'>ignarus,</span> <span class='ocrx_word' id='word_1_91' title='bbox 994 1743 1107 1829; x_wconf 89' lang='lat' dir='ltr'>quanti</span> <span class='ocrx_word' id='word_1_92' title='bbox 1124 1764 1196 1805; x_wconf 86' lang='lat' dir='ltr'>eam</span> 
     </span>
     <span class='ocr_line' id='line_1_12' title="bbox 131 1840 1197 1930; baseline 0.003 -29"><span class='ocrx_word' id='word_1_93' title='bbox 131 1841 215 1902; x_wconf 86' lang='lat' dir='ltr'>cives</span> <span class='ocrx_word' id='word_1_94' title='bbox 234 1843 396 1923; x_wconf 85' lang='lat' dir='ltr'>facerent,</span> <span class='ocrx_word' id='word_1_95' title='bbox 414 1845 481 1923; x_wconf 83' lang='lat' dir='ltr'>ejus</span> <span class='ocrx_word' id='word_1_96' title='bbox 499 1844 665 1907; x_wconf 89' lang='lat' dir='ltr'>mentione</span> <span class='ocrx_word' id='word_1_97' title='bbox 680 1865 919 1929; x_wconf 88' lang='lat' dir='ltr'>nonuunquam</span> <span class='ocrx_word' id='word_1_98' title='bbox 934 1842 974 1906; x_wconf 91' lang='lat' dir='ltr'>ad</span> <span class='ocrx_word' id='word_1_99' title='bbox 988 1840 1197 1930; x_wconf 81' lang='lat' dir='ltr'>exagitandos</span> 
     </span>
     <span class='ocr_line' id='line_1_13' title="bbox 132 1940 1208 2032; baseline 0.003 -29"><span class='ocrx_word' id='word_1_100' title='bbox 132 1940 328 2008; x_wconf 89' lang='lat' dir='ltr'>adversarios</span> <span class='ocrx_word' id='word_1_101' title='bbox 345 1947 465 2008; x_wconf 85' lang='lat' dir='ltr'>abusus</span> <span class='ocrx_word' id='word_1_102' title='bbox 485 1963 531 2007; x_wconf 91' lang='lat' dir='ltr'>est</span> <span class='ocrx_word' id='word_1_103' title='bbox 551 1969 559 2009; x_wconf 83' lang='lat' dir='ltr'><strong><em>z</em></strong></span> <span class='ocrx_word' id='word_1_104' title='bbox 581 1961 618 2008; x_wconf 90' lang='lat' dir='ltr'>ut</span> <span class='ocrx_word' id='word_1_105' title='bbox 635 1968 739 2032; x_wconf 91' lang='lat' dir='ltr'>quum</span> <span class='ocrx_word' id='word_1_106' title='bbox 756 1945 1005 2023; x_wconf 85' lang='lat' dir='ltr'>conviciatorem</span> <span class='ocrx_word' id='word_1_107' title='bbox 1022 1941 1208 2030; x_wconf 85' lang='lat' dir='ltr'>quemdam.</span> 
     </span>
     <span class='ocr_line' id='line_1_14' title="bbox 131 2044 1197 2134; baseline 0.002 -29"><span class='ocrx_word' id='word_1_108' title='bbox 131 2044 317 2132; x_wconf 81' lang='lat' dir='ltr'>increpans,</span> <span class='ocrx_word' id='word_1_109' title='bbox 333 2078 345 2100; x_wconf 69' lang='lat' dir='ltr'>r</span> <span class='ocrx_word' id='word_1_110' title='bbox 356 2050 449 2111; x_wconf 89' lang='lat' dir='ltr'>Tune</span> <span class='ocrx_word' id='word_1_111' title='bbox 467 2047 644 2123; x_wconf 73' lang='lat' dir='ltr'>corneliae,</span> <span class='ocrx_word' id='word_1_112' title='bbox 658 2047 784 2134; x_wconf 89' lang='lat' dir='ltr'>inquit,</span> <span class='ocrx_word' id='word_1_113' title='bbox 797 2046 882 2110; x_wconf 88' lang='lat' dir='ltr'>ausis</span> <span class='ocrx_word' id='word_1_114' title='bbox 901 2044 1106 2124; x_wconf 83' lang='lat' dir='ltr'>maledicere,</span> <span class='ocrx_word' id='word_1_115' title='bbox 1122 2066 1197 2130; x_wconf 84' lang='lat' dir='ltr'>quae</span> 
     </span>
     <span class='ocr_line' id='line_1_15' title="bbox 133 2145 1198 2235; baseline 0.001 -28"><span class='ocrx_word' id='word_1_116' title='bbox 133 2175 146 2198; x_wconf 70' lang='lat' dir='ltr'>a</span> <span class='ocrx_word' id='word_1_117' title='bbox 156 2145 321 2209; x_wconf 82' lang='lat' dir='ltr'>Tiberium</span> <span class='ocrx_word' id='word_1_118' title='bbox 337 2148 482 2234; x_wconf 79' lang='lat' dir='ltr'>peperit?</span> <span class='ocrx_word' id='word_1_119' title='bbox 496 2171 560 2234; x_wconf 92' lang='lat' dir='ltr'>qua</span> <span class='ocrx_word' id='word_1_120' title='bbox 570 2170 669 2235; x_wconf 90' lang='lat' dir='ltr'>porro</span> <span class='ocrx_word' id='word_1_121' title='bbox 683 2148 792 2211; x_wconf 85' lang='lat' dir='ltr'>fronte</span> <span class='ocrx_word' id='word_1_122' title='bbox 804 2146 961 2210; x_wconf 82' lang='lat' dir='ltr'>Corneliae</span> <span class='ocrx_word' id='word_1_123' title='bbox 972 2161 1003 2208; x_wconf 92' lang='lat' dir='ltr'>te</span> <span class='ocrx_word' id='word_1_124' title='bbox 1014 2166 1198 2232; x_wconf 82' lang='lat' dir='ltr'>comparas,</span> 
     </span>
     <span class='ocr_line' id='line_1_16' title="bbox 132 2245 1137 2334; baseline 0.001 -26"><span class='ocrx_word' id='word_1_125' title='bbox 132 2277 144 2299; x_wconf 80' lang='grc'><strong>«</strong></span> <span class='ocrx_word' id='word_1_126' title='bbox 158 2269 229 2331; x_wconf 83' lang='lat' dir='ltr'>quae</span> <span class='ocrx_word' id='word_1_127' title='bbox 241 2271 275 2310; x_wconf 92' lang='lat' dir='ltr'>se</span> <span class='ocrx_word' id='word_1_128' title='bbox 290 2249 412 2311; x_wconf 89' lang='lat' dir='ltr'>diutius</span> <span class='ocrx_word' id='word_1_129' title='bbox 425 2251 556 2328; x_wconf 88' lang='lat' dir='ltr'>mulier,</span> <span class='ocrx_word' id='word_1_130' title='bbox 572 2270 669 2334; x_wconf 89' lang='lat' dir='ltr'>quam</span> <span class='ocrx_word' id='word_1_131' title='bbox 680 2263 716 2310; x_wconf 91' lang='lat' dir='ltr'>tu</span> <span class='ocrx_word' id='word_1_132' title='bbox 729 2248 779 2310; x_wconf 90' lang='lat' dir='ltr'>vir</span> <span class='ocrx_word' id='word_1_133' title='bbox 792 2269 810 2309; x_wconf 92' lang='lat' dir='ltr'>a</span> <span class='ocrx_word' id='word_1_134' title='bbox 823 2247 893 2310; x_wconf 89' lang='lat' dir='ltr'>viro</span> <span class='ocrx_word' id='word_1_135' title='bbox 909 2245 1113 2311; x_wconf 80' lang='lat' dir='ltr'>abstinuisti?</span> <span class='ocrx_word' id='word_1_136' title='bbox 1123 2275 1137 2301; x_wconf 69' lang='grc' dir='ltr'><strong>υ</strong></span> 
     </span>
     <span class='ocr_line' id='line_1_17' title="bbox 178 2346 1254 2435; baseline -0.001 -26"><span class='ocrx_word' id='word_1_137' title='bbox 178 2348 290 2410; x_wconf 87' lang='lat' dir='ltr'>XLIV.</span> <span class='ocrx_word' id='word_1_138' title='bbox 312 2352 419 2435; x_wconf 80' lang='lat' dir='ltr'>Atque</span> <span class='ocrx_word' id='word_1_139' title='bbox 436 2347 624 2426; x_wconf 88' lang='lat' dir='ltr'>hujusmodi</span> <span class='ocrx_word' id='word_1_140' title='bbox 639 2347 802 2412; x_wconf 89' lang='lat' dir='ltr'>dictorum</span> <span class='ocrx_word' id='word_1_141' title='bbox 817 2349 970 2435; x_wconf 83' lang='lat' dir='ltr'>frequens</span> <span class='ocrx_word' id='word_1_142' title='bbox 987 2346 1200 2410; x_wconf 77' lang='lat' dir='ltr'>amarulentia</span> <span class='ocrx_word' id='word_1_143' title='bbox 1253 2354 1254 2358; x_wconf 77' lang='grc'>’</span> 
     </span>
     <span class='ocr_line' id='line_1_18' title="bbox 134 2445 1199 2536; baseline 0.002 -28"><span class='ocrx_word' id='word_1_144' title='bbox 134 2450 336 2511; x_wconf 88' lang='lat' dir='ltr'>nuncetiam</span> <span class='ocrx_word' id='word_1_145' title='bbox 354 2452 386 2511; x_wconf 92' lang='lat' dir='ltr'>in</span> <span class='ocrx_word' id='word_1_146' title='bbox 403 2448 607 2512; x_wconf 88' lang='lat' dir='ltr'>orationibus</span> <span class='ocrx_word' id='word_1_147' title='bbox 628 2448 697 2528; x_wconf 87' lang='lat' dir='ltr'>ejus</span> <span class='ocrx_word' id='word_1_148' title='bbox 720 2465 894 2536; x_wconf 88' lang='lat' dir='ltr'>comparet.</span> <span class='ocrx_word' id='word_1_149' title='bbox 914 2451 1074 2512; x_wconf 87' lang='lat' dir='ltr'>Caeterum</span> <span class='ocrx_word' id='word_1_150' title='bbox 1092 2445 1199 2511; x_wconf 85' lang='lat' dir='ltr'>modis</span> 
     </span>
    </p>
   </div>
   <div class='ocr_carea' id='block_1_3' title="bbox 32 2541 1200 2635">
    <p class='ocr_par' dir='ltr' id='par_1_3' title="bbox 32 2541 1200 2635">
     <span class='ocr_line' id='line_1_19' title="bbox 32 2541 1200 2635; baseline -0.001 -25"><span class='ocrx_word' id='word_1_151' title='bbox 32 2541 33 2544; x_wconf 26' lang='lat'>¹</span> <span class='ocrx_word' id='word_1_152' title='bbox 133 2549 287 2613; x_wconf 90' lang='lat' dir='ltr'>omnibus</span> <span class='ocrx_word' id='word_1_153' title='bbox 304 2566 335 2612; x_wconf 94' lang='lat' dir='ltr'>et</span> <span class='ocrx_word' id='word_1_154' title='bbox 352 2550 452 2635; x_wconf 87' lang='lat' dir='ltr'>plebis</span> <span class='ocrx_word' id='word_1_155' title='bbox 471 2551 623 2611; x_wconf 84' lang='lat' dir='ltr'>extollere</span> <span class='ocrx_word' id='word_1_156' title='bbox 641 2549 840 2634; x_wconf 86' lang='lat' dir='ltr'>potentiam,</span> <span class='ocrx_word' id='word_1_157' title='bbox 859 2563 891 2610; x_wconf 89' lang='lat' dir='ltr'>et</span> <span class='ocrx_word' id='word_1_158' title='bbox 905 2565 1035 2611; x_wconf 87' lang='lat' dir='ltr'>senatus</span> <span class='ocrx_word' id='word_1_159' title='bbox 1056 2547 1200 2611; x_wconf 85' lang='lat' dir='ltr'>auctori·</span> 
     </span>
    </p>
   </div>
   <div class='ocr_carea' id='block_1_4' title="bbox 134 2649 1205 4152">
    <p class='ocr_par' dir='ltr' id='par_1_4' title="bbox 134 2649 1202 3241">
     <span class='ocr_line' id='line_1_20' title="bbox 134 2649 1201 2737; baseline 0 -26"><span class='ocrx_word' id='word_1_160' title='bbox 134 2665 233 2711; x_wconf 89' lang='lat' dir='ltr'>tatem</span> <span class='ocrx_word' id='word_1_161' title='bbox 257 2651 437 2737; x_wconf 84' lang='lat' dir='ltr'>deprimere</span> <span class='ocrx_word' id='word_1_162' title='bbox 462 2651 617 2737; x_wconf 87' lang='lat' dir='ltr'>cupiens,</span> <span class='ocrx_word' id='word_1_163' title='bbox 640 2649 734 2735; x_wconf 84' lang='lat' dir='ltr'>plura</span> <span class='ocrx_word' id='word_1_164' title='bbox 752 2649 956 2733; x_wconf 85' lang='lat' dir='ltr'>majoraque,</span> <span class='ocrx_word' id='word_1_165' title='bbox 980 2670 1077 2735; x_wconf 90' lang='lat' dir='ltr'>quam</span> <span class='ocrx_word' id='word_1_166' title='bbox 1101 2649 1201 2711; x_wconf 85' lang='lat' dir='ltr'>frater</span> 
     </span>
     <span class='ocr_line' id='line_1_21' title="bbox 136 2749 1202 2837; baseline 0.002 -27"><span class='ocrx_word' id='word_1_167' title='bbox 136 2750 306 2830; x_wconf 86' lang='lat' dir='ltr'>Tiberius,</span> <span class='ocrx_word' id='word_1_168' title='bbox 327 2751 476 2813; x_wconf 88' lang='lat' dir='ltr'>audebat.</span> <span class='ocrx_word' id='word_1_169' title='bbox 504 2750 705 2836; x_wconf 90' lang='lat' dir='ltr'>Principium</span> <span class='ocrx_word' id='word_1_170' title='bbox 730 2749 771 2812; x_wconf 88' lang='lat' dir='ltr'>ab</span> <span class='ocrx_word' id='word_1_171' title='bbox 794 2750 916 2837; x_wconf 82' lang='lat' dir='ltr'>agraria</span> <span class='ocrx_word' id='word_1_172' title='bbox 940 2750 1009 2836; x_wconf 81' lang='lat' dir='ltr'>lege</span> <span class='ocrx_word' id='word_1_173' title='bbox 1033 2750 1110 2824; x_wconf 81' lang='lat' dir='ltr'>fuit,</span> <span class='ocrx_word' id='word_1_174' title='bbox 1134 2772 1202 2836; x_wconf 87' lang='lat' dir='ltr'>qua</span> 
     </span>
     <span class='ocr_line' id='line_1_22' title="bbox 137 2849 1202 2938; baseline 0.001 -26"><span class='ocrx_word' id='word_1_175' title='bbox 137 2853 241 2914; x_wconf 89' lang='lat' dir='ltr'>acrius</span> <span class='ocrx_word' id='word_1_176' title='bbox 255 2868 351 2937; x_wconf 87' lang='lat' dir='ltr'>atquc</span> <span class='ocrx_word' id='word_1_177' title='bbox 361 2853 489 2938; x_wconf 89' lang='lat' dir='ltr'>plenius</span> <span class='ocrx_word' id='word_1_178' title='bbox 505 2852 598 2926; x_wconf 82' lang='lat' dir='ltr'>cavit,</span> <span class='ocrx_word' id='word_1_179' title='bbox 607 2874 645 2913; x_wconf 86' lang='lat' dir='ltr'>ne</span> <span class='ocrx_word' id='word_1_180' title='bbox 655 2852 723 2938; x_wconf 85' lang='lat' dir='ltr'>quis</span> <span class='ocrx_word' id='word_1_181' title='bbox 736 2861 846 2913; x_wconf 82' lang='lat' dir='ltr'>contra</span> <span class='ocrx_word' id='word_1_182' title='bbox 854 2850 952 2936; x_wconf 78' lang='lat' dir='ltr'>legem</span> <span class='ocrx_word' id='word_1_183' title='bbox 963 2849 1116 2912; x_wconf 68' lang='lat' dir='ltr'>Ltctitmm</span> <span class='ocrx_word' id='word_1_184' title='bbox 1122 2850 1202 2936; x_wconf 79' lang='lat' dir='ltr'>plus</span> 
     </span>
     <span class='ocr_line' id='line_1_23' title="bbox 139 2933 1202 3040; baseline -0.002 -25"><span class='ocrx_word' id='word_1_185' title='bbox 139 2933 316 3039; x_wconf 62' lang='lat' dir='ltr'>quingcn‘tis</span> <span class='ocrx_word' id='word_1_186' title='bbox 322 2953 485 3040; x_wconf 73' lang='lat' dir='ltr'>jugeribus</span> <span class='ocrx_word' id='word_1_187' title='bbox 499 2952 624 3014; x_wconf 78' lang='lat' dir='ltr'>haberet</span> <span class='ocrx_word' id='word_1_188' title='bbox 636 2974 648 3012; x_wconf 89' lang='lat'>.·</span> <span class='ocrx_word' id='word_1_189' title='bbox 662 2966 756 3038; x_wconf 77' lang='lat' dir='ltr'>utque</span> <span class='ocrx_word' id='word_1_190' title='bbox 770 2971 850 3035; x_wconf 77' lang='lat' dir='ltr'>ager</span> <span class='ocrx_word' id='word_1_191' title='bbox 857 2947 1003 3037; x_wconf 80' lang='lat' dir='ltr'>publicus</span> <span class='ocrx_word' id='word_1_192' title='bbox 1011 2950 1202 3036; x_wconf 81' lang='lat' dir='ltr'>pauperibus</span> 
     </span>
     <span class='ocr_line' id='line_1_24' title="bbox 136 3049 1201 3139; baseline -0.003 -25"><span class='ocrx_word' id='word_1_193' title='bbox 136 3054 537 3117; x_wconf 80' lang='lat' dir='ltr'>dividcv·ctur.Triumviros</span> <span class='ocrx_word' id='word_1_194' title='bbox 549 3051 632 3139; x_wconf 86' lang='lat' dir='ltr'>agris</span> <span class='ocrx_word' id='word_1_195' title='bbox 644 3049 829 3114; x_wconf 91' lang='lat' dir='ltr'>dividundis</span> <span class='ocrx_word' id='word_1_196' title='bbox 842 3071 941 3135; x_wconf 90' lang='lat' dir='ltr'>seque</span> <span class='ocrx_word' id='word_1_197' title='bbox 952 3064 984 3112; x_wconf 91' lang='lat' dir='ltr'>et</span> <span class='ocrx_word' id='word_1_198' title='bbox 995 3050 1039 3113; x_wconf 82' lang='lat' dir='ltr'>M.</span> <span class='ocrx_word' id='word_1_199' title='bbox 1048 3049 1201 3111; x_wconf 80' lang='lat' dir='ltr'>Fulvium</span> 
     </span>
     <span class='ocr_line' id='line_1_25' title="bbox 137 3155 1201 3241; baseline -0.004 -21"><span class='ocrx_word' id='word_1_200' title='bbox 137 3157 246 3222; x_wconf 88' lang='lat' dir='ltr'>denuo</span> <span class='ocrx_word' id='word_1_201' title='bbox 258 3159 389 3235; x_wconf 82' lang='lat' dir='ltr'>creavit,</span> <span class='ocrx_word' id='word_1_202' title='bbox 404 3161 438 3219; x_wconf 91' lang='lat' dir='ltr'>C.</span> <span class='ocrx_word' id='word_1_203' title='bbox 450 3159 545 3219; x_wconf 90' lang='lat' dir='ltr'>etiam</span> <span class='ocrx_word' id='word_1_204' title='bbox 556 3159 670 3219; x_wconf 89' lang='lat' dir='ltr'>Crasso</span> <span class='ocrx_word' id='word_1_205' title='bbox 683 3157 717 3217; x_wconf 91' lang='lat' dir='ltr'>in</span> <span class='ocrx_word' id='word_1_206' title='bbox 732 3155 917 3217; x_wconf 86' lang='lat' dir='ltr'>societatem</span> <span class='ocrx_word' id='word_1_207' title='bbox 929 3176 1013 3217; x_wconf 86' lang='lat' dir='ltr'>curae</span> <span class='ocrx_word' id='word_1_208' title='bbox 1023 3170 1201 3241; x_wconf 85' lang='lat' dir='ltr'>assumpto.</span> 
     </span>
    </p>

    <p class='ocr_par' dir='ltr' id='par_1_5' title="bbox 136 3255 1205 4152">
     <span class='ocr_line' id='line_1_26' title="bbox 183 3255 1202 3342; baseline 0 -24"><span class='ocrx_word' id='word_1_209' title='bbox 183 3260 278 3320; x_wconf 83' lang='lat' dir='ltr'>XLV.</span> <span class='ocrx_word' id='word_1_210' title='bbox 304 3259 450 3318; x_wconf 89' lang='lat' dir='ltr'>Portoria</span> <span class='ocrx_word' id='word_1_211' title='bbox 475 3279 606 3342; x_wconf 89' lang='lat' dir='ltr'>quoque</span> <span class='ocrx_word' id='word_1_212' title='bbox 629 3271 662 3318; x_wconf 93' lang='lat' dir='ltr'>et</span> <span class='ocrx_word' id='word_1_213' title='bbox 687 3255 851 3342; x_wconf 86' lang='lat' dir='ltr'>vectigalia</span> <span class='ocrx_word' id='word_1_214' title='bbox 873 3279 956 3320; x_wconf 87' lang='lat' dir='ltr'>nova</span> <span class='ocrx_word' id='word_1_215' title='bbox 975 3255 1144 3320; x_wconf 91' lang='lat' dir='ltr'>constituit</span> <span class='ocrx_word' id='word_1_216' title='bbox 1162 3278 1202 3318; x_wconf 82' lang='lat' dir='ltr'>cx</span> 
     </span>
     <span class='ocr_line' id='line_1_27' title="bbox 137 3355 1202 3445; baseline -0.001 -25"><span class='ocrx_word' id='word_1_217' title='bbox 137 3359 208 3420; x_wconf 84' lang='lat' dir='ltr'>Asia</span> <span class='ocrx_word' id='word_1_218' title='bbox 227 3373 258 3418; x_wconf 92' lang='lat' dir='ltr'>et</span> <span class='ocrx_word' id='word_1_219' title='bbox 274 3358 370 3419; x_wconf 88' lang='lat' dir='ltr'>Attali</span> <span class='ocrx_word' id='word_1_220' title='bbox 393 3358 474 3444; x_wconf 82' lang='lat' dir='ltr'>regis</span> <span class='ocrx_word' id='word_1_221' title='bbox 496 3355 692 3436; x_wconf 82' lang='lat' dir='ltr'>hereditate3</span> <span class='ocrx_word' id='word_1_222' title='bbox 713 3379 778 3443; x_wconf 91' lang='lat' dir='ltr'>quo</span> <span class='ocrx_word' id='word_1_223' title='bbox 797 3357 978 3443; x_wconf 88' lang='lat' dir='ltr'>respublica</span> <span class='ocrx_word' id='word_1_224' title='bbox 993 3357 1089 3420; x_wconf 89' lang='lat' dir='ltr'>tantis</span> <span class='ocrx_word' id='word_1_225' title='bbox 1102 3357 1202 3445; x_wconf 82' lang='lat' dir='ltr'>largi·</span> 
     </span>
     <span class='ocr_line' id='line_1_28' title="bbox 136 3456 1202 3544; baseline 0.002 -25"><span class='ocrx_word' id='word_1_226' title='bbox 136 3457 280 3519; x_wconf 91' lang='lat' dir='ltr'>tionibus</span> <span class='ocrx_word' id='word_1_227' title='bbox 292 3456 463 3519; x_wconf 84' lang='lat' dir='ltr'>sufficeret.</span> <span class='ocrx_word' id='word_1_228' title='bbox 477 3458 560 3519; x_wconf 88' lang='lat' dir='ltr'>Nam</span> <span class='ocrx_word' id='word_1_229' title='bbox 575 3472 608 3518; x_wconf 90' lang='lat' dir='ltr'>et</span> <span class='ocrx_word' id='word_1_230' title='bbox 620 3456 748 3520; x_wconf 90' lang='lat' dir='ltr'>militari</span> <span class='ocrx_word' id='word_1_231' title='bbox 760 3458 847 3544; x_wconf 66' lang='lat' dir='ltr'>lisge,</span> <span class='ocrx_word' id='word_1_232' title='bbox 860 3480 924 3544; x_wconf 89' lang='lat' dir='ltr'>qua</span> <span class='ocrx_word' id='word_1_233' title='bbox 935 3458 1095 3521; x_wconf 90' lang='lat' dir='ltr'>minorem</span> <span class='ocrx_word' id='word_1_234' title='bbox 1106 3457 1202 3521; x_wconf 88' lang='lat' dir='ltr'>amris</span> 
     </span>
     <span class='ocr_line' id='line_1_29' title="bbox 137 3556 1203 3648; baseline 0 -28"><span class='ocrx_word' id='word_1_235' title='bbox 137 3556 366 3644; x_wconf 88' lang='lat' dir='ltr'>septemdecim</span> <span class='ocrx_word' id='word_1_236' title='bbox 376 3558 481 3645; x_wconf 86' lang='lat' dir='ltr'>rogari</span> <span class='ocrx_word' id='word_1_237' title='bbox 492 3574 693 3621; x_wconf 88' lang='lat' dir='ltr'>sacramento</span> <span class='ocrx_word' id='word_1_238' title='bbox 705 3557 817 3638; x_wconf 85' lang='lat' dir='ltr'>vetuit,</span> <span class='ocrx_word' id='word_1_239' title='bbox 830 3575 951 3622; x_wconf 88' lang='lat' dir='ltr'>vestem</span> <span class='ocrx_word' id='word_1_240' title='bbox 960 3559 1131 3648; x_wconf 83' lang='lat' dir='ltr'>gratuitam</span> <span class='ocrx_word' id='word_1_241' title='bbox 1140 3557 1203 3620; x_wconf 89' lang='lat' dir='ltr'>mi·</span> 
     </span>
     <span class='ocr_line' id='line_1_30' title="bbox 137 3657 1202 3746; baseline 0.002 -25"><span class='ocrx_word' id='word_1_242' title='bbox 137 3658 184 3721; x_wconf 91' lang='lat' dir='ltr'>liti</span> <span class='ocrx_word' id='word_1_243' title='bbox 203 3657 315 3737; x_wconf 80' lang='lat' dir='ltr'>dabat3</span> <span class='ocrx_word' id='word_1_244' title='bbox 331 3675 362 3720; x_wconf 89' lang='lat' dir='ltr'>ct</span> <span class='ocrx_word' id='word_1_245' title='bbox 376 3660 553 3721; x_wconf 89' lang='lat' dir='ltr'>annonaria</span> <span class='ocrx_word' id='word_1_246' title='bbox 567 3659 764 3746; x_wconf 90' lang='lat' dir='ltr'>pauperibus</span> <span class='ocrx_word' id='word_1_247' title='bbox 780 3661 981 3724; x_wconf 91' lang='lat' dir='ltr'>frumentum</span> <span class='ocrx_word' id='word_1_248' title='bbox 995 3676 1202 3724; x_wconf 88' lang='lat' dir='ltr'>menstruum</span> 
     </span>
     <span class='ocr_line' id='line_1_31' title="bbox 137 3757 1203 3850; baseline 0.006 -31"><span class='ocrx_word' id='word_1_249' title='bbox 137 3757 280 3821; x_wconf 88' lang='lat' dir='ltr'>dividere</span> <span class='ocrx_word' id='word_1_250' title='bbox 297 3761 428 3822; x_wconf 89' lang='lat' dir='ltr'>semisse</span> <span class='ocrx_word' id='word_1_251' title='bbox 449 3776 480 3822; x_wconf 92' lang='lat' dir='ltr'>et</span> <span class='ocrx_word' id='word_1_252' title='bbox 498 3761 615 3823; x_wconf 90' lang='lat' dir='ltr'>triente</span> <span class='ocrx_word' id='word_1_253' title='bbox 631 3761 840 3824; x_wconf 89' lang='lat' dir='ltr'>instituerat:</span> <span class='ocrx_word' id='word_1_254' title='bbox 863 3784 935 3848; x_wconf 87' lang='lat' dir='ltr'>quae</span> <span class='ocrx_word' id='word_1_255' title='bbox 958 3762 1084 3850; x_wconf 83' lang='lat' dir='ltr'>largitio</span> <span class='ocrx_word' id='word_1_256' title='bbox 1098 3783 1203 3848; x_wconf 89' lang='lat' dir='ltr'>quum</span> 
     </span>
     <span class='ocr_line' id='line_1_32' title="bbox 138 3860 1204 3950; baseline 0.002 -27"><span class='ocrx_word' id='word_1_257' title='bbox 138 3877 221 3923; x_wconf 89' lang='lat' dir='ltr'>esset</span> <span class='ocrx_word' id='word_1_258' title='bbox 236 3860 349 3940; x_wconf 86' lang='lat' dir='ltr'>nimia,</span> <span class='ocrx_word' id='word_1_259' title='bbox 367 3863 615 3948; x_wconf 73' lang='lat' dir='ltr'>eiham-iretque</span> <span class='ocrx_word' id='word_1_260' title='bbox 629 3862 795 3942; x_wconf 84' lang='lat' dir='ltr'>aerarium,</span> <span class='ocrx_word' id='word_1_261' title='bbox 810 3879 842 3925; x_wconf 88' lang='lat' dir='ltr'>et</span> <span class='ocrx_word' id='word_1_262' title='bbox 854 3862 982 3950; x_wconf 91' lang='lat' dir='ltr'>plebem</span> <span class='ocrx_word' id='word_1_263' title='bbox 993 3862 1033 3925; x_wconf 86' lang='lat' dir='ltr'>ad</span> <span class='ocrx_word' id='word_1_264' title='bbox 1046 3860 1204 3926; x_wconf 86' lang='lat' dir='ltr'>desidiam</span> 
     </span>
     <span class='ocr_line' id='line_1_33' title="bbox 136 3963 1203 4053; baseline 0.001 -28"><span class='ocrx_word' id='word_1_265' title='bbox 136 3978 303 4045; x_wconf 85' lang='lat' dir='ltr'>avocaret,</span> <span class='ocrx_word' id='word_1_266' title='bbox 328 3964 405 4027; x_wconf 90' lang='lat' dir='ltr'>boni</span> <span class='ocrx_word' id='word_1_267' title='bbox 426 3963 671 4053; x_wconf 81' lang='lat' dir='ltr'>repugnabant3</span> <span class='ocrx_word' id='word_1_268' title='bbox 693 3963 751 4027; x_wconf 90' lang='lat' dir='ltr'>sed</span> <span class='ocrx_word' id='word_1_269' title='bbox 769 3987 787 4027; x_wconf 86' lang='lat' dir='ltr'>a</span> <span class='ocrx_word' id='word_1_270' title='bbox 810 3964 958 4051; x_wconf 88' lang='lat' dir='ltr'>pluribus</span> <span class='ocrx_word' id='word_1_271' title='bbox 977 3964 1203 4027; x_wconf 87' lang='lat' dir='ltr'>vincebantur.</span> 
     </span>
     <span class='ocr_line' id='line_1_34' title="bbox 137 4065 1205 4152; baseline 0.001 -25"><span class='ocrx_word' id='word_1_272' title='bbox 137 4065 311 4152; x_wconf 92' lang='lat' dir='ltr'>Sumptum</span> <span class='ocrx_word' id='word_1_273' title='bbox 331 4083 484 4152; x_wconf 82' lang='lat' dir='ltr'>praeterea</span> <span class='ocrx_word' id='word_1_274' title='bbox 505 4066 731 4130; x_wconf 87' lang='lat' dir='ltr'>incredibilem</span> <span class='ocrx_word' id='word_1_275' title='bbox 752 4066 891 4129; x_wconf 90' lang='lat' dir='ltr'>munitio</span> <span class='ocrx_word' id='word_1_276' title='bbox 910 4066 1035 4129; x_wconf 85' lang='lat' dir='ltr'>viarum</span> <span class='ocrx_word' id='word_1_277' title='bbox 1053 4080 1205 4152; x_wconf 88' lang='lat' dir='ltr'>suscepta</span> 
     </span>
    </p>
   </div>
   <div class='ocr_carea' id='block_1_5' title="bbox 172 4275 1205 4343">
    <p class='ocr_par' dir='ltr' id='par_1_6' title="bbox 172 4275 1205 4343">
     <span class='ocr_line' id='line_1_35' title="bbox 172 4275 1205 4343; baseline 0.002 -22"><span class='ocrx_word' id='word_1_278' title='bbox 172 4275 188 4339; x_wconf 80' lang='lat'>§</span> <span class='ocrx_word' id='word_1_279' title='bbox 202 4277 291 4322; x_wconf 74' lang='lat' dir='ltr'>XLIII.</span> <span class='ocrx_word' id='word_1_280' title='bbox 300 4277 377 4339; x_wconf 79' lang='lat' dir='ltr'>Agell.</span> <span class='ocrx_word' id='word_1_281' title='bbox 389 4278 441 4333; x_wconf 78' lang='lat' dir='ltr'>xl,</span> <span class='ocrx_word' id='word_1_282' title='bbox 458 4277 496 4321; x_wconf 85' lang='lat'>13.</span> <span class='ocrx_word' id='word_1_283' title='bbox 506 4276 654 4343; x_wconf 50' lang='lat' dir='ltr'>-Ve11211,</span> <span class='ocrx_word' id='word_1_284' title='bbox 665 4276 862 4338; x_wconf 78' lang='lat' dir='ltr'>7.—Plutarch.</span> <span class='ocrx_word' id='word_1_285' title='bbox 872 4303 906 4313; x_wconf 94' lang='lat'>—</span> <span class='ocrx_word' id='word_1_286' title='bbox 918 4277 970 4324; x_wconf 80' lang='lat' dir='ltr'>cic.</span> <span class='ocrx_word' id='word_1_287' title='bbox 984 4277 1010 4323; x_wconf 88' lang='lat' dir='ltr'>iu</span> <span class='ocrx_word' id='word_1_288' title='bbox 1022 4278 1112 4334; x_wconf 86' lang='lat' dir='ltr'>Bruto,</span> <span class='ocrx_word' id='word_1_289' title='bbox 1122 4293 1143 4323; x_wconf 86' lang='lat' dir='ltr'>c.</span> <span class='ocrx_word' id='word_1_290' title='bbox 1157 4278 1205 4334; x_wconf 69' lang='lat'>34,</span> 
     </span>
    </p>
   </div>
   <div class='ocr_carea' id='block_1_6' title="bbox 137 4357 1205 4490">
    <p class='ocr_par' dir='ltr' id='par_1_7' title="bbox 137 4357 1205 4490">
     <span class='ocr_line' id='line_1_36' title="bbox 137 4357 1205 4422; baseline 0.005 -19"><span class='ocrx_word' id='word_1_291' title='bbox 137 4368 161 4404; x_wconf 78' lang='lat' dir='ltr'>et</span> <span class='ocrx_word' id='word_1_292' title='bbox 172 4368 228 4420; x_wconf 81' lang='lat' dir='ltr'>post</span> <span class='ocrx_word' id='word_1_293' title='bbox 238 4358 309 4405; x_wconf 86' lang='lat' dir='ltr'>redit.</span> <span class='ocrx_word' id='word_1_294' title='bbox 322 4360 348 4405; x_wconf 91' lang='lat' dir='ltr'>in</span> <span class='ocrx_word' id='word_1_295' title='bbox 361 4371 436 4406; x_wconf 84' lang='lat' dir='ltr'>senat.</span> <span class='ocrx_word' id='word_1_296' title='bbox 449 4375 470 4405; x_wconf 87' lang='lat' dir='ltr'>c.</span> <span class='ocrx_word' id='word_1_297' title='bbox 482 4359 526 4404; x_wconf 90' lang='lat' dir='ltr'>ult.</span> <span class='ocrx_word' id='word_1_298' title='bbox 536 4387 569 4395; x_wconf 90' lang='lat'>-</span> <span class='ocrx_word' id='word_1_299' title='bbox 580 4357 596 4422; x_wconf 72' lang='lat' dir='ltr'>S</span> <span class='ocrx_word' id='word_1_300' title='bbox 606 4361 761 4410; x_wconf 56' lang='lat' dir='ltr'>mutan.</span> <span class='ocrx_word' id='word_1_301' title='bbox 772 4362 808 4417; x_wconf 82' lang='lat'>11,</span> <span class='ocrx_word' id='word_1_302' title='bbox 821 4361 847 4407; x_wconf 84' lang='grc'>6.</span> <span class='ocrx_word' id='word_1_303' title='bbox 858 4387 892 4398; x_wconf 91' lang='lat'>·-·</span> <span class='ocrx_word' id='word_1_304' title='bbox 903 4360 1027 4409; x_wconf 78' lang='lat' dir='ltr'>Plutarch.</span> <span class='ocrx_word' id='word_1_305' title='bbox 1036 4387 1070 4399; x_wconf 87' lang='lat'>--</span> <span class='ocrx_word' id='word_1_306' title='bbox 1081 4360 1145 4410; x_wconf 74' lang='lat' dir='ltr'>Flor-</span> <span class='ocrx_word' id='word_1_307' title='bbox 1155 4362 1205 4419; x_wconf 85' lang='lat'>111,</span> 
     </span>
     <span class='ocr_line' id='line_1_37' title="bbox 142 4441 555 4490; baseline 0.007 -4"><span class='ocrx_word' id='word_1_308' title='bbox 142 4441 180 4488; x_wconf 80' lang='lat'>15.</span> <span class='ocrx_word' id='word_1_309' title='bbox 192 4466 226 4477; x_wconf 86' lang='lat'>·-</span> <span class='ocrx_word' id='word_1_310' title='bbox 236 4442 308 4488; x_wconf 78' lang='lat' dir='ltr'>Auci.</span> <span class='ocrx_word' id='word_1_311' title='bbox 325 4443 354 4489; x_wconf 85' lang='lat' dir='ltr'>de</span> <span class='ocrx_word' id='word_1_312' title='bbox 365 4445 416 4489; x_wconf 86' lang='lat' dir='ltr'>Vir.</span> <span class='ocrx_word' id='word_1_313' title='bbox 432 4443 465 4490; x_wconf 91' lang='lat' dir='ltr'>ill.</span> <span class='ocrx_word' id='word_1_314' title='bbox 482 4460 503 4488; x_wconf 80' lang='lat' dir='ltr'>c.</span> <span class='ocrx_word' id='word_1_315' title='bbox 514 4443 555 4490; x_wconf 84' lang='grc'>65.</span> 
     </span>
    </p>
   </div>
   <div class='ocr_carea' id='block_1_7' title="bbox 0 0 1312 4980">
    <p class='ocr_par' dir='ltr' id='par_1_8' title="bbox 0 0 1312 4980">
     <span class='ocr_line' id='line_1_38' title="bbox 0 0 1312 4980; baseline 0 0"><span class='ocrx_word' id='word_1_316' title='bbox 0 0 1312 4980; x_wconf 95' lang='lat' dir='ltr'> </span> 
     </span>
    </p>
   </div>
  </div>
 </body>
</html>
