2594 4980
50 650 186 768 ¹230
288 694 726 765 rorantusaauu
763 692 1007 763 surorum.
1102 766 1106 773 ,

114 816 314 882 comitatibus
327 819 463 904 inopum
477 816 662 905 decerpens.
677 817 798 879 Praeter
808 814 877 879 hue
889 815 955 879 cibi
965 812 1157 903 riniqucptr·

115 920 252 982 cimouia
271 919 339 980 viro
355 918 555 981 incredibilis
567 920 689 983 fuerat:
704 939 810 1005 neque
821 917 895 1005 plut
906 932 964 979 aut
979 936 1109 997 somno,
1118 930 1158 979 tttt

115 1021 264 1106 cuiquam
289 1021 397 1108 generi
424 1021 646 1107 voluptatum,
673 1018 871 1108 indulgebat.
893 1018 1048 1099 Quantus
1073 1032 1156 1081 tutu
1194 1008 1197 1067 i

115 1120 168 1182 illc
182 1120 230 1181 tir
243 1121 354 1195 luerit,
371 1144 408 1181 ex
428 1121 504 1206 ipsis
521 1142 631 1183 rerum
642 1121 840 1208 argumentis
850 1134 1044 1209 promptum
1058 1116 1158 1211 estod·

115 1219 223 1307 ligere.
240 1220 321 1282 Nam
334 1221 496 1282 continuis
513 1237 626 1284 contra
639 1222 803 1285 Romanoa
814 1218 1064 1308 quatuordecim
1080 1240 1157 1283 auro

115 1343 188 1382 rum
206 1319 313 1393 bellis,
333 1344 475 1406 qnorum
494 1321 632 1409 amplius
647 1319 759 1385 decem
775 1322 876 1387 totius
893 1322 998 1395 ferme
1014 1320 1157 1385 Lusitan'n

114 1422 341 1509 imperatorem
360 1423 440 1509 egit,
457 1446 524 1485 non
550 1424 649 1487 modo
666 1422 843 1488 concordes
865 1423 950 1488 inter
970 1444 1008 1487 ae
1023 1437 1058 1487 ct
1070 1420 1157 1487 adm*

114 1546 168 1586 sus
189 1523 304 1585 dacem
324 1524 431 1609 copias
450 1524 628 1604 continuit3
646 1522 817 1588 sedetiam
835 1524 877 1588 ab
897 1522 1051 1589 hostibus
1067 1540 1156 1611 propt·

115 1626 251 1687 modam
274 1626 404 1688 imietas
424 1625 591 1712 prestitit:
616 1626 751 1690 consilio
772 1640 977 1712 conatuque,
1000 1636 1156 1689 ettaum!

116 1749 182 1789 non
192 1749 359 1806 successu,
370 1727 530 1813 Hispania
539 1742 651 1791 contra
662 1750 829 1791 romanam
843 1727 1027 1815 potentiam
1037 1740 1155 1803 ΜΝ,

117 1828 250 1914 votique
269 1830 399 1889 futurus
413 1849 563 1914 compos,
578 1828 605 1891 si
618 1828 715 1916 paulo
732 1826 926 1892 infirmiores
941 1826 1072 1907 hoatea,
1084 1820 1156 1891 ιώ

118 1930 237 1992 miores
252 1932 373 1992 amicos
387 1930 562 1995 habuisset.
951 1952 954 1957 ·

164 2030 266 2094 XXV.
291 2030 551 2119 Magnitudinem
571 2030 656 2094 illius
668 2031 871 2096 illustrarunt
887 2030 987 2095 etiam
1004 2026 1155 2119 requentb

116 2133 270 2218 quoniam
290 2134 401 2197 orbata
418 2132 660 2220 incomparabili
679 2132 815 2197 ductore
832 2133 972 2197 lusitana
990 2146 1041 2197 ret
1055 2124 1155 2195 creati·

116 2233 170 2321 gio
189 2252 235 2297 est
253 2235 456 2321 pessumdata
473 2256 598 2322 :quum
615 2236 700 2298 enim
716 2234 756 2297 ab
771 2236 914 2297 exercitu
927 2234 1092 2297 Tautantu
1105 2224 1154 2315 qul·

118 2333 191 2397 dam
222 2353 346 2399 creatus
374 2336 563 2424 imperator,
589 2333 630 2399 ad
659 2335 841 2423 Saguntum
869 2330 1115 2422 oppugnandam
1131 2342 1155 2387 Ι

118 2437 320 2518 contulisset,
344 2437 493 2523 repulsus
514 2435 590 2500 inde
613 2458 690 2499 mox
712 2435 796 2499 circa
812 2434 914 2498 Bratin
932 2432 1085 2513 flurium,
1100 2426 1154 2491 du

113 2538 251 2607 ,transire
265 2560 392 2599 amnem
411 2554 563 2617 conatur,
579 2561 597 2601 a
620 2537 771 2623 Caepione
786 2536 1039 2625 superveniente
1058 2534 1090 2597 in
1107 2544 1154 2593 at·

6 2652 10 2659 '
116 2654 186 2699 tum
204 2638 394 2725 (infatigatus
411 2654 475 2718 est,
493 2654 531 2700 ut
546 2660 646 2724 seque
665 2656 698 2701 et
719 2638 915 2715 exercitum,
932 2636 1056 2724 quibua
1073 2624 1155 2699 viotoel

117 2738 255 2824 placeret
278 2738 539 2820 conditionibus,
558 2736 676 2801 dedere
696 2754 875 2827 cogeretur.
896 2737 1088 2801 Humaniter
1101 2748 1157 2797 utut

118 2854 167 2901 est
190 2840 299 2925 Capio
315 2838 450 2919 deditis,
471 2854 736 2924 exarmatoaque,
756 2861 796 2902 ne
819 2838 939 2902 iterum
963 2837 1005 2902 ad
1024 2830 1159 2901 noadaia

118 2962 176 3026 per
202 2941 344 3027 inopiam
369 2940 626 3026 prolaberentur,
648 2939 681 3000 in
702 2960 780 3025 agro
803 2939 877 3002 satis
896 2939 1028 3026 amplo,
1043 2952 1076 3001 et
1092 2952 1160 2999 cott-

119 3040 215 3103 moda
233 3044 272 3104 atl
291 3040 500 3103 habitandum
518 3038 620 3118 urbe,
637 3037 814 3103 collocavit.
831 3038 1068 3102 Hunc-exitum
1083 3031 1162 3099 Vab-

120 3143 197 3205 tlrici
218 3143 291 3204 belli
308 3139 525 3203 lormidaltiles
540 3138 597 3202 diu
607 3156 715 3203 motus
729 3137 882 3201 habuere.
896 3138 1052 3221 Quorum
1063 3150 1097 3201 ttt
1108 3130 1166 3199 fiulfl

120 3244 320 3331 gratisaimus
337 3257 450 3303 senatu
464 3241 651 3327 populoque
667 3256 751 3319 erat,
772 3239 830 3317 ita,
847 3261 912 3325 qua
934 3254 1120 3328 perventum
1131 3226 1168 3297 d

120 3342 212 3405 illum
227 3343 345 3422 lucrat,
359 3343 408 3404 via
423 3341 612 3428 displicebat
628 3364 636 3404 :
655 3363 763 3427 neque
775 3340 982 3427 triumphum
1001 3362 1040 3403 ex
1051 3360 1089 3405 co
1098 3332 1172 3401 bello

122 3441 295 3507 decernere
317 3459 445 3505 renatus
463 3442 581 3522 voluit3
597 3442 689 3523 cujus
707 3442 852 3515 victoria,
876 3438 966 3527 quod
990 3456 1094 3529 empta
1106 3434 1176 3503 luit·

123 3560 188 3625 aet,
207 3545 305 3632 magis
330 3545 585 3610 erubescendum
608 3544 731 3633 populo
752 3564 911 3623 romano,
931 3564 1033 3631 quam
1054 3539 1181 3633 glorian-

127 3643 223 3723 dum,
240 3645 412 3724 judicabat.

168 3746 288 3810 XXVI.
309 3749 382 3811 Erat
403 3749 538 3812 omnino
552 3770 665 3813 cursus
680 3748 734 3812 illc
749 3762 952 3834 temporum,
971 3768 1039 3835 quo
1052 3742 1125 3811 nibil
1137 3752 1185 3803 ὕ

125 3845 276 3933 Hispania
300 3850 374 3911 satis
394 3866 520 3937 gratum
539 3848 697 3912 accideret
717 3848 837 3913 civitati
857 3871 866 3912 τ
885 3869 995 3936 neque
1012 3848 1125 3913 bellum
1137 3854 1187 3905 Β

124 3948 298 4012 commodo
321 3950 504 4038 reipublicae
526 3965 611 4030 erat,
641 3971 746 4036 neque
772 3971 833 4037 pax
858 3970 898 4011 ex
921 3946 1099 4038 dignitate:
1115 3944 1191 4025 im

160 4190 176 4255 S
190 4192 286 4238 mv.
297 4191 351 4241 Liv.
363 4193 427 4257 Epit.
439 4218 474 4229 -
486 4191 578 4239 lustin.
592 4192 681 4249 mv,
697 4206 722 4237 a.
735 4215 771 4226 —
783 4189 891 4254 Appium
901 4214 938 4227 -
947 4187 1025 4237 Diod.
1037 4214 1073 4227 -
1084 4186 1197 4239 W

125 4271 185 4336 -S
198 4275 280 4320 XXV.
295 4274 368 4323 Diod.
382 4275 426 4321 lib.
434 4274 552 4322 nm.
562 4300 598 4310 —
611 4272 718 4338 Appiam.
730 4299 766 4310 —
775 4271 854 4321 Strab-
867 4272 912 4321 lib.
925 4274 975 4320 ΠΙ.
983 4296 1019 4309 -·
1026 4270 1100 4319 Vaut
1107 4264 1197 4313 fi&

121 4356 214 4403 Veron.
227 4357 293 4420 apud
307 4361 365 4408 Ant.
376 4360 440 4421 Aug.
451 4354 575 4421 dialog}
587 4354 996 4419 Antiqutt.-v2l.ttnx.1x,t.
1004 4380 1041 4393 ·-
1049 4356 1133 4405 m
1146 4334 1197 4387 δ’

128 4439 180 4486 Vir.
193 4440 228 4488 ill.
241 4456 293 4504 cap.
305 4457 346 4499 71.
