2594 4980
367 738 422 805 IN
451 737 562 805 LOC.
591 736 686 805 LIB.
716 738 802 804 LIX
834 738 1051 808 LIVIANL
1168 740 1239 814 323

176 876 260 917 «nus
283 871 348 935 est,
372 857 481 942 ecquis
506 855 664 944 ambigat,
687 880 786 944 parvo
809 875 882 944 post
906 875 1052 946 ternpore
1075 861 1238 949 pedestres

175 973 427 1044 «equestresque
455 959 675 1022 Romanorum
705 960 833 1045 copias,
860 960 1062 1048 validamque
1087 982 1239 1051 praeterea

174 1060 329 1123 «classem
342 1061 373 1121 in
389 1058 492 1122 media
505 1060 579 1122 Asia
589 1059 680 1121 fore?
694 1060 902 1123 Meminerint
917 1062 1025 1149 igitur,
1041 1063 1239 1153 quicumque

174 1191 187 1215 ι
198 1160 238 1223 de
250 1161 321 1239 jure
335 1161 508 1223 Aristonici
524 1160 721 1247 disceptant,
736 1184 769 1224 se
786 1162 896 1225 eadem
913 1186 1010 1250 opera
1028 1164 1069 1228 de
1084 1166 1170 1230 bello
1183 1189 1239 1233 ro·

174 1283 293 1325 «mano
309 1261 493 1326 decernere.

217 1364 289 1427 XX.
306 1393 319 1417 «ι
333 1363 415 1426 lllurl
430 1386 505 1426 sane
521 1378 707 1442 sumerent,
721 1386 804 1450 quos
820 1387 927 1451 neque
943 1367 1073 1429 maximi
1089 1367 1167 1430 olim
1184 1390 1237 1432 re-

172 1498 185 1522 «ι
195 1489 264 1554 ges,
280 1466 448 1554 Philippus
464 1466 708 1552 Antiochusque
721 1466 851 1547 domiti,
865 1489 971 1553 neque
985 1483 1034 1531 tot
1049 1491 1066 1530 a
1085 1470 1237 1533 Romanis

171 1567 332 1630 «subactae
356 1584 486 1655 gentes,
506 1588 548 1629 ne
573 1568 713 1629 recentia
736 1567 867 1653 quidem
893 1570 1038 1656 exempla
1065 1586 1236 1653 moveant,
1278 1580 1282 1589 '

170 1698 182 1723 α
194 1669 278 1730 notis
291 1667 512 1744 Hasdrubalis,
525 1667 609 1729 notis
620 1667 767 1746 Critolai,
783 1668 926 1754 Diaeique
937 1690 1043 1756 nuper
1051 1670 1236 1751 eventibus,

170 1771 249 1856 «qui
266 1768 354 1834 istud
371 1769 560 1832 incendium
578 1769 652 1831 belli
668 1769 794 1831 romani
811 1791 877 1833 suae
891 1770 1030 1856 quisque
1044 1770 1133 1833 dorni
1152 1772 1236 1836 exci-

168 1901 181 1926 «
192 1887 304 1953 tasset,
320 1871 425 1935 donec
439 1871 595 1957 punicum
614 1869 805 1957 imperium,
822 1885 853 1931 et
869 1870 997 1934 achaica
1014 1871 1143 1934 libertas
1157 1893 1236 1935 eon·

169 2001 182 2027 ι
192 1973 327 2047 cideret,
343 1972 633 2060 pulcherrimaeque
649 1986 682 2033 et
695 1972 841 2034 maximae
858 1972 989 2034 urbium
1008 1972 1185 2036 Corinthus
1203 1988 1235 2037 et

167 2102 179 2126 a
191 2073 351 2161 Carthago
360 2073 553 2137 delerentur.
562 2104 574 2127 ιι
584 2073 625 2136 Ηὶ
634 2073 812 2136 multorum
823 2073 944 2160 ubique
951 2095 1117 2137 sermones
1125 2091 1232 2139 erant:

167 2173 224 2236 sed
237 2175 383 2260 Ephesii,
398 2174 547 2261 primaria
561 2175 641 2236 Asiae
655 2174 780 2254 civitas,
791 2175 873 2237 vires
887 2175 983 2237 etiam
996 2174 1036 2237 ad
1048 2175 1145 2238 verba
1156 2176 1236 2239 alle·

166 2274 296 2338 rebant:
313 2276 430 2338 horum
444 2276 605 2363 praecipue
618 2274 735 2362 opibus
747 2275 863 2339 educta
876 2277 983 2339 classis
997 2277 1233 2360 Aristonicum,

165 2382 335 2439 occurrere
352 2375 441 2440 haud
457 2378 572 2464 procul
588 2377 701 2440 Cumis
719 2400 854 2459 ausum,
870 2379 975 2441 navali
991 2401 1100 2469 pugna
1118 2377 1231 2467 profli-

166 2478 266 2564 gavit,
284 2479 370 2542 Leuc
389 2501 468 2564 sque
486 2479 615 2565 recepit.

209 2580 297 2642 xxi.
318 2582 361 2643 At
374 2580 426 2642 ille
441 2581 475 2642 in
490 2579 725 2643 mediterranea
737 2579 875 2659 delatus,
894 2600 998 2666 quum
1012 2582 1110 2645 rebus
1130 2583 1230 2646 semel

164 2679 275 2760 motis,
292 2680 418 2742 nullum
437 2680 498 2743 nisi
515 2681 547 2742 in
568 2680 699 2743 audacia
714 2679 899 2767 praesidium
916 2696 1017 2760 esset,
1035 2683 1143 2770 egenis
1161 2704 1229 2746 ser·

162 2778 275 2865 risque
299 2779 483 2858 concitatis,
506 2780 661 2858 majores,
686 2801 783 2865 quarn
806 2780 981 2860 amisisset,
1005 2783 1112 2868 copias
1138 2782 1228 2845 brevi

163 2881 331 2943 contraxit.
356 2881 438 2944 Nam
463 2896 494 2942 et
517 2881 555 2943 iis
581 2879 659 2943 locis
684 2878 893 2942 dominorum
920 2881 1070 2966 asperitas
1096 2880 1227 2946 taedium

162 2983 338 3061 servitutis,
356 2996 388 3044 et
404 2979 554 3043 finiendae
571 2981 686 3066 quovis
703 2978 802 3042 modo
819 2979 1046 3066 cupiditatem,
1063 2982 1225 3059 injecerat.

161 3081 218 3144 His
237 3104 369 3168 quoque
388 3103 511 3144 novum
530 3102 650 3145 nomen
667 3081 858 3168 impositum
874 3103 881 3142 :
902 3079 1099 3167 Heliopolita-
1115 3084 1225 3170 appel·

160 3183 224 3245 lati.
245 3186 329 3246 Cum
346 3183 396 3245 his
412 3183 614 3245 Aristonicus
633 3182 735 3244 multa
753 3180 905 3244 adversus
925 3180 1067 3245 civitates
1084 3181 1226 3246 secunda

160 3284 265 3371 praelia
284 3284 375 3365 fecit,
394 3283 625 3371 occupatisque
644 3280 758 3344 fraude
771 3280 954 3368 Thyatiris,
971 3304 1046 3345 mox
1057 3283 1224 3371 Apolloni·

159 3382 233 3446 dem
252 3385 407 3471 Pergamo
424 3384 621 3470 proximam,
641 3405 717 3445 cum
733 3381 802 3445 aliis
821 3381 944 3468 aliquot
960 3383 1088 3470 oppidis
1110 3384 1144 3448 in
1163 3407 1225 3474 po·

160 3498 304 3547 testatem
321 3484 461 3572 redegit:
479 3500 671 3571 tantumque
686 3485 824 3546 fortunae
837 3484 978 3546 favorem
994 3501 1145 3572 expertas
1159 3501 1223 3569 est,

157 3601 212 3663 ut,
240 3606 425 3671 quanquam
451 3587 635 3650 civitatibus
660 3584 818 3671 Bithyniae
840 3600 872 3647 et
898 3585 1109 3672 Cappadocia
1131 3610 1222 3679 reges

158 3686 321 3768 suppetias
345 3686 526 3767 mitterent,
553 3685 760 3749 nobilissimis
784 3684 921 3748 urbibus
944 3685 1083 3774 Myndo,
1106 3690 1223 3774 Samo,
1262 3696 1264 3700 ’

158 3783 348 3869 Colophone
361 3787 392 3846 ri
410 3788 562 3873 receptis,
576 3787 684 3867 justus
695 3789 760 3865 jarn
777 3787 858 3848 Asiae
874 3807 930 3847 rex
946 3807 1014 3850 esse
1029 3788 1203 3857 videretur.

202 3885 307 3948 xxu.
336 3886 541 3973 Quapropter
567 3905 599 3950 et
623 3887 770 3973 praesenti
786 3906 936 3948 successu
960 3886 1077 3967 elatus,
1097 3907 1129 3954 et
1154 3891 1221 3954 Ro·

155 3994 269 4050 *manos
295 3987 609 4052 internisdiscordiis
633 3986 814 4051 laborantes
838 4001 1051 4052 contemnens
1073 3989 1164 4076 (narn
1189 4007 1221 4054 et

156 4089 280 4153 Blosius
302 4090 468 4151 Cumanus
490 4111 528 4150 ex
551 4089 640 4152 Urbe
657 4086 814 4174 profugus
835 4109 907 4175 spes
924 4088 992 4166 ejus
1009 4114 1217 4179 exaggerave-

156 4191 233 4276 rat),
249 4212 454 4280 magnacum
472 4187 590 4252 fiducia
607 4210 673 4251 non
688 4205 844 4274 occupata
858 4187 956 4252 modo
973 4190 1146 4272 retinebat,
1160 4192 1218 4257 sed

190 4373 205 4437 S
224 4376 293 4421 xlx.
306 4373 403 4420 Sallust.
414 4372 457 4420 lib.
469 4372 504 4420 tv
518 4371 544 4418 iu
555 4371 633 4435 Epist.
643 4368 782 4418 Mithridat.
798 4396 833 4406 -
846 4370 862 4436 S
877 4372 936 4420 XX,
949 4373 1028 4421 Strub.
1044 4374 1086 4425 lib.
1101 4377 1170 4426 HV.
1182 4404 1216 4429 -ς

155 4453 172 4517 S
185 4457 256 4504 XXI.
269 4457 373 4505 Diodor.
386 4455 453 4520 apud
463 4455 544 4503 Valet.
556 4479 591 4492 -·
600 4453 680 4506 Stttb.
693 4452 739 4503 lib.
750 4454 815 4501 xut
829 4466 854 4502 et
867 4456 936 4503 XIV.
945 4482 979 4492 -
989 4457 1079 4508 Justiu.
1138 4502 1144 4509 ,

978 4573 1040 4618 21.
