2594 4980
256 742 309 811 IN
340 741 451 810 LOC.
478 744 571 811 LIB.
598 744 766 812 valtl
796 745 1005 815 LlVlANJ.
1091 742 1159 842 549

102 860 165 924 hoc
174 882 276 948 genus
288 862 462 925 terribilem
472 863 610 948 speciem
621 865 660 926 A.
671 863 815 950 Pompeii
828 863 950 926 tribuni
960 865 1061 951 plebis
1072 889 1160 930 mors

100 961 215 1024 acerba
229 977 261 1024 et
269 962 433 1048 inopinata
447 963 714 1027 circumdederat.
727 964 893 1027 Batabates
906 963 1036 1050 quidam
1048 965 1159 1031 Matris
1261 1022 1264 1032 .

100 1059 226 1149 Magnae
244 1063 463 1148 pessinuntius
485 1063 649 1142 sacerdos,
662 1066 807 1139 ¹Romam
828 1065 977 1146 veniens,
1001 1089 1040 1130 ex
1061 1067 1159 1155 adyto

102 1163 246 1226 numinis
260 1186 374 1227 vocem
388 1165 517 1227 missam
532 1166 657 1228 senatui
675 1167 823 1252 exposuit
838 1165 1014 1253 :pollutum
1027 1167 1161 1257 deaesa·

102 1286 177 1326 num
196 1287 275 1343 esse,
294 1288 495 1352 romanaeque
514 1267 596 1329 urbis
617 1269 740 1329 nomine
753 1265 881 1354 publice
894 1267 1073 1330 adhr'benda
1083 1272 1159 1356 pris·

101 1366 175 1428 cula
187 1389 198 1427 .·
211 1365 607 1453 obtenmeranttlusselicia
616 1382 774 1455 tempora,
785 1370 958 1455 octngentos
969 1368 1049 1433 bello
1060 1373 1161 1435 victo-

102 1465 259 1552 rt'ossore.
987 1509 989 1512 <

145 1569 186 1631 X.
202 1568 354 1648 Senatus,
373 1568 462 1654 quod
482 1567 514 1631 id
531 1569 804 1633 sanctissimarum
818 1586 849 1632 et
861 1569 1157 1657 antiquissimarum

100 1669 293 1757 religionum
316 1670 428 1732 lanum
456 1669 652 1749 habebatur,
677 1669 819 1751 homini,
844 1686 998 1756 tanquam
1021 1670 1158 1735 deorum

101 1769 221 1858 legato,
237 1770 334 1833 lautia
347 1788 379 1833 et
400 1770 507 1834 locum
528 1771 663 1835 comiter
681 1771 839 1852 decrevit,
859 1772 1083 1859 templumque
1098 1794 1157 1836 vo·

101 1872 166 1932 veri
184 1871 250 1935 deae
264 1870 368 1949 jussit.
386 1872 462 1936 Haec
477 1874 729 1936 annuntiaturus
739 1873 862 1960 populo
876 1873 1039 1937 Batabates
1055 1895 1157 1960 quum

100 1988 202 2035 rostra
224 1971 483 2055 conscendisset,
502 1974 559 2037 ubi
577 1975 692 2038 concio
714 1975 744 2037 ei
769 1974 809 2037 ab
837 1975 900 2038 alio
926 1974 1059 2038 tribuno
1084 1973 1157 2039 data

100 2088 183 2150 erat,
203 2074 237 2134 A.
251 2072 425 2160 Pompeius
439 2090 582 2161 agyrtam
594 2074 801 2163 appellando,
819 2075 914 2138 verba
930 2076 1050 2155 lacere,
1062 2097 1157 2139 coro·

100 2193 240 2256 namque
251 2195 378 2236 auream
390 2190 512 2261 gestare
527 2176 652 2239 vetuit:
669 2198 744 2240 cum
757 2198 878 2239 corona
893 2177 981 2240 enim
998 2177 1157 2241 inusitate

99 2272 343 2359 magnitudinis,
356 2291 388 2338 et
403 2292 491 2340 veste
501 2277 602 2363 picta,
619 2278 791 2365 aureisque
805 2277 865 2342 lilis
880 2279 1066 2358 intertexta,
1081 2300 1157 2366 pro·

98 2390 242 2437 cesserat.

142 2474 199 2537 xl.
218 2475 279 2540 Sed
291 2478 343 2540 ille
357 2479 507 2564 quidem,
520 2501 688 2543 masuam
701 2482 816 2566 magis,
831 2503 929 2566 quam
939 2479 1070 2565 Magnae
1080 2479 1170 2542 Μα-Ι

98 2576 151 2636 tris
162 2577 310 2663 injuriam
321 2601 397 2655 esse,
410 2579 597 2665 increpans,
615 2579 745 2666 publico
761 2578 926 2642 abstinuit.
946 2578 1155 2664 Pompeium,

97 2674 155 2736 ubi
171 2674 300 2739 dimissa
319 2677 476 2739 concione
490 2676 624 2739 domum
641 2678 694 2738 vix
704 2694 909 2765 pervenerat,
925 2677 1041 2741 ardeus
1055 2678 1154 2740 febris

97 2787 185 2834 tanta
202 2777 319 2838 saevitia
331 2776 506 2862 corripuit,
524 2790 576 2855 ut,
593 2776 707 2838 amissa
720 2798 816 2856 voce,
836 2778 919 2839 intra
938 2776 1082 2839 triduum
1098 2799 1153 2840 ex-

97 2872 239 2957 spiraret.
259 2875 322 2937 Iste
341 2896 432 2937 casus
452 2874 622 2937 horrorem
646 2875 679 2936 in
703 2875 850 2938 omnium
872 2876 997 2939 animos
1017 2876 1152 2963 sparsit:

95 2970 305 3059 redditusque
327 2974 469 3038 Barabati
494 2974 607 3038 solitus
629 2992 782 3053 ornatus;
805 2976 891 3062 ipse,
914 2998 1016 3063 quum
1042 2979 1152 3043 multis

97 3073 286 3138 muneribus
310 3093 423 3139 auctus
451 3074 727 3164 proficisceretur,
758 3076 883 3165 ingenti
910 3099 977 3140 non
1006 3078 1149 3142 virorum

96 3173 210 3257 modo,
227 3176 395 3242 sedetiam
414 3177 587 3240 mulierum
604 3176 731 3266 agmine
747 3174 907 3241 deductus
924 3193 983 3241 est.

138 3278 211 3341 ΧΠ.
228 3279 386 3363 Caeterum
399 3278 521 3342 Cimbri
537 3278 699 3366 sociique,
721 3278 831 3343 castris
849 3280 1073 3343 Romanorum
1093 3280 1150 3344 ad·

94 3380 290 3465 equitantes,
304 3403 369 3467 quo
381 3380 452 3444 illos
464 3378 505 3444 ad
513 3403 654 3468 pugnam
667 3379 835 3457 elicerent,
851 3403 958 3469 neque
966 3382 1057 3445 lactis
1069 3383 1151 3447 fero·

92 3480 183 3543 cibus
201 3481 289 3560 ullis,
312 3504 418 3569 neque
440 3482 545 3546 verbis
565 3482 779 3546 abstinebant.
798 3482 908 3571 Ipsum
931 3506 1064 3571 quoque
1086 3485 1148 3549 im·

91 3597 270 3666 peratorem
289 3582 419 3667 quidam
437 3584 680 3662 Teutonorum,
698 3583 795 3647 armis
817 3599 850 3646 et
872 3584 1017 3671 corporis
1034 3585 1147 3649 habitu

90 3682 301 3767 conspicuus,
315 3683 508 3772 singularem
520 3683 561 3747 ad
576 3705 719 3772 pugnam
736 3682 941 3770 provocabat.
960 3683 998 3746 Ei
1012 3707 1147 3773 respon·

90 3779 138 3843 dit
157 3781 299 3862 Marius,
324 3784 474 3871 siquidem
485 3781 646 3870 firrieodoe
668 3785 745 3846 vitae
768 3783 898 3869 cupidas
921 3797 1015 3863 esset,
1042 3786 1091 3848 uti
1115 3807 1147 3847 se

88 3882 308 3969 suspenderet:
324 3883 459 3967 deinde,
478 3902 609 3949 ostenso
624 3907 728 3973 parvm
745 3900 873 3949 staturae
887 3902 919 3949 et
935 3902 1052 3950 exacte
1068 3908 1145 3972 pro-

87 3984 264 4072 pemodum
280 3985 379 4048 aetatis
396 3986 585 4074 gladiatore,
603 3987 686 4050 hunc
698 3989 729 4048 ei
738 4008 887 4074 asparem
905 3987 997 4064 dare,
1020 4009 1078 4074 per
1091 3987 1143 4050 lu·

88 4084 227 4149 dibrium
253 4084 350 4166 dixit5
376 4085 466 4150 illum
487 4091 515 4151 si
537 4102 725 4175 separasset,
751 4109 822 4150 cum
846 4090 964 4152 emtore
988 4087 1144 4156 tomeun

86 4184 317 4250 dimicaturum.

119 4381 195 4446 311.
214 4384 317 4434 Diodor.
330 4384 374 4434 lib.
389 4386 510 4435 XXXVI.
527 4411 562 4422 -
578 4385 700 4435 Plutarch.
713 4413 747 4424 -
764 4386 816 4436 cic.
830 4401 876 4451 pro
892 4387 960 4434 Sext.
977 4401 1031 4451 esp.
1047 4389 1088 4439 ss.
1104 4419 1140 4438 -ψ

86 4466 100 4533 5
113 4470 147 4516 X.
157 4470 260 4519 Diodor.
272 4496 308 4509 -
319 4469 441 4520 Plutarch.
450 4496 486 4509 -
499 4469 515 4537 S
527 4472 574 4519 11.
586 4471 695 4530 otest,
712 4470 751 4524 1⁶.
764 4497 800 4510 -·
812 4473 896 4525 frunt.
907 4471 979 4523 Stat.
988 4471 1033 4531 Π,
1046 4489 1075 4535 7.¹
