2594 4980
10 31 1256 337 u

784 408 792 423 ἱ

301 711 354 783 m
385 712 502 782 Luc
527 714 618 782 ma
646 708 982 780 nx1u1vmn1.
1106 709 1171 782 un
1243 665 1246 670 ’

108 836 249 904 staurari
263 834 386 912 urbem,
408 856 480 923 quae
495 834 564 897 de'
550 836 677 921 imperio
693 847 846 896 terrarum
868 834 949 896 orbis
971 855 1043 919 cum
1059 834 1179 935 populo

109 958 243 999 romano
259 927 456 998 dimicasset:
448 958 509 997 eo
519 934 596 1023 jam
605 957 784 1024 progressos
804 939 948 998 anunn'ae
970 915 1133 1017 honines,
1145 950 1184 1006 ut

110 1061 174 1100 non
189 1036 291 1100 solum
307 1036 450 1100 consulta
468 1038 601 1100 Patrum
613 1060 675 1124 pro
695 1035 795 1099 nihilo
817 1036 983 1115 ducerent,
1007 1038 1063 1100 sed
1081 1061 1180 1128 neque

110 1141 240 1202 deorum
256 1140 466 1218 caeremoniis,
483 1153 514 1202 et
517 1136 727 1226 formidabili
742 1137 891 1224 religione
906 1120 1108 1203 nwverentur.

156 1241 246 1304 XIII.
270 1241 370 1304 Plane
381 1241 420 1303 de
434 1242 532 1304 ruinis
544 1239 744 1328 Carthaginis
753 1235 951 1326 oed'ficandis
962 1242 1182 1326 cogitationem

112 1342 213 1406 ullam
232 1341 458 1429 suscqoiendum
477 1341 671 1428 nonsuisse:
687 1364 770 1405 nunc
786 1356 907 1420 amem,
924 1343 1017 1428 quia,
1029 1339 1181 1444 quodfaff

111 1455 195 1505 ctum
209 1454 303 1520 esset,
322 1445 442 1504 mutari
457 1446 615 1530 nequiret,
627 1441 874 1530 providendum,
891 1465 930 1504 no
952 1445 985 1505 in
1004 1430 1181 1530 pernicioso

112 1545 231 1629 incepto
242 1549 445 1629 pergeretur,
460 1542 658 1630 orandosque
675 1543 766 1621 deos,
790 1559 825 1606 ut
833 1543 1018 1631 ,quidquid
1032 1543 1079 1606 his
1098 1548 1183 1609 atesis

112 1658 308 1707 contractum
316 1643 444 1730 piaculi
456 1660 544 1720 esset,
558 1643 595 1704 id
608 1666 698 1705 omne
712 1641 800 1704 salva
814 1643 971 1731 republica
987 1648 1048 1708 suis
1056 1638 1183 1732 parecu-

113 1744 151 1807 lis
169 1760 313 1808 auctores
330 1744 458 1807 luerent.
479 1743 536 1807 His
556 1743 761 1807 sermonibus
782 1766 885 1830 quum
902 1745 1109 1810 accessissent
1124 1770 1183 1811 au·

113 1869 232 1934 garum
251 1868 424 1933 responsa,
444 1861 552 1908 motus
571 1861 620 1908 est
635 1860 784 1926 senatus,
800 1861 839 1908 ut
856 1867 931 1908 cum
948 1848 1072 1933 populo
1090 1870 1125 1911 ea
1141 1846 1188 1912 de·

113 1971 148 2010 re
161 1950 212 2036 agi
219 1948 358 2028 juberet.
373 1947 592 2035 promulgavit
604 1947 707 2035 legem
721 1969 759 2010 ex
771 1950 1053 2011 senatusconsulto
1063 1949 1108 2013 M.
1119 1949 1182 2013 Mi-

114 2051 231 2113 nucius
241 2039 345 2112 Rufus
354 2049 506 2112 tribunus
519 2047 631 2136 plebis.
647 2046 685 2110 Id
694 2046 826 2135 quidem
837 2046 925 2110 haud
934 2048 1013 2110 citra
1027 2071 1182 2137 magnum

113 2150 279 2228 dolorem,
298 2149 354 2212 sed
374 2165 481 2212 tamen
499 2148 634 2213 civiliter
650 2149 774 2212 laturus
796 2149 891 2212 Caius
911 2147 1096 2226 videbatur,
1116 2152 1182 2216 sive
1235 2218 1239 2227 ,

115 2250 338 2339 magnitudine
349 2251 483 2338 periculi
494 2250 783 2339 appropinquantis
796 2251 940 2338 segnior,
953 2250 1018 2314 sive
1032 2251 1183 2317 damnata

114 2375 171 2439 spe
184 2352 318 2414 curandi
336 2353 514 2432 civitatem,
527 2367 575 2415 tot
585 2352 670 2415 vitiis
684 2373 820 2440 aegram,
837 2367 869 2414 et
881 2353 1018 2416 aliorum
1028 2353 1184 2441 improbi·

115 2469 196 2534 tate,
208 2453 346 2516 aliorum
358 2454 509 2535 stultitia,
525 2453 672 2540 quotidie
686 2453 720 2515 in
734 2451 855 2530 majora
873 2453 957 2517 mala
972 2442 1182 2542 praecipitent.¹

158 2570 246 2633 XIV.
270 2567 334 2633 Sed
354 2568 555 2633 desidentem
577 2568 644 2647 ejus
668 2569 826 2655 impetum
844 2567 960 2645 amici,
982 2584 1014 2631 et
1033 2568 1184 2656 princeps

115 2671 262 2732 omnium
282 2671 327 2734 M.
347 2670 479 2732 Fulvius
501 2668 733 2749 exstImulavit,
752 2684 901 2755 provecta
914 2670 980 2747 jam
999 2685 1106 2752 aetate,
1126 2667 1184 2734 sed

111 2770 247 2849 juvenili
258 2771 429 2832 temeritati
444 2766 587 2856 Propior.
603 2769 713 2855 Surgit
725 2767 765 2831 de
777 2769 904 2857 integro
915 2769 1070 2849 acerbior,
1084 2760 1183 2858 quain

115 2887 208 2933 antea
229 2893 392 2957 unquam,
407 2870 585 2933 contentio.
603 2870 779 2932 TrIumviri
802 2868 987 2932 furentibus
1009 2870 1128 2935 similes
1149 2873 1184 2936 in

113 2972 224 3038 forum
242 2973 428 3060 provolant3
446 2971 572 3033 senatui
592 2969 774 3032 convicium
798 2970 912 3058 ingens
933 2970 1056 3036 faciunt
1075 2996 1082 3036 ε
1104 2974 1187 3055 nitit

117 3075 149 3134 in
162 3071 277 3159 Africa
296 3074 381 3136 triste
394 3076 519 3136 <visums
535 3084 616 3134 ortes
633 3069 691 3133 iras
704 3071 903 3158 locupletium
918 3095 996 3152 esse,
1010 3077 1068 3161 qui
1078 3074 1186 3160 desen-

117 3195 197 3234 sores
212 3172 330 3260 plebis,
345 3188 482 3261 actaque
503 3171 681 3259 reipublicae
702 3171 859 3235 salutaria
878 3184 914 3237 ut
933 3187 1088 3255 evertant,
1108 3175 1185 3242 con*-

116 3277 245 3361 snmptis
256 3273 388 3362 frustra
409 3274 691 3338 machinationibus
708 3271 796 3352 aleis,
822 3273 869 3335 ad
880 3269 967 3358 ficta
981 3277 1132 3364 prodigia
1154 3302 1186 3344 se

118 3381 309 3461 receperint:
336 3378 514 3441 levissimus
544 3377 683 3463 quisque
713 3373 753 3437 ‹le
781 3375 875 3463 plebe
903 3375 1184 3444 criminationibus

119 3498 231 3537 eorum
249 3477 340 3540 facile
357 3478 478 3560 credit,
496 3500 610 3567 magna
626 3477 799 3540 hominum
821 3475 998 3539 multitudo
1020 3479 1184 3568 agglome-

120 3592 186 3637 rata
203 3577 337 3663 impellit
352 3581 437 3643 ultro
453 3596 585 3642 ruentes
594 3579 867 3663 ,societatemque
883 3577 1032 3694 laborum
1047 3601 1084 3643 ac
1096 3583 1184 3669 peri·

120 3677 268 3739 culorum
287 3679 465 3765 pollicetur.

164 3778 234 3841 XV
259 3780 377 3858 Aiunt,
397 3797 429 3844 et
453 3797 587 3844 matrem
612 3780 679 3844 Caii
698 3777 880 3842 Corneliam
903 3776 1082 3842 conductos
1103 3782 1184 3846 clam

121 3881 353 3960 mercenarios,
368 3882 474 3968 specie
487 3903 684 3958 messorum,
696 3902 715 3942 a
727 3878 854 3940 Miseno
867 3877 899 3937 in
908 3876 1028 3939 Urbem
1045 3880 1186 3964 misisse3
1236 3883 1242 3889 ’

121 3982 219 4068 idque
234 4004 272 4044 ex
284 3981 424 4067 epistolis
440 3982 507 4059 ejus
524 3982 658 4067 intelligi
674 4002 786 4067 posse,
803 3977 922 4064 quibus
936 4001 996 4066 per
1010 3979 1185 4044 verborum

120 4084 269 4172 ambages
293 4082 464 4144 consilium
481 4104 578 4145 suum
601 4079 667 4144 tilio
689 4077 916 4168 significasset,
933 4078 991 4141 sed
1009 4078 1130 4143 incerta
1150 4104 1186 4146 ea

121 4184 205 4248 fama
222 4201 287 4266 est;
305 4200 336 4247 et
355 4206 393 4246 ex
410 4183 536 4247 diverso
553 4181 720 4264 asseritur,
736 4181 925 4244 invitissima
943 4197 1045 4243 matre
1063 4192 1187 4269 postre'·

156 4385 239 4449 sxa.
251 4387 357 4451 appan.
369 4385 422 4434 cn.
434 4383 477 4433 ub.
491 4387 511 4431 1.
523 4410 559 4420 —
571 4382 586 4447 s
598 4384 674 4432 1111.
687 4383 753 4431 nor.
767 4384 819 4441 111,
834 4382 873 4430 ιι.
889 4408 924 4418 -
938 4381 1033 4428 Auctor
1047 4381 1077 4430 a·
1088 4385 1142 4433 vn.
1154 4386 1188 4434 u.
1269 4369 1276 4377 ’

124 4485 176 4530 cap.
190 4470 232 4516 65.
247 4497 281 4507 --
297 4468 360 4517 I’lut.
373 4495 406 4505 —
418 4467 434 4533 S
446 4468 517 4516 xlv.
532 4466 638 4531 Appiam.
