2594 4980
139 703 208 772 288
312 706 382 771 JO.
409 705 746 773 FRElNSllEMll
777 705 1022 772 SUPPLEM.

137 825 210 887 tatis
219 824 342 912 adegit,
353 841 403 903 ut,
417 847 519 910 quum
530 826 645 887 urbem
657 824 727 912 capi
736 823 876 900 videret,
888 824 922 887 in
932 827 1000 904 ejus
1009 824 1197 889 incendium

136 947 171 988 se
184 927 388 1005 immitteret,
402 942 573 1014 postquam
585 925 713 991 sceleris
723 925 774 989 sui
785 925 918 1014 praemio
930 947 998 989 non
1009 924 1092 988 ultra
1103 926 1200 989 trien·

138 1027 229 1091 nium
256 1045 338 1092 esset
361 1027 496 1116 gavisus.
521 1030 563 1090 At
590 1027 790 1107 Antiochus,
813 1027 930 1091 elatus·
944 1047 1113 1107 successu,
1139 1029 1197 1091 Ju-

137 1127 240 1208 dteos,
259 1152 445 1215 quanquam
463 1128 588 1192 auxiliis
607 1149 721 1192 eorum
737 1127 827 1192 enise
841 1127 957 1191 fuisset
971 1125 1118 1205 adjutus,
1141 1150 1198 1214 per

135 1229 352 1294 Cendebaeum
381 1230 498 1295 ducem
525 1230 610 1294 bello
637 1229 744 1317 petiit3
774 1229 886 1316 iniqua
917 1229 1064 1308 fortuna,
1094 1227 1199 1292 donec

35 1396 47 1421 ο
135 1330 284 1419 princeps
305 1333 409 1419 gentis
435 1332 596 1418 superfuit
619 1354 627 1394 :
654 1346 704 1394 ast
724 1330 780 1394 illo
798 1329 913 1394 fraude
935 1329 1044 1418 generi
1069 1327 1198 1415 (Ptolef

136 1453 236 1494 maeus
256 1431 447 1519 vocabaturl,
471 1432 577 1496 Abubi
604 1430 706 1519 lilius)
731 1431 946 1519 interempto,
971 1452 1061 1519 spem
1086 1447 1199 1495 nactus

135 1531 364 1619 perdomandae
382 1535 486 1621 gentis
501 1533 807 1614 contumacissimae,
826 1555 900 1596 cum
917 1532 1040 1620 ingenti
1057 1532 1199 1596 exercitu

135 1634 168 1696 in
183 1634 325 1698 Judaeam
339 1636 438 1699 venit.

179 1736 333 1800 XXXIX.
361 1737 521 1814 loannes,
551 1736 685 1801 Simone
715 1737 864 1826 genitus,
894 1757 997 1823 quum
1026 1752 1198 1823 paternum

134 1834 351 1922 principatum
366 1837 577 1923 suscepisset,
588 1838 622 1902 in
637 1839 753 1902 urbem
766 1838 989 1924 Hierosolyma
1003 1859 1037 1901 se
1051 1836 1199 1916 inclusit,

133 1939 340 2023 praepotentis
360 1939 461 2001 hostis
484 1939 582 2019 vires,
601 1960 706 2026 quum
725 1938 823 2003 armis
844 1938 962 2001 morari
982 1959 1047 1999 non
1071 1953 1199 2024 posset,

133 2036 263 2116 objectu
275 2039 553 2103 munimentorum
568 2041 704 2127 cupiens
713 2038 854 2106 eludere.
867 2037 1065 2116 Antiochus,
1075 2053 1197 2125 septem

132 2139 243 2209 castris
271 2138 393 2202 circum
421 2140 536 2203 urbem
568 2140 698 2228 positis,
724 2156 831 2205 tamen
857 2156 989 2229 propter
1013 2138 1197 2203 firmitatem

133 2262 322 2317 murorum,
342 2257 375 2304 et
390 2256 672 2330 propugnatorum
686 2243 840 2305 virtutem
854 2264 969 2328 parurn
986 2239 1196 2329 proficiebat:

130 2341 173 2405 ad
190 2342 257 2404 haec
279 2365 435 2428 aquarum
452 2343 588 2430 penuria
608 2342 823 2406 laborabatur.
844 2345 1002 2406 Caeterum
1022 2340 1084 2405 sub
1103 2364 1197 2406 occa·

131 2466 204 2507 sum
223 2445 386 2533 pleiadum
403 2445 553 2530 copiosus
574 2444 680 2507 imber
700 2459 825 2529 arentes
842 2443 1000 2507 exercitus
1018 2443 1126 2507 fauces
1144 2466 1197 2507 re·

131 2545 215 2610 fecit.
235 2548 350 2633 ltaque
368 2546 493 2609 meliori
513 2545 579 2624 jam
598 2568 655 2635 spe
676 2546 795 2627 fretus,
818 2569 836 2610 a
856 2545 977 2609 boreali
994 2560 1083 2634 parte
1107 2545 1197 2609 urbis

130 2647 227 2732 (nam
246 2669 281 2709 ea
302 2647 426 2709 facilior
442 2669 588 2709 accessus
607 2647 691 2732 erat)
709 2647 787 2711 actis
806 2646 977 2734 operibus,
1002 2663 1106 2711 turres
1123 2647 1196 2733 plu·

129 2749 225 2811 rimas
244 2764 411 2811 ternorum
429 2748 647 2811 tabulatorum
665 2747 841 2827 exstruxit,
857 2746 1068 2835 implevitque
1085 2747 1196 2811 militi-

128 2849 207 2931 bus,
227 2850 282 2937 qui
305 2849 491 2914 defensores
509 2849 599 2913 urbis
617 2864 764 2914 arcerent
779 2847 971 2927 missilibus,
993 2870 1100 2934 neque
1116 2870 1197 2911 con·

126 2953 239 3016 sistere
270 2953 303 3014 in
322 2952 574 3040 propugnaculis
587 2965 785 3039 paterentur.

171 3057 238 3118 XL.
256 3055 308 3118 Sic
324 3056 410 3117 inter
421 3053 625 3140 quotidianas
637 3052 836 3117 velitationes
848 3098 856 3131 ,
870 3049 993 3138 duplici
1008 3049 1095 3112 fossa
1106 3049 1196 3122 haud

127 3157 249 3243 exiguae
265 3154 444 3217 latitudinis
454 3153 698 3241 altitudinisque
708 3151 905 3216 circumdata
921 3151 998 3215 urbs
1010 3167 1069 3214 est.
1079 3151 1196 3240 Neque

126 3254 201 3319 ideo
223 3278 295 3341 spes
313 3272 369 3317 aut
387 3255 514 3316 animus
532 3253 680 3317 obsessos
704 3252 865 3333 deseruit,
885 3254 966 3340 quin
982 3252 1103 3316 crebris
1121 3276 1196 3318 eru·

125 3357 293 3444 ptionibus
312 3356 397 3419 hosti
412 3378 471 3441 pro
485 3354 607 3417 viribus
622 3369 915 3443 nocerent,graves
925 3355 951 3417 si
963 3355 1100 3418 incautis
1113 3355 1194 3418 inci·

126 3456 266 3534 dissent,
282 3472 313 3517 et
325 3455 494 3518 adversum
512 3471 639 3542 paratos
652 3455 772 3544 insigni
786 3456 826 3519 ad
840 3472 1007 3544 receptum
1023 3457 1193 3523 celeritate.

125 3557 189 3621 Sed
206 3558 319 3619 saevior
337 3556 426 3618 omni
442 3556 526 3618 bello
543 3557 643 3620 fames
659 3556 886 3620 metuebatur:
910 3581 1008 3644 quam
1030 3575 1066 3622 ut
1084 3557 1195 3622 differ·

124 3676 214 3738 rent,
236 3661 262 3722 si
277 3659 420 3746 effugere
441 3659 627 3744 nequirent,
643 3659 782 3722 loannes
798 3658 947 3721 inutilem
963 3657 1048 3723 bello
1062 3658 1191 3723 turbam

125 3761 207 3825 urbe
227 3760 381 3824 excedere
383 3760 501 3879 jussit.
522 3762 570 3824 Ex
587 3759 715 3824 diverso
735 3761 916 3825 Antiochus
932 3761 1010 3848 (nec
1029 3761 1116 3825 enim
1133 3761 1193 3825 fal·

124 3864 210 3927 lebat
235 3886 311 3926 eum
333 3863 503 3925 consilium
528 3861 667 3948 hostis),
696 3884 803 3948 neque
824 3862 999 3951 recipiebat
1021 3863 1192 3949 expulsos,

124 3988 231 4052 neque
256 3963 465 4028 trucidabat:
490 3964 548 4027 sed
572 3986 683 4029 versus
704 3965 820 4029 urbem
842 3965 994 4047 rejectos,
1021 3965 1193 4029 sollicitare

123 4067 259 4156 cogebat
285 4065 538 4129 misericordiam
570 4088 707 4130 suorum
737 4067 888 4155 precibus
916 4085 948 4130 et
981 4067 1131 4154 lacrymis
1159 4083 1193 4130 et

104 4167 106 4172 ’
124 4185 290 4255 postremo
309 4167 450 4237 firdimte
469 4169 589 4247 exitus,
606 4190 709 4254 quum
726 4185 802 4231 ante
822 4190 878 4232 ora
898 4168 1018 4232 civium
1036 4167 1191 4231 infelicis·

124 4271 197 4333 simi
208 4270 361 4345 mortales
375 4268 539 4331 crudelem
556 4268 588 4329 in
610 4268 745 4333 modum
763 4269 847 4333 fame
865 4266 1138 4334 contabescerent.

158 4462 174 4527 §
187 4466 311 4514 XXXIX.
325 4464 426 4527 Josepb.
443 4464 521 4519 Xlll,
536 4462 577 4510 16.
590 4488 625 4498 —
640 4461 656 4526 5
670 4463 723 4511 XL.
734 4461 838 4510 Diodor.
852 4461 895 4512 lib.
910 4463 1030 4512 XXXIV.
1042 4489 1077 4499 ·-
1086 4461 1189 4527 Joseplr.
