2594 4980
275 701 331 768 IN
365 701 481 767 LOC.
508 703 602 767 LlB.
630 703 776 768 LXVII
806 705 1012 775 LIVIANI.
1104 706 1169 796 541

152 820 234 881 LIX.
259 820 430 900 Lucullus,
460 819 618 883 trahendo
647 838 795 908 tempus,
826 827 1039 890 consternatis
1066 829 1106 894 ad
1137 856 1172 896 se

46 925 49 931 “
109 920 265 984 redeundi
289 922 415 1009 copiam
434 921 525 1001 fecit,
547 920 721 1008 denuoque
740 921 907 987 decretum
927 942 988 1007 est,
1011 929 1094 993 nittl
1107 955 1173 997 non

99 1026 191 1109 prius
203 1025 405 1102 tentandum,
425 1046 521 1111 quam
537 1038 573 1085 ut
583 1047 614 1086 se
630 1025 730 1087 divisis
744 1023 931 1115 t'nsensisque
944 1028 991 1089 ud
1002 1028 1172 1098 ludibrium

108 1140 139 1187 et
157 1129 313 1187 cracantes
336 1124 491 1188 dederent.
509 1124 603 1186 Nona
620 1123 753 1195 demum
773 1124 825 1189 die
842 1127 979 1192 adducta
995 1130 1036 1193 ad
1055 1155 1172 1201 novam

110 1226 265 1288 urbem'
242 1250 349 1315 signa,
366 1242 440 1314 post
459 1248 612 1314 magnum
636 1242 667 1288 et
688 1227 817 1290 inanem
834 1228 996 1310 laborem,
1012 1233 1121 1298 multis
1140 1252 1173 1298 et

110 1327 254 1388 bostium
269 1327 398 1406 occisis,
417 1343 449 1389 et
465 1349 600 1388 suorum
619 1326 812 1414 deperditis,
830 1328 869 1393 ad
885 1346 1065 1395 extremum
1084 1335 1173 1400 irrita

109 1445 141 1489 et
155 1426 369 1513 infrequentia
388 1428 614 1490 discesserunt.
634 1429 682 1491 lta
697 1427 837 1493 defensis
855 1432 1029 1514 Triocalis,
1047 1434 1087 1497 ad
1103 1436 1170 1523 pri·

109 1529 225 1591 stinam
243 1527 391 1591 fiduciam
409 1530 506 1590 erecti
527 1545 604 1591 sunt
624 1529 722 1591 animi
741 1530 971 1619 fugitivorum,
989 1535 1172 1622 multasque

109 1631 221 1692 Siciliae
233 1629 336 1692 clades
344 1629 541 1708 intrderunt3
553 1628 686 1693 sedente
698 1647 850 1717 praetore,
862 1655 920 1719 per
934 1634 1169 1723 negligentiam,

109 1748 164 1793 aut
176 1731 250 1816 quia
264 1729 369 1818 praeda
384 1730 556 1817 provinciae
571 1730 748 1794 ditescendi
766 1734 855 1819 prior
872 1756 947 1797 cura
967 1752 1043 1800 erat.

152 1833 218 1896 LX.
237 1829 503 1918 Repetundarum
523 1847 623 1911 certe,
646 1832 865 1920 nequidquam
891 1851 1038 1898 recusato
1056 1853 1169 1899 contra

109 1935 191 2021 leges
203 1933 342 2014 judicio,
359 1933 400 1995 ab
414 1955 536 2021 augure
551 1933 683 1996 Servilio
698 1933 868 1999 damnatus
881 1951 928 1999 est
941 1958 949 1998 :
960 1936 1048 1999 unde
1059 1953 1169 2024 postea

109 2036 202 2098 nullae
221 2037 380 2125 graviores
398 2034 431 2095 in
449 2033 551 2114 Urbe,
569 2057 666 2121 quarn
680 2034 888 2099 Serviliorum
902 2051 1000 2122 atque
1016 2037 1167 2100 Lucullo·

108 2160 197 2218 rum,
212 2137 384 2199 inimicitia*
398 2135 533 2223 longum
545 2135 586 2197 ad
600 2151 727 2223 tempus
741 2136 943 2200 exstiterunt.
956 2135 1019 2199 Sed
1032 2137 1100 2200 haec
1113 2139 1170 2202 ali·

107 2255 229 2324 quanto
244 2255 317 2326 post
331 2236 526 2300 acciderunt.
543 2239 581 2300 ln
593 2237 746 2325 Hispania
764 2259 814 2299 res
832 2238 962 2300 incertae
985 2238 1025 2300 ab
1045 2239 1169 2327 aliquot

107 2342 198 2403 annis
213 2341 357 2420 fuerant,
374 2339 493 2401 crebris
506 2340 621 2426 utique
632 2337 823 2418 latrociniis,
838 2335 1002 2401 interdum
1015 2354 1046 2400 et
1058 2338 1167 2405 bellis:

106 2465 277 2505 occursum
295 2460 402 2505 tamen
420 2464 437 2503 a
458 2441 600 2503 romanis
618 2438 719 2527 copiis
738 2455 804 2518 est,
824 2440 929 2502 donec
945 2439 1168 2505 crebrescente

106 2543 259 2607 cimbrico
277 2560 418 2622 terrore,
431 2541 536 2605 Sicilia
549 2563 681 2627 quoque
695 2539 864 2603 servilibus
876 2540 972 2602 armis
986 2540 1104 2604 iterum
1117 2543 1166 2605 in'·

106 2645 183 2706 festa
193 2646 386 2731 ,Hispanias
397 2642 580 2705 domesticis
594 2640 748 2726 praesidiis
762 2641 906 2726 permitti
917 2641 1077 2747 oportuit:
1070 2665 1167 2728 ,pra-

108 2758 191 2804 toris
207 2762 312 2805 rann-n
329 2767 386 2820 eo,
405 2741 503 2804 sed
480 2763 549 2803 stne
563 2741 719 2819 exercitu,
738 2740 957 2802 mittebantur.

150 2842 231 2903 LXl.
254 2844 378 2903 luterea
397 2841 519 2903 Cimbri
539 2855 613 2951 post
634 2788 779 2901 Mallium
801 2855 833 2900 et
848 2841 1032 2927 Caepionem
1056 2842 1165 2925 fusos,

106 2964 207 3025 quum
225 2965 315 3004 more
306 2941 476 3003 fulminis
493 2939 601 3001 omnia
621 2957 886 3026 perrumperent,
904 2938 1090 3026 quidquid
1083 2959 1166 3006 inter

104 3041 299 3104 Rhodanum
316 3058 349 3105 ct
365 3043 554 3130 Pyrenaeum
570 3054 618 3101 est
627 3037 854 3126 ,depopulati,
867 3062 924 3126 per
938 3040 1053 3102 saltum
1066 3041 1165 3129 Pyre·

105 3166 210 3205 naum
227 3142 518 3228 transcenderunt
510 3164 542 3203 ιιι
557 3140 767 3227 Hispaniam:
785 3155 818 3202 et
829 3163 930 3226 quum
943 3126 1048 3203 ubivis
1061 3160 1165 3208 vasta·

104 3245 224 3307 tionem
241 3246 402 3325 facerent,
421 3267 439 3306 a
443 3216 622 3306 'Celtiberis
639 3243 702 3305 fusi
717 3241 884 3328 fugatique
900 3256 988 3305 sunt.
1001 3242 1078 3305 Eam
1093 3266 1163 3310 rem

104 3345 296 3431 imperatore
319 3346 431 3410 fulvio
448 3361 585 3433 praetore
603 3366 738 3407 romano
759 3359 881 3431 gestam
903 3341 1108 3408 credentibus
1126 3363 1163 3426 ut

103 3449 270 3529 accedam,
287 3449 420 3512 inclinat
434 3449 576 3527 animus,
591 3448 665 3532 quia
682 3446 783 3508 victos
797 3445 837 3507 ab
854 3446 918 3508 hoc
930 3444 1089 3528 Cimbros,
1103 3471 1162 3512 ne·

104 3571 167 3632 que
185 3550 277 3611 aliam
301 3551 329 3612 ei
345 3551 558 3637 provinciam,
574 3569 671 3634 quarn
688 3547 874 3633 Hispaniam
898 3545 1040 3633 reperio,
1058 3571 1161 3636 quum

105 3648 225 3710 ltaliam
241 3650 440 3736 Galliamque
456 3674 512 3738 per
525 3671 639 3712 omnes
662 3670 717 3711 eos
735 3669 838 3710 annos
860 3647 1008 3711 consules
1032 3648 1160 3714 obtine·

103 3764 184 3810 rent.
206 3748 314 3829 Adde,
331 3749 421 3835 quod
436 3766 468 3812 et
483 3773 532 3814 res
550 3751 592 3812 ita
613 3764 701 3837 gesta
724 3746 878 3826 traditur,
896 3763 951 3826 ut,
970 3748 1057 3811 haud
1074 3753 1160 3813 mul·

103 3866 171 3911 tum
189 3851 367 3913 imminutis
379 3852 496 3937 copiis,
506 3850 678 3913 consilium
691 3864 799 3911 tamen
815 3847 1034 3934 relinquendae
1047 3850 1160 3937 Hispa·

103 3953 162 4013 niu·
179 3952 303 4038 placere
321 3951 458 4014 Cimbris
477 3952 628 4038 potuerit.

135 4203 151 4268 5
165 4206 229 4251 ux.
245 4203 309 4250 Flor.
321 4204 372 4256 111.
391 4217 430 4262 ¹9·
441 4227 476 4237 —-
490 4200 593 4247 Diodor.
604 4199 648 4247 lib.
662 4201 784 4248 xxxvl.
796 4226 830 4236 ·-
846 4198 968 4247 Plutarclt
977 4198 1004 4244 in
1017 4196 1110 4246 tuenti.
1125 4225 1159 4234 —-

101 4288 151 4333 Cic.
163 4287 192 4334 dc
204 4290 276 4334 l’ror.
287 4285 389 4333 Consul.
400 4301 452 4348 cap.
465 4302 489 4347 9.
504 4310 538 4318 -
555 4286 629 4331 Anet.
643 4283 674 4331 de
682 4285 736 4332 Vir.
748 4284 782 4332 ill.
793 4300 846 4348 cop.
860 4283 901 4330 62.
917 4308 951 4316 —-
968 4280 1073 4344 Appian.
1087 4281 1157 4345 Hisp.

102 4396 135 4405 -—
154 4370 170 4433 S
189 4372 255 4419 LXI,
273 4369 396 4418 Plutarch.
417 4369 443 4414 in
461 4369 522 4415 Mar.
543 4383 597 4431 cap.
616 4368 656 4416 ιδ.
677 4393 710 4404 -
727 4367 779 4413 Lir.
800 4367 866 4431 Epit.
884 4391 919 4401 -
933 4362 1001 4426 etgh.
1017 4363 1103 4411 Annal.
1123 4389 1158 4401 ι-

101 4453 150 4498 Jul.
164 4455 253 4516 Obseq.
