2594 4980
310 703 364 771 IN
395 701 507 768 LOC.
534 701 629 770 LIB.
658 693 789 768 LXlll
825 702 1035 770 LIVlANI.
1136 703 1209 797 439

143 821 323 884 «nimirum
341 822 480 902 factum,
498 836 535 884 ut
550 821 724 886 clarissima
743 821 812 902 ejus
831 821 959 911 imperii
975 821 1077 903 fama,
1102 844 1207 909 quum

143 957 155 978 «ι
170 941 329 987 terrarum
345 923 459 987 orbem
473 923 664 1011 pervaserit,
683 923 804 987 nemini
818 922 921 1011 possit
935 945 1004 986 esse
1021 924 1141 1010 ignota.

187 1025 306 1089 XXIV.
324 1056 337 1081 ι
350 1026 390 1090 se
400 1047 551 1112 quoque,
564 1023 700 1105 auditis,
715 1047 787 1112 quse
798 1022 839 1087 de
850 1024 934 1087 illius
944 1022 1090 1111 potentia
1100 1038 1133 1086 et
1144 1044 1208 1111 pu·

143 1125 325 1213 agnacitate
343 1125 466 1212 ubique
486 1124 723 1212 praedicentur,
742 1125 869 1189 romani
893 1123 1034 1188 nominis
1056 1145 1208 1188 reveren·

144 1258 155 1280 ι·
169 1227 265 1308 tiam,
283 1225 497 1291 admiratione
522 1226 649 1291 virtutis
671 1228 759 1307 ejus,
778 1227 857 1290 olim
879 1224 1032 1289 induisse.
1062 1221 1209 1313 AEquum

143 1358 155 1380 s
167 1327 254 1390 enim
269 1327 468 1409 existimare,
480 1343 532 1409 ut,
546 1327 638 1415 quod
647 1351 812 1392 summum
823 1327 856 1390 in
868 1326 1020 1391 humanis
1032 1325 1129 1391 rebus
1139 1347 1209 1390 esse

143 1445 339 1510 ocensemt,
357 1429 392 1494 id
410 1431 443 1492 in
468 1429 545 1512 illis,
563 1431 620 1518 qui
639 1431 776 1494 maxime
797 1445 964 1517 compotes
981 1428 1049 1509 ejus
1068 1427 1141 1491 iacti
1160 1426 1210 1490 vi-

143 1560 156 1583 u
170 1528 322 1610 deantur,
338 1529 503 1595 honorent
516 1531 699 1618 coluntque.
712 1530 838 1595 Idcirco
850 1552 956 1617 neque
972 1545 1065 1592 antea
1081 1529 1211 1592 invasu·

143 1663 156 1685 a
171 1653 224 1693 ros
238 1632 336 1695 fuisse
343 1632 501 1697 Noricum
512 1680 521 1713 ,
533 1633 561 1696 si
573 1633 757 1714 scivissent,
767 1631 836 1712 ejus
849 1631 1022 1695 tuitionem
1039 1628 1080 1695 ad
1095 1627 1210 1719 populi

142 1732 293 1794 «romani
316 1754 428 1796 curam
448 1734 629 1821 pertinere,
648 1749 681 1797 et
703 1756 792 1797 nunc
814 1755 947 1821 quoque
967 1732 1053 1796 illius
1074 1730 1209 1795 honoris

142 1833 474 1916 «causafacturos,ut
483 1835 725 1924 quamprimum
741 1834 824 1898 exiis
835 1830 1207 1923 regionibusdiscedant.

188 1935 292 1999 XXV.
309 1966 323 1991 «
335 1935 464 1999 Nullius
476 1935 609 2024 quidem
620 1960 655 2001 se
667 1936 733 2000 vim
744 1958 780 1999 ac
792 1957 880 2000 arma
893 1935 1137 2024 pertimescere,
1151 1930 1210 1998 sed

143 2037 337 2101 “amicitiam
362 2037 529 2103 fortissimi
544 2038 824 2126 potentissimique
847 2036 962 2126 populi
977 2037 1073 2124 longe
1089 2034 1208 2123 pluris,

143 2160 267 2224 «quam
283 2155 389 2203 totum
405 2162 520 2228 agrum
535 2142 685 2205 noricum
699 2141 812 2204 iacere.
827 2139 904 2203 Late
920 2153 1029 2225 patere
1049 2152 1209 2201 terrarum

142 2240 278 2304 «orbem
292 2265 299 2304 :
318 2265 424 2329 neque
438 2242 500 2307 sibi
511 2243 679 2307 molestam
696 2240 990 2331 peregrinationem
1004 2260 1089 2320 esse,
1103 2238 1210 2328 vagati

142 2365 183 2404 «a
200 2343 338 2428 pueritia
353 2344 508 2425 assuetis;
524 2362 557 2408 et
575 2343 668 2408 sedes
685 2341 848 2407 confidere
864 2357 1049 2430 paraturos,
1068 2337 1209 2403 ubicun-

142 2477 152 2496 ·‹
165 2467 228 2530 que
242 2445 399 2510 libuisset.
411 2445 511 2528 Quod
525 2460 633 2510 tamen
650 2445 684 2508 in
698 2443 868 2535 praesentia
884 2443 1041 2522 lacerent,
1052 2439 1138 2504 idem
1159 2439 1209 2503 in·

142 2576 152 2597 u
167 2546 316 2609 stitutum
330 2563 442 2634 postea
454 2562 655 2627 servaturos,
672 2560 710 2608 ut
724 2559 943 2632 temperarent
954 2566 973 2607 a
986 2541 1132 2632 populis,
1151 2542 1209 2629 qui

148 2677 151 2697 ε
164 2646 198 2707 in
212 2646 273 2710 fide
290 2665 346 2711 aut
359 2647 499 2711 amicitia
513 2648 739 2711 Romanorum
755 2661 871 2709 essent.
890 2644 954 2706 Pro
967 2663 1075 2706 casua
1089 2639 1208 2704 volun·

144 2775 153 2797 a
167 2761 231 2807 tate
246 2768 373 2833 sperare
391 2748 477 2809 bona
491 2747 591 2834 gratia
607 2745 723 2832 populi
740 2745 865 2807 romani
883 2745 1044 2823 facturos,
1060 2755 1114 2821 ut,
1132 2762 1209 2805 cum

147 2845 286 2930 ‹quibus
301 2846 369 2909 aliis
388 2846 516 2932 populis
531 2846 669 2925 vellent,
688 2865 764 2909 oum
782 2844 821 2908 iis
835 2843 957 2907 bellum
976 2863 1129 2930 pacemne
1147 2846 1208 2905 sub

147 2976 152 2996 ι
165 2945 321 3010 arbitratu
336 2947 487 3011 habeant.

185 3049 304 3113 XXVI.
328 3051 389 3114 «In
413 3049 581 3139 presentia
603 3046 767 3111 redituros
792 3045 834 3111 ad
854 3043 1084 3110 Tauriscorum
1109 3040 1207 3123 fines,

148 3180 153 3200 ι
167 3145 255 3210 unde
271 3171 376 3237 nuper
388 3149 538 3213 exissent.
550 3147 693 3213 Ulterius
707 3147 826 3211 multas
839 3145 947 3211 colere
958 3145 1125 3226 nationes,
1137 3167 1210 3235 quae

148 3280 153 3301 ι
166 3271 273 3334 neque
291 3250 443 3313 societate
454 3249 575 3330 juuctae
587 3248 758 3336 Romanis,
775 3263 808 3313 ct
820 3249 908 3312 ultro
928 3246 971 3311 ob
990 3246 1143 3311 ferociam
1156 3245 1209 3311 ine

147 3350 236 3413 ÷visae
253 3367 361 3415 essent
379 3375 386 3415 :
406 3350 457 3415 his
474 3373 508 3415 se
523 3373 588 3415 non
603 3350 704 3415 modo
722 3351 793 3416 sine
807 3349 925 3432 injuria
938 3348 1052 3436 populi
1065 3348 1208 3431 romani,

142 3451 333 3516 --sedetiam
352 3455 385 3516 in
402 3453 536 3542 gratiam
550 3452 636 3517 illius
657 3475 745 3517 arma
761 3452 917 3517 illaturos.
931 3481 944 3506 n
961 3448 1086 3538 Consul
1102 3465 1208 3515 astuto

140 3551 292 3633 consilio,
310 3552 400 3640 quod
416 3554 478 3641 ipsi
493 3571 606 3642 postea
625 3554 658 3617 in
676 3553 798 3618 malum
813 3552 931 3632 vertit,
947 3550 1074 3615 laudata
1083 3549 1208 3615 Teuto-

142 3674 259 3715 norum
271 3655 455 3737 voluntate,
473 3656 615 3746 benigne
627 3655 820 3744 respondet:
839 3671 990 3719 caeterum
1002 3654 1142 3719 ducibus
1153 3657 1206 3721 iti·

143 3755 243 3834 neris,
263 3778 346 3841 quos
364 3755 549 3840 addiderat,
570 3759 652 3823 clam
673 3758 828 3845 imperat,
844 3755 1019 3821 circumitu
1035 3780 1090 3819 eos
1109 3754 1208 3821 duee-

141 3871 232 3935 rent,
252 3878 319 3942 quo
337 3854 399 3919 sibi
420 3855 462 3920 ad
477 3880 534 3938 ea,
553 3881 626 3946 quae
645 3856 883 3938 meditabatur,
906 3858 980 3945 plus
998 3857 1092 3945 spatii
1113 3856 1207 3921 foret.

143 3955 212 4041 lpse
228 3978 322 4034 vero,
340 3978 415 4019 cum
431 3956 587 4045 expeditis
603 3958 705 4046 copiis
721 3958 868 4021 breviore
883 3958 998 4022 itinere
1012 3958 1134 4047 legatos
1151 3979 1208 4023 au·

141 4071 318 4144 regressus,
333 4057 492 4120 Teutonis
509 4058 704 4145 improvisus
716 4058 901 4146 supervenit
913 4108 922 4140 ,
934 4059 991 4146 qui
1000 4059 1084 4138 jam,
1099 4057 1148 4120 uti
1160 4058 1207 4122 fa·

140 4174 249 4221 cturos
271 4159 365 4248 legati
389 4175 596 4246 receperant,
620 4157 741 4223 Norico
766 4157 979 4239 decedentes,
999 4157 1040 4222 ad
1056 4157 1207 4223 Noreiam

140 4259 299 4348 oppidum
317 4276 419 4324 castra
436 4274 622 4347 posuerant.

185 4362 319 4425 XXVII.
340 4361 571 4425 Tauriscorum
589 4360 768 4448 antiquitus
790 4360 910 4427 Noreia
929 4359 1014 4442 fuit,
1034 4358 1092 4425 ubi
1116 4382 1206 4425 nune

142 4461 266 4523 Gor-iria
286 4463 527 4526 Corinthiorum
545 4477 611 4542 est,
625 4461 715 4548 quod
729 4462 888 4551 navigatio
901 4460 941 4527 ad
955 4460 1137 4549 Aquileiam
1152 4483 1204 4525 se·
