2594 4980
138 701 207 773 500
305 704 373 769 10.
400 698 743 768 rnnrnsunnn
772 678 1047 767 surenam.

136 827 216 891 alios
228 825 388 903 honores,
398 843 466 883 non
481 821 616 886 cuilibet
623 814 893 886 committendam
904 816 982 899 nti,
993 814 1053 883 sed
1064 816 1126 900 iis,
1139 818 1225 907 qui,

136 951 206 992 rem
222 925 395 1004 habentes,
414 945 485 986 eam
508 922 647 1010 acceptis
662 918 762 987 armis
782 934 939 1009 tanquam
954 916 1089 1011 pignori
1104 940 1226 1009 oppo-

139 1050 217 1091 nere
233 1024 433 1090 viderentur.

183 1129 240 1191 IX.
259 1124 299 1190 ld
314 1125 410 1189 Marii
427 1125 547 1186 factum
563 1120 783 1189 diversimode
802 1138 972 1213 sooepmm
987 1136 1054 1205 est,
1070 1120 1223 1211 quibus·

138 1228 213 1292 dam
226 1226 363 1314 penuria
377 1225 516 1287 aliorum
532 1224 673 1289 militum
682 1222 798 1289 fecisse
806 1222 1119 1313 interpretantibus3
1132 1224 1222 1309 eliis,

140 1344 178 1392 ut
189 1351 223 1391 se
237 1326 288 1390 isti
301 1325 475 1389 hominum
489 1324 615 1413 generi,
627 1346 688 1415 per
698 1323 792 1415 quod
803 1325 943 1391 maxime
956 1340 1122 1407 creverat,
1134 1348 1224 1393 ven·

139 1429 264 1493 ditaret.
282 1426 386 1514 quue
403 1449 481 1489 vero
495 1427 630 1514 propius
642 1426 802 1511 arbitror,
813 1448 918 1515 quum
934 1448 997 1516 pro
1011 1426 1223 1493 obscuritate

138 1528 266 1619 generis
282 1528 333 1591 sui
355 1527 576 1591 humillimum
595 1548 761 1618 quemque
783 1527 923 1593 maxime
942 1526 1092 1593 studeret
1106 1530 1222 1596 extol·

140 1631 223 1711 lere3
247 1652 282 1692 se
301 1650 434 1715 quoque
455 1627 536 1705 jocis
559 1626 719 1694 dicacium
737 1628 919 1695 obnoxium
941 1630 1011 1694 fore
1028 1632 1221 1718 puuumi

141 1729 323 1795 conditioni
341 1745 373 1791 et
391 1728 547 1812 fortuna,
564 1730 618 1793 cui
633 1730 840 1820 propinquus
856 1730 926 1819 ipse
935 1728 1069 1813 hrisset,
1081 1730 1140 1811 jus
1153 1732 1222 1797 mi·

140 1829 254 1894 litandi
274 1845 455 1914 negaretur.
469 1831 511 1894 Et
527 1854 605 1895 sane
616 1830 720 1897 virtus
735 1854 776 1898 ex
790 1854 894 1897 oensu
908 1853 978 1897 non
985 1832 1097 1899 venit:
1111 1832 1221 1899 modo

141 1934 226 1997 vires
254 1924 449 2019 animusque
478 1948 651 2021 suppetat,
681 1950 716 2000 et
742 1933 919 2025 discipline
946 1954 1047 2022 ospax
1072 1932 1221 2003 indoles.

142 2037 225 2098 Cum
242 2033 293 2098 his
309 2034 410 2121 copiis
422 2034 550 2099 Uticam
560 2034 673 2123 paucis
683 2034 800 2101 diebus
816 2050 1003 2125 pervectus,
1014 2034 1222 2114 exereitum,

88 2119 93 2129 .
142 2137 178 2201 Ρ.
196 2136 318 2199 Rutilio
338 2136 444 2225 legato
466 2136 588 2200 Metelli
606 2133 773 2237 tradente,
796 2136 919 2226 accepit
935 2157 943 2200 ε
960 2134 1039 2223 quia
1059 2134 1221 2203 Metellus

143 2238 358 2325 conspectum
382 2238 504 2300 inimici
530 2237 694 2327 fugiebat,
717 2238 811 2319 cujus
834 2237 951 2302 astutia
973 2258 1041 2301 nou
1066 2254 1222 2327 ereptam

144 2337 245 2402 modo
266 2337 327 2400 sibi
345 2338 562 2424 provinciam,
579 2336 638 2403 sed
652 2338 749 2403 etiam
764 2338 894 2427 plebem
908 2360 1078 2403 romanam
1092 2339 1223 2405 aliena·

146 2456 211 2503 tam
230 2460 315 2519 esse,
330 2438 473 2503 rebatur.

189 2543 231 2604 X.
246 2539 312 2604 sed
328 2541 393 2604 hoc
413 2541 564 2628 quidem,
583 2542 721 2605 Romam
735 2541 921 2631 profectus,
935 2541 1034 2632 longe
1047 2542 1145 2609 aliter
1158 2532 1223 2611 ha·

43 2685 47 2693 ι
145 2644 224 2707 bere
241 2645 416 2730 comperit,
432 2667 535 2730 quum
550 2645 706 2708 exstincta
715 2642 781 2722 jam
797 2641 936 2724 invidia,
949 2664 1018 2707 non
1031 2644 1222 2711 minoribus

146 2744 275 2832 populi,
294 2767 392 2831 quam
409 2745 560 2827 Petrum,
576 2743 692 2809 studiis
706 2745 910 2833 exciperetur
925 2766 933 2809 τ
950 2758 1048 2833 atque
1063 2744 1111 2810 illi
1127 2746 1223 2828 judi·

147 2847 270 2910 ciuma
293 2847 426 2910 tribuno
444 2847 545 2935 plebis
565 2845 701 2911 Manilio
722 2846 938 2927 intentatum,
962 2846 1223 2941 triumphusque

146 2947 322 3037 impeditus
338 2971 404 3011 non
419 2948 533 3028 majori
548 2948 693 3036 primum
709 2948 881 3030 molestiae,
900 2969 999 3037 quam
1015 2950 1223 3041 posteaglo·

146 3051 219 3133 riae,
236 3048 308 3113 fuit.
324 3050 440 3136 Neque
456 3071 534 3110 vero
549 3049 659 3129 anxie,
675 3064 733 3112 aut
747 3045 888 3112 demisso
905 3047 1033 3130 animo,
1051 3046 1111 3114 sed
1125 3050 1224 3131 juxta

148 3152 276 3215 solitam
294 3172 385 3212 suam
402 3149 591 3236 gravitatem
606 3165 705 3234 atque
727 3148 961 3230 constantiam,
975 3171 1080 3237 quum
1095 3148 1174 3217 (lata
1188 3152 1224 3218 ei

149 3250 265 3315 concio
275 3249 388 3337 populi
404 3265 505 3327 esset,
517 3247 616 3312 verba
629 3270 691 3336 pro
701 3248 870 3338 triumpho
886 3272 948 3315 suo
962 3250 1055 3333 fecit,
1071 3274 1223 3341 quorum

149 3373 251 3438 pauca
264 3349 372 3411 adhuc
384 3364 587 3429 noscuntur3
601 3369 717 3413 sensus
733 3351 882 3415 omnium
897 3352 959 3416 iste
973 3352 1224 3442 propemodum

148 3452 233 3515 fuit:
254 3449 385 3529 «Quem
406 3449 446 3510 ab
465 3449 556 3511 omni
571 3450 764 3538 antiquitate
783 3453 892 3518 soletis
913 3454 1034 3519 habere
1055 3455 1224 3523 honorem

149 3547 422 3636 «imperatoribus
434 3550 567 3627 vestris,
587 3566 641 3634 ut,
657 3552 822 3641 republica
840 3555 924 3619 bene
940 3572 1046 3646 gesta,
1065 3556 1225 3625 hostibus

151 3684 164 3709 «
174 3651 284 3732 victis,
301 3668 333 3714 et
349 3651 493 3714 exercitu
510 3651 683 3735 ineolumi,
698 3654 823 3719 Urbem
836 3657 1225 3746 triumphantesinennt3

150 3785 163 3809 α
174 3777 249 3819 eum
258 3752 349 3834 mihi,
361 3777 464 3840 quum
477 3770 606 3818 senatus
615 3755 768 3844 frequens
779 3757 926 3843 jusserit,
938 3782 1046 3850 neque
1057 3776 1167 3829 vestra
1178 3764 1228 3831 sit

151 3855 322 3918 «voluntas
332 3855 488 3937 obseura,
504 3878 622 3946 negare
634 3876 817 3945 perseverat
825 3860 997 3945 tribunus,
1013 3885 1066 3928 me
1082 3886 1228 3956 quoque

150 3989 162 4014 ιι
175 3957 268 4022 dictis
287 3957 508 4043 petulantibus
526 3957 730 4041 lacessendo,
749 3960 905 4044 Quirites.

186 4200 280 4265 §vnn
293 4201 416 4250 Plutarch.
427 4203 453 4247 in
465 4203 528 4250 Mar.
539 4219 561 4251 c.
574 4218 614 4254 11.
624 4231 659 4242 -
668 4201 766 4256 Sallust.
780 4234 816 4243 -
832 4206 897 4256 Plin.
912 4208 1045 4264 mut,
1055 4221 1098 4257 11.
1108 4234 1147 4247 —
1156 4208 1229 4262 flor.

152 4286 283 4342 111,1.-
292 4286 397 4349 Dionys.
405 4287 450 4341 IV,
459 4302 501 4332 22.
512 4288 612 4349 -Jul
626 4290 788 4355 Exsuperant.
803 4307 926 4340 e.11.—
938 4291 995 4339 vu.
1008 4290 1080 4342 Max.
1092 4292 1135 4352 11,
1153 4294 1231 4345 3.-

151 4366 413 4431 sgelt.nV1,10.-
424 4369 529 4418 Diodor.
539 4372 606 4436 apud
614 4374 697 4423 Valet.
710 4400 746 4412 -
756 4375 1045 4439 Quintilisn.l)eol.11‚
1058 4390 1082 4427 1.
1099 4403 1137 4418 -
1155 4376 1175 4446 3
1191 4379 1230 4429 X.

151 4452 250 4499 Sallust.
268 4478 302 4488 —
317 4451 443 4499 Plutarch.
