2594 4980
125 677 196 762 dlid
277 732 281 740 .
306 679 376 744 JO.
404 674 746 744 FREINSHEMII
776 673 1020 743 SUPPLEM.

125 802 239 887 eique,
256 803 293 863 ni
301 812 436 886 pareat,
456 811 600 859 extrem
611 794 756 884 pabulo
766 793 1043 876 demonstrando,
1062 818 1207 884 persua·

124 902 199 982 det,
216 916 252 965 ut
275 899 369 963 semel
386 903 418 963 in
434 896 542 984 fidem
561 894 676 985 populi
694 898 823 961 romarii
841 918 939 983 reguo
956 918 1045 985 seque
1066 896 1205 978 dedito,

124 1002 366 1066 misericordiam
391 1001 474 1089 ejus,
498 1022 596 1087 quam
619 1000 722 1078 iram,
737 1021 911 1086 provocare
930 998 1042 1062 malit:
1064 1000 1206 1065 tandem

111 1103 266 1191 ficturum
278 1128 309 1167 se
321 1108 352 1166 iu
359 1115 515 1191 potestate
524 1100 666 1165 Numida
681 1099 876 1189 respondet,
892 1124 995 1189 quum
1007 1119 1126 1191 praeter
1139 1127 1208 1194 pu-

122 1206 237 1270 blicam
262 1205 360 1270 frdem
385 1205 513 1268 Cassius
537 1227 594 1267 sua
611 1225 746 1291 quoque
768 1204 919 1292 privatim
944 1204 1205 1294 spopondisset,

122 1330 219 1395 quam
237 1307 398 1396 Jugurtlia
416 1329 482 1368 non
503 1305 638 1368 minoris
656 1304 812 1369 faciebat:
826 1321 916 1370 tanta
935 1307 1144 1396 temporibus
1159 1309 1205 1374 il·

121 1408 158 1471 lis
178 1407 217 1471 de
236 1408 405 1472 sanctitate
418 1407 608 1493 justitiaque
624 1406 729 1471 Cassii
743 1406 830 1471 lama
846 1425 925 1473 eret.

166 1510 320 1573 XXXVI.
347 1509 477 1589 Quibus
501 1507 600 1571 rebus
614 1506 780 1590 adducor,
798 1515 837 1572 ut
854 1509 944 1574 liunc
958 1526 1023 1574 tam
1042 1510 1204 1577 celebrati

122 1612 265 1675 nominis
288 1613 454 1689 Cassium,
475 1634 541 1673 non
565 1632 642 1674 eum
667 1632 738 1675 esse
757 1611 891 1697 opiner,
909 1613 966 1700 qui
992 1613 1104 1700 paucis
1123 1631 1207 1701 post

121 1715 214 1778 annis
230 1714 262 1776 in
276 1713 386 1802 praelio
399 1712 551 1775 adversus
563 1711 712 1779 Cimbros
727 1712 852 1777 occisus
864 1729 929 1792 cst;
939 1713 997 1776 sed
1009 1715 1203 1779 censorium

121 1817 234 1896 illurn,
251 1838 349 1902 quem
369 1814 556 1901 quaestionis
582 1814 696 1878 incesti
717 1836 813 1878 causa
837 1832 1011 1903 praetorem
1029 1831 1202 1896 creatum,

121 1919 279 1981 resectum
308 1917 426 1981 deiude
445 1933 547 2004 puto,
562 1915 721 2004 quamdiu
742 1916 776 1980 id
789 1915 949 1996 judicium
973 1917 1122 1998 duravit3
1140 1935 1200 1982 aut

121 2021 162 2083 ab
181 2020 274 2083 initio
299 2021 360 2083 bac
386 2020 455 2106 lege
476 2021 620 2099 l'actunr,
639 2035 697 2099 ut,
718 2017 825 2085 donec
848 2042 885 2083 ea
905 2035 1030 2107 peracta
1057 2022 1201 2107 quaestio

121 2138 219 2201 esset,
235 2138 407 2209 praeturam
422 2122 593 2184 obtineret.
608 2122 736 2185 Interea
747 2122 897 2185 consules
907 2124 1018 2185 Romae
1027 2122 1073 2186 M.
1088 2120 1204 2187 Minu-

121 2225 191 2285 cius
215 2224 338 2303 Rufus,
354 2225 406 2309 sp.
429 2222 617 2285 Postumius
641 2222 778 2286 Albinus
796 2223 881 2287 faeti.
901 2224 1060 2313 Iugurtha
1077 2224 1201 2289 humili

120 2325 211 2387 cultu
227 2327 364 2387 Romam
381 2324 564 2399 adductus,
578 2340 682 2409 quum
699 2323 860 2387 factorum
878 2324 1077 2388 conscientia
1092 2327 1200 2414 trepi-

120 2425 229 2505 daret,
248 2425 459 2487 confirmatus
478 2425 518 2486 ab
538 2425 609 2503 his,
625 2447 708 2511 quos
735 2427 949 2490 consiliorum
975 2450 1111 2490 suorum
1135 2452 1198 2492 au-

120 2543 225 2590 ctores
249 2528 423 2603 halnurat,
442 2530 478 2588 (J.
494 2525 639 2588 Baebium
663 2526 833 2589 tribunum
851 2527 953 2614 plebis
974 2548 1088 2615 magna
1106 2550 1198 2592 mer-

119 2629 198 2692 cede
229 2631 333 2708 curit,
369 2633 463 2706 cujus
496 2625 699 2714 impudentia
731 2643 820 2693 tutus
851 2645 965 2693 contra
994 2628 1046 2707 jus
1074 2630 1198 2717 pariter

119 2733 335 2817 injuriamque
350 2733 442 2792 l'orct.

161 2834 331 2895 XXXVII.
356 2835 407 2895 Sic
428 2833 536 2894 tritinia
557 2833 676 2895 iterum
697 2834 830 2913 Romae,
848 2855 940 2896 secus
964 2849 1063 2920 atque
1081 2834 1197 2897 existi-

117 2951 240 2997 matum
252 2935 368 3007 luerat,
379 2935 593 2997 seditionibus
605 2933 842 3022 discordiisque
852 2935 1039 3022 permisceri
1053 2957 1194 3021 coepere.

117 3039 231 3121 Quum
247 3039 333 3099 enim
354 3042 387 3099 (1.
409 3038 583 3099 Memmius
600 3035 799 3122 productum
817 3036 858 3099 ad
879 3053 982 3100 rostra
996 3037 1193 3124 Iugurtham

115 3140 258 3203 iudicare
269 3140 419 3217 juberet,
436 3139 528 3215 eujus
545 3159 606 3223 ope
624 3138 826 3225 consilioque
846 3154 910 3201 tarn
935 3139 1067 3201 scelesta
1084 3153 1195 3224 patra·

115 3243 233 3318 visset,
249 3242 380 3325 jamque
397 3239 521 3300 nerium
539 3237 677 3300 dubium
696 3255 792 3320 essct,
814 3241 894 3327 quin
913 3240 1005 3303 multi
1026 3254 1194 3303 senatores

116 3345 383 3417 nominarentur,
406 3342 439 3401 (l.
461 3339 587 3400 Baebius
607 3354 712 3403 tacere
728 3340 920 3428 iugurtham
935 3343 1050 3421 jussit,
1063 3355 1113 3420 et,
1130 3362 1193 3427 pu·

115 3445 194 3530 pulo
212 3443 431 3528 nequidquam
454 3439 668 3519 tumultan'te,
685 3441 873 3505 intercessio
887 3443 997 3506 valuit.
1013 3441 1097 3503 Tuiu
1111 3434 1192 3505 iero

115 3542 325 3606 confirmatus
340 3543 439 3603 aniuii
453 3540 613 3622 Numida,
627 3543 718 3629 quod
733 3544 814 3606 nihil
831 3567 895 3607 uon
915 3543 1060 3631 pecuniae
1074 3540 1193 3606 cedere

100 3644 255 3722 rideret,
278 3645 358 3707 adeo
384 3645 529 3731 priorum
558 3643 740 3709 fascinorum
768 3669 895 3733 poenam
915 3668 982 3708 nou
1003 3644 1133 3724 timuit,
1151 3659 1192 3706 ut

116 3749 147 3808 in
166 3750 230 3835 ipsa
243 3749 331 3809 Urbe
347 3771 468 3809 sunum
484 3745 691 3833 parricidium
705 3747 909 3821 committere
922 3768 987 3811 non
1004 3745 1190 3825 dubitaret,

116 3849 251 3912 Massiva
272 3851 415 3934 patruele
433 3847 592 3910 tollendo.

159 3952 345 4015 XXXVIII.
371 3954 487 4031 lluue,
514 3951 656 4014 Gulussa
685 3950 861 4015 Masinissae
888 3950 954 4014 lilio
983 3966 1189 4039 procreatum

117 4056 256 4143 (quippe
271 4054 376 4118 dedita
396 4056 499 4135 (licta,
514 4077 615 4139 quum
632 4053 665 4115 in
683 4053 830 4141 partibus
847 4052 1038 4118 Adherbalis
1055 4051 1189 4135 fuisset,

118 4156 254 4218 Romam
274 4157 462 4245 profugerat
472 4157 482 4231 l
494 4204 502 4235 ,
513 4155 566 4242 Sp.
576 4154 715 4219 Albinus
731 4155 845 4218 consul
864 4154 1055 4245 iustIgabat,
1071 4169 1125 4231 ut,
1140 4157 1190 4217 in·

153 4364 167 4427 S
190 4370 311 4415 XXXVI.
334 4372 367 4415 Is.
388 4371 415 4415 (ἶ.
437 4370 501 4420 6423
518 4370 548 4414 A.
570 4370 598 4416 (ἶ.
616 4385 672 4418 iro.
698 4397 733 4406 —-
754 4370 892 4418 Cassiodor.
916 4371 1007 4418 Chron.
1031 4393 1065 4401 —
1088 4364 1186 4413 Sallust.

121 4450 231 4509 Iugurtb.
243 4477 276 4485 -
286 4455 358 4497 [Iros.
368 4455 399 4507 V,
417 4452 453 4497 15.
464 4479 497 4485 -—
510 4451 524 4511 ,ii
536 4453 671 4502 XXXVII.
682 4454 735 4503 biv,
745 4454 812 4518 Epit.
823 4481 857 4490 ··-
868 4452 965 4502 Sallust.
975 4478 1010 4488 -
1018 4451 1084 4498 Vlot.
1095 4451 1145 4507 lll,
1162 4466 1185 4497 t.
