2594 4980
39 39 1221 407 .-

790 388 805 413 x
991 420 994 425 ι

144 746 213 815 ’,26
316 750 382 815 so.
410 702 754 816 sanissimam
785 742 1038 835 surenam.

143 867 263 931 «rebus
279 868 397 930 nostris
415 868 563 956 integris,
575 883 608 931 et
620 868 648 930 si
660 889 774 932 verum
788 866 901 933 audire
911 868 1032 952 vultis,
1043 862 1201 950 ja'tu'tmiri

139 969 303 1055 «sociique
325 969 441 1049 vestri,
461 990 574 1055 pacem
592 969 778 1055 quaerimus.
801 973 900 1035 Anno
918 971 1093 1059 superiore
1110 972 1221 1039 sudus·

139 1101 152 1125 «
162 1092 237 1133 cum
253 1071 349 1133 lratre
364 1087 422 1132 tuo
432 1069 629 1157 pepigimus,
644 1069 686 1151 Q.
696 1069 825 1151 Servili,
836 1086 1016 1159 ratumque
1026 1072 1062 1137 id
1073 1074 1198 1165 populus

138 1193 315 1234 «romanus
325 1170 448 1233 habuit.
461 1168 697 1259 Curpostillud
710 1170 829 1234 iterum
845 1170 881 1233 iu
897 1192 989 1237 arura
1002 1172 1104 1239 fuerit
1113 1176 1196 1255 ituu,

137 1294 345 1359 «quanquam
365 1270 564 1352 nesciamus,
585 1292 729 1358 quaerere
747 1271 921 1353 nolumus,
938 1292 982 1335 ne
1000 1295 1080 1339 cum
1097 1290 1195 1363 poten·

136 1373 298 1438 «tionibus
316 1373 440 1461 litigare
458 1372 539 1437 velle
554 1371 731 1437 videamur.

178 1477 267 1539 XVI.
285 1475 340 1536 «Si
357 1490 463 1536 tamen
478 1471 642 1560 prioribus
659 1471 903 1537 conditionibus
913 1470 1192 1563 adjecturualiqtil

141 1577 369 1663 ‹demptumve
388 1574 522 1662 cupitis,
540 1596 608 1637 non
631 1572 826 1655 resistimus,
848 1570 928 1637 dum
950 1564 1206 1665 tolerundsrifsu-

134 1679 369 1765 «imperentur.
380 1673 470 1756 Quid
484 1696 567 1762 opus
577 1689 625 1738 est
634 1673 740 1755 bello,
758 1673 784 1736 si
794 1672 969 1761 precipere
977 1672 1107 1757 alteris,
1118 1672 1188 1763 qud
1219 1740 1221 1759 Ι

134 1778 285 1858 «volunt,
311 1777 403 1858 licet,
427 1776 534 1839 alteris
567 1776 688 1840 nullius
714 1775 762 1839 rei
788 1774 902 1855 major,
927 1798 1030 1863 quam
1054 1766 1186 1867 Impetus
1217 1846 1221 1865 1,

132 1880 320 1961 «faciundi,
335 1901 413 1943 cura
423 1879 492 1942 est?
508 1878 584 1942 Non
601 1878 707 1959 enim,
719 1892 757 1941 ut
770 1892 901 1967 gentem
918 1892 1068 1943 nostrum
1082 1879 1184 1945 error

132 1983 259 2064 «datis,
276 1982 350 2046 ideo
369 1981 490 2045 bellum
507 2004 526 2043 a
547 1979 640 2044 vobis
657 1995 845 2067 susceptum
864 1977 1063 2046 crediderim
1080 1966 1181 2057 tabuit,
1218 2040 1221 2059 ,

132 2118 145 2141 «ι
158 2085 315 2172 abestque
331 2084 399 2146 haec
423 2080 567 2157 archis,
591 2081 688 2145 etiam
708 2078 795 2168 apud
817 2079 900 2143 feras
919 2096 1037 2170 gentes
1056 2078 1181 2145 dummlt
1219 2156 1221 2165 Ι

129 2186 382 2249 «inhumanitas.
401 2183 467 2247 Vos
481 2198 591 2246 autem
606 2182 688 2246 nihil
701 2196 767 2246 tam
783 2182 947 2269 imputare
961 2180 1026 2247 diis
1038 2183 1178 2247 luriunt*

129 2287 238 2352 «libus
259 2286 379 2367 audio,
401 2307 500 2372 quam
517 2282 607 2372 quod
626 2286 770 2348 favorem
795 2283 926 2347 illorum
941 2284 1040 2365 justis
1061 2298 1177 2349 untau·

129 2388 252 2453 amodo
275 2389 402 2476 piisque
423 2386 514 2449 bellis
539 2384 753 2472 suscipiendis
776 2384 992 2467 mereamini,
1016 2406 1118 2475 neque
1134 2378 1175 2447 ΙΙ·
1218 2430 1221 2439 .

129 2514 262 2554 «versus
287 2489 437 2552 homines
459 2486 519 2550 alia
540 2486 606 2549 ulla
630 2509 666 2550 re
688 2486 788 2576 magis
814 2486 964 2575 gloriari,
988 2510 1087 2577 quam
1107 2478 1174 2575 quod
1219 2538 1221 2543 .

129 2625 141 2646 ·ι
153 2590 321 2655 metuendi
345 2588 539 2668 rebellibus,
565 2585 729 2674 iidemque
753 2587 956 2674 supplicibus
979 2583 1173 2653 mites-estis:

128 2726 140 2749 ·‹
150 2694 325 2779 aiuntque,
341 2689 434 2752 vobis
454 2687 543 2752 haud
563 2687 732 2775 pauciores
750 2687 890 2777 populos
909 2686 1071 2776 aequitatis
1088 2698 1172 2751 rm

127 2790 400 2857 «mansuetudine
414 2789 583 2868 inductos,
598 2810 696 2876 quam
707 2788 805 2853 armis
820 2804 951 2853 coactos
965 2786 1106 2853 obedire.
1116 2782 1172 2867 Ψ

127 2925 139 2950 a
154 2895 187 2957 in
204 2914 342 2956 numero
359 2892 386 2954 si
402 2890 574 2954 Lusitanos
591 2889 686 2953 etiam
702 2888 823 2953 habere
840 2890 946 2953 visum
968 2889 1049 2971 erit,
1068 2902 1172 2977 opu

125 2995 314 3076 «dabimus,
326 3008 363 3056 ut
374 3007 478 3056 vestra
492 2991 622 3055 lenitate
632 3012 838 3079 nequaquam
851 2990 979 3083 indigni
988 2992 1172 3057 hebetum·

168 3097 272 3161 XVII.
287 3094 338 3159 Ad
354 3116 390 3156 ea
407 3092 559 3155 Servilius
576 3090 617 3155 de
632 3091 760 3155 consilii
775 3092 934 3156 sententia
950 3092 1020 3157 hmo
1035 3094 1171 3176 ier-mort·
1200 3146 1203 3151 .

123 3195 255 3284 spondit
270 3218 278 3258 ε
294 3225 307 3248 «ι
318 3193 393 3255 Νοη
411 3206 460 3254 est
474 3214 556 3254 nora
572 3192 660 3273 baec,
673 3214 771 3278 quam
788 3215 878 3257 nunc
893 3188 1171 3276 astutissimam,

122 3294 299 3363 «Lusitani.
320 3293 406 3356 Olim
420 3292 486 3370 jam
508 3308 541 3355 et
557 3292 727 3380 postulatis
743 3314 871 3381 pacem,
887 3294 982 3380 quasi
1000 3292 1078 3358 belli
1095 3286 1172 3357 tude
1216 3310 1221 3323 ·

122 3430 135 3453 a
146 3413 215 3478 ret,
233 3411 266 3458 et
285 3394 406 3457 bellum
426 3392 551 3480 geritis,
568 3394 661 3480 quasi
678 3396 849 3482 poeniteret
864 3394 997 3482 quietis.
1011 3394 1172 3461 Tutini!-

120 3530 133 3554 α
143 3512 305 3585 peratores
318 3494 420 3557 nostri
431 3494 557 3557 iceruut
567 3518 643 3557 eum
655 3495 822 3558 orantibus
837 3494 962 3560 foedus:
974 3518 1038 3561 uec
1050 3510 1172 3585 unqu!

119 3599 218 3662 «satis
236 3612 322 3659 certa
343 3612 513 3682 pactorum
536 3595 624 3682 apud
641 3618 698 3659 vos
716 3593 795 3659 fides
814 3596 887 3661 fuit.
908 3596 974 3663 Sed
992 3598 1101 3687 prlora
1114 3594 1174 3663 ui·

119 3713 254 3762 «tantur
272 3720 280 3759 ε
301 3719 360 3758 nec
377 3719 451 3759 curn
469 3696 567 3760 fratre
583 3718 658 3759 meo
674 3694 779 3761 foedus
792 3696 911 3762 initum
930 3700 1102 3767 memorari
1115 3694 1175 3765 tlll·

118 3832 131 3856 ,ι
144 3816 215 3875 net,
234 3796 323 3885 quod
344 3815 473 3862 senatus
493 3798 622 3861 irritum
640 3819 709 3860 esse
727 3800 865 3863 censuit.
886 3799 1005 3887 Neque
1020 3823 1083 3893 ego
1096 3814 1131 3865 ut
1144 3816 1175 3861 u

119 3900 183 3966 «de
198 3923 233 3963 re
250 3898 461 3986 disceptarem
478 3898 667 3979 vobiscum,
686 3898 744 3963 sed
758 3915 797 3963 ut
813 3900 844 3963 ri
862 3900 1029 3989 armisque
1041 3902 1084 3969 ud
1097 3900 1175 3967 tulit·

115 3998 321 4066 “laciendum
345 3997 385 4061 dc
398 4000 524 4079 injpriis
544 4022 710 4088 cogerem,
729 4001 762 4063 in
779 4002 981 4089 provinciam
997 4004 1082 4069 veui.
1099 4002 1177 4085 Qut·

115 4118 270 4191 «propter
286 4102 320 4163 in
334 4101 432 4163 veteri
446 4101 621 4187 pertinacia
637 4117 805 4165 manentes
817 4103 907 4166 omni
920 4104 1013 4169 clade
1025 4104 1100 4171 belli
1111 4122 1180 4195 μ’

115 4204 231 4291 «sequi
251 4218 377 4265 certum
394 4216 460 4280 est,
478 4223 538 4263 nec
556 4216 631 4263 ante
648 4200 746 4265 finem
763 4201 932 4289 imponere
949 4202 1074 4287 labori,
1090 4216 1185 4293 qum

114 4336 127 4362 a
138 4305 267 4395 dignam
288 4302 413 4366 romani
437 4301 578 4365 nominis
597 4302 762 4383 majestate
781 4304 942 4369 ultionem
960 4328 981 4371 a
998 4306 1091 4371 vobis
1108 4322 1192 4369 αι’

115 4406 250 4496 «gerim.
1011 4488 1014 4493 Ι

156 4507 278 4571 xv111.
292 4503 416 4587 «Quod
437 4504 462 4566 si
488 4526 563 4567 vere
589 4504 800 4571 consiliorum
823 4507 977 4595 paenitet,
1000 4512 1212 4595 frmraqu⁸
