2594 4980
121 758 191 830 2os
292 762 359 829 ro.
386 736 728 830 ranrusnn'mt
751 708 1002 827 'subruunt

119 883 155 945 in
178 881 282 947 Sicilia
308 880 511 970 degentium,
533 880 590 944 sed
612 880 709 945 etiam
737 900 905 945 semorum
928 898 1120 959 numerum,
1147 892 1180 941 et

119 1006 196 1071 erga
215 984 302 1069 ipsos
320 982 588 1047 inhumanitatem
609 981 828 1059 tumulabatur.
845 981 949 1067 Igitur
966 1000 1026 1069 per
1041 978 1178 1043 Insulam

120 1084 241 1147 ornatis
260 1084 352 1171 equis
368 1085 610 1171 carpentisque,
627 1104 744 1173 magns
763 1082 959 1147 famulorum
973 1080 1108 1167 stipatus
1125 1102 1179 1147 ott·

119 1198 226 1263 torva,
249 1184 433 1247 terebatur:
451 1183 606 1247 adoraret
622 1184 841 1248 fonnosorum
853 1202 1029 1271 puerorum
1044 1202 1179 1270 agmen,

120 1299 153 1346 et
178 1301 390 1348 assentatores
414 1284 608 1371 parasitique
630 1284 749 1375 magno
772 1280 910 1349 nurnero
929 1282 1179 1380 comitabantur,

118 1386 218 1449 Domi
237 1402 344 1449 autem
372 1409 457 1466 suae,
483 1403 515 1448 et
537 1386 571 1449 in
592 1385 720 1474 proediIs
742 1382 896 1475 argentea·
910 1404 985 1449 vasa
1004 1384 1128 1465 calata,
1149 1400 1182 1449 et

118 1488 293 1575 stragulam
311 1502 433 1549 vestem
453 1487 890 1574 conchyliatum-ostentans,
910 1484 1050 1573 superba
1068 1486 1182 1551 oonvi·

119 1588 187 1669 ria,
203 1605 236 1651 et
253 1589 346 1675 plane
370 1588 447 1674 regii
467 1605 617 1675 sumptus
632 1587 832 1669 instruebat,
855 1603 893 1651 ut
907 1584 1094 1653 decantatos
1111 1586 1182 1651 illos

118 1688 290 1753 Persarum
313 1705 481 1777 apparatus
505 1690 671 1777 opulentia
685 1706 719 1755 et
741 1688 867 1755 luxuria
884 1685 1182 1777 supergrederetur.

119 1789 184 1854 Sed
199 1789 329 1853 eosdem
345 1790 440 1852 etiarn
451 1791 593 1856 anteibat
607 1778 806 1881 arrogantia:
816 1790 939 1883 quippo
951 1790 1053 1855 borno
1064 1788 1184 1853 nullius

118 1890 212 1953 bona
230 1890 405 1977 disciplinae
419 1893 594 1980 particeps,
604 1915 708 1980 quum
721 1892 827 1981 neque
839 1890 1066 1980 potantiasua,
1077 1910 1185 1977 neque

120 1986 239 2053 divitiis
259 1992 306 2053 uti
327 1990 509 2073 didicisset,
528 1993 569 2056 ad
585 1992 767 2057 extremum
784 1992 846 2057 sibi
866 1992 928 2081 ipsi
944 1989 1136 2081 perniciem,
1152 2005 1186 2054 et

121 2092 316 2156 calamitates
333 2094 485 2157 maximas
504 2097 612 2182 patrias
626 2096 835 2184 compararit.
851 2144 854 2149 -
870 2128 873 2137 ·

164 2194 318 2258 XXXIII.
337 2194 449 2274 Quum
462 2197 550 2260 enim
564 2197 729 2285 ingentem
737 2198 804 2261 rim
815 2216 984 2261 sorvorum
1000 2194 1185 2276 coemisset,

121 2294 294 2359 bominum
310 2311 447 2377 sortem,
458 2298 531 2383 qui,
546 2298 631 2363 bello
647 2298 750 2387 eapti,
764 2297 933 2386 pristinam
943 2296 1124 2363 libertatem
1136 2296 1186 2391 in-

119 2410 213 2457 sueta
236 2397 387 2460 servitute
413 2414 631 2480 mutaverant,
648 2400 783 2463 minima
800 2399 972 2487 misertus,
994 2396 1199 2487 corporibus.

121 2517 235 2558 eorum
252 2514 344 2561 notas
361 2499 447 2562 ferro
459 2500 622 2563 incidebat
635 2524 643 2563 τ
657 2516 691 2565 et
707 2500 833 2565 aliosiu
850 2500 1010 2591 ergastula
1023 2499 1186 2579 conjectos

122 2616 201 2683 agro
226 2597 363 2673 colendo
387 2600 562 2680 atterebat5
583 2600 662 2664 alios
678 2598 721 2664 ad
739 2622 840 2689 pecus
860 2600 1058 2689 pssoeudutn
1078 2598 1187 2667 distrit-

124 2695 211 2769 tebat
220 2745 230 2777 ,
240 2699 424 2785 parcissime
438 2701 596 2788 praebitis,
610 2701 679 2765 sine
693 2702 814 2789 quibus
827 2700 903 2767 duei
913 2701 977 2766 rita
991 2724 1060 2765 non
1069 2716 1188 2789 potest.

124 2797 280 2863 I‘raeterea
296 2823 397 2886 quum
415 2819 498 2865 esset
510 2803 661 2890 superbia
676 2819 709 2867 et
719 2802 920 2867 immanitate
935 2822 1063 2867 summa
1073 2798 1189 2889 prrs'di·

125 2913 197 2979 tus,
216 2902 341 2965 nullum
361 2903 441 2965 elabi
461 2902 547 2967 diem
562 2904 753 2992 patiebatur,
769 2904 851 2991 quin
864 2904 989 2991 sliquos
1002 2923 1187 2980 serromrn,

125 3001 269 3065 minimis
286 3004 478 3090 plerumque
495 3004 535 3067 de
554 3006 676 3085 causis,
691 3008 868 3093 torqueret.
879 3002 943 3067 Sed
959 3018 993 3067 et
1008 3024 1092 3067 uxor
1103 3000 1187 3081 ojus,

126 3102 288 3191 Megallidi
302 3128 420 3167 nomen
436 3122 518 3183 erat,
529 3108 597 3193 pari
611 3105 800 3171 cntdelitttts
810 3104 845 3169 in
860 3104 990 3168 ancillas
1001 3124 1187 3191 servosque,

126 3204 183 3291 qui
199 3205 430 3275 offerebantur,
444 3206 602 3270 saeviebat.
621 3204 752 3287 Quibus
769 3205 867 3271 robus
880 3203 1077 3269 exaeerbatoe
1092 3202 1187 3267 mise·

125 3326 237 3367 rorum
257 3321 397 3384 mentes,
422 3328 525 3390 quum
545 3306 577 3367 in
601 3328 728 3369 summu
743 3326 779 3369 se
791 3304 974 3369 calamitate
986 3304 1106 3377 versari
1121 3324 1188 3367 cre·

126 3403 260 3484 derent,
280 3426 385 3489 neque
406 3408 494 3490 pejus
513 3405 574 3468 sibi
595 3405 774 3495 quidquam
791 3404 936 3471 accidere
950 3426 1061 3493 posse,
1074 3404 1117 3469 de
1131 3403 1188 3468 de·

126 3504 282 3585 lectione,
302 3522 335 3567 et
350 3505 436 3567 caede
453 3505 663 3571 dominorum
678 3506 812 3573 consilia
824 3502 910 3575 inim
924 3508 1103 3596 cupetuttt.

171 3606 232 3669 XX
239 3606 325 3671 XIV.
348 3608 487 3670 Proleeti
505 3607 622 3673 deinde
640 3607 680 3673 sd
695 3608 848 3691 Eunttstt,
864 3624 976 3685 uuum
994 3602 1087 3671 conli
1109 3618 1192 3667 esset

127 3704 207 3786 diis,
224 3706 314 3793 quod
331 3709 532 3788 molirentur,
553 3710 739 3777 consulunt.
752 3711 785 3776 Is
803 3709 838 3774 in
853 3708 1001 3773 habitum
1014 3705 1193 3771 raticinan-

126 3807 183 3883 tis,
199 3823 236 3870 ut
250 3825 447 3890 assueverat,
462 3810 679 3898 compositus,
687 3806 839 3899 favonios
853 3812 897 3875 ss‘s
911 3809 1004 3897 daos,
1022 3820 1054 3871 st
1069 3808 1193 3895 titcspta

126 3911 349 3973 secunclaturos
358 3959 367 3989 ,
390 3913 541 3991 canebat,
558 3912 652 3977 modo
667 3910 793 3977 nullam
806 3910 949 3975 wdendt
964 3930 1087 3975 tutorum
1097 3905 1194 3997 saca·

128 4025 215 4088 nsum
235 4011 292 4075 ssd
305 4026 379 4074 ante
393 4025 635 4100 prorumperent
644 4010 853 4103 adsuct'ttttt,
867 4032 967 4099 quam
981 4008 1106 4075 dotum
1121 4009 1164 4071 iri
1171 4030 1194 4070 a

127 4112 262 4175 domriu's
271 4120 384 4202 posset.
410 4114 589 4179 Confestim
607 4113 741 4202 rapiunt
754 4134 860 4196 mua,
877 4126 1097 4201 qun-tempas
1111 4108 1194 4174 olfe-

128 4212 233 4294 rebat,
247 4215 382 4293 juvenes
401 4237 440 4278 ex
461 4214 573 4279 eadem
589 4214 710 4281 familia
726 4212 954 4305 quadringenti
972 4236 981 4279 t
999 4230 1034 4281 st
1054 4212 1194 4279 duetore

164 4416 305 4477 sxxxu.
328 4416 403 4464 Diod.
423 4415 489 4481 apud
508 4416 589 4463 Vslcs.
599 4415 718 4465 —Arlsu
736 4414 768 4464 tls
785 4416 848 4481 lep.
861 4414 901 4477 II,
915 4428 943 4479 9.
954 4412 1195 4481 -I’ositlotuspud

133 4497 211 4545 Athen
235 4498 279 4545 lib.
291 4501 349 4549 XII.
366 4525 401 4537 -
417 4498 433 4563 S
448 4500 571 4549 XXXIII.
583 4498 658 4551 Diod.
670 4498 738 4567 tputl
747 4498 820 4551 ΡΜ
829 4498 946 4551 007&-
