2594 4980
121 708 189 790 tola
295 708 362 773 JO.
388 704 725 784 FREINSHEMII
754 700 999 770 SUPPLEM.

115 827 244 896 interim
260 827 402 916 gramine
420 823 637 903 reficerentur,
652 824 761 887 omnia
774 822 920 909 quotidie
934 822 1038 885 intuta
1051 819 1160 886 intem

117 952 181 1018 que
195 928 347 992 Romanis
362 926 529 990 efficiebat.
545 927 635 1013 Saepe
648 925 833 1014 longissime
848 925 958 987 abesse
974 919 1160 1002 creditus-,it

115 1031 308 1122 propinquis
324 1029 482 1108 arbustis,
496 1028 666 1095 valliumve
682 1027 899 1090 confractibus
918 1025 1060 1089 latitabat
1071 1048 1079 1090 :
1090 1017 1160 1087 und·

116 1135 214 1205 simul
236 1134 353 1197 alicubi
380 1133 549 1195 remissum
573 1129 695 1218 aliquid
720 1131 942 1217 neglectumve
967 1124 1160 1207 senserat,it

118 1256 242 1300 morem
252 1233 366 1320 aquilae
376 1232 564 1320 provolabat
572 1257 580 1315 3
589 1231 790 1317 damnoque,
802 1246 924 1317 quanto
936 1227 1160 1317 poterat,drtt1

116 1338 307 1427 priusquam
335 1335 561 1397 circumveniri
587 1350 712 1421 posset,
738 1334 854 1395 iterum
880 1330 1094 1394 dilabebatur.
1116 1328 1160 1394 se

117 1438 223 1519 idem,
240 1438 367 1524 quoties
381 1436 539 1523 Scipionis
557 1458 625 1499 esse
644 1435 728 1499 vices
742 1447 900 1514 senserat,
918 1454 1078 1523 nusquam
1094 1451 1160 1495 oon

116 1537 258 1628 parebat.
282 1539 313 1601 Is
338 1536 423 1599 enim
449 1558 615 1623 nunquam
638 1536 741 1615 aliter,
767 1535 827 1597 nisi
851 1535 1009 1597 instructa
1030 1533 1160 1597 reluta

115 1639 261 1729 praelium
271 1637 356 1717 acie,
371 1637 431 1699 iter
444 1636 598 1701 faciebat:
614 1635 731 1700 deinde
741 1658 842 1720 quum
853 1632 894 1699 ad
905 1655 1074 1720 campum,
1085 1652 1160 1720 quet

119 1740 325 1804 demessurus
339 1753 485 1819 venerat,
502 1737 684 1816 accessisse,
702 1751 776 1798 ante
787 1735 896 1798 omnia
908 1735 1056 1820 equitum
1070 1749 1160 1821 etgra

118 1841 166 1904 vis
183 1855 350 1903 armaturae
368 1837 468 1902 firmis
484 1839 675 1903 stationibus
699 1837 846 1926 cingebat
864 1836 974 1899 locum
991 1858 999 1898 ε
1017 1857 1092 1898 eum
1108 1832 1160 1898 rel

119 1962 186 2028 quo
205 1940 350 2029 equitatu
370 1940 437 2028 ipse
453 1940 609 2004 continuo
628 1938 739 2001 obibat
753 1959 929 2016 messores,
950 1952 983 1999 et
1001 1936 1028 1998 si
1044 1935 1115 2022 quis
1129 1954 1160 1999 u

120 2055 226 2103 cretus
240 2040 280 2102 ab
296 2039 382 2114 aliis,
399 2056 456 2103 aut
471 2056 557 2103 extra
571 2038 717 2127 praesidia
733 2055 862 2128 vagatus
876 2036 1160 2125 deprehenderem

121 2160 196 2203 eum
213 2162 321 2205 severe
337 2138 520 2228 castigabat.

164 2240 293 2305 XLVII.
315 2241 441 2305 Horum
460 2262 563 2327 quum
580 2240 742 2305 Phamaeas
758 2241 896 2304 nesciret
911 2238 1009 2318 nibil,
1023 2237 1113 2301 huuc
1127 2254 1160 2300 s«

122 2343 190 2405 lum
209 2364 247 2405 ex
264 2340 417 2404 omnibus
435 2341 569 2417 timebat
585 2341 715 2430 aggredi
733 2365 741 2405 :
762 2340 850 2429 quod
867 2341 922 2404 ubi
940 2340 973 2402 in
992 2360 1117 2403 morem
1124 2380 1140 2418 ,·
1155 2362 1160 2405 t

122 2464 161 2504 ex
179 2465 268 2505 more
291 2442 324 2502 in
348 2442 465 2503 laruam
484 2443 595 2522 vertit,
615 2441 733 2505 invidia
755 2441 894 2528 correpti
920 2441 1018 2504 ceteri
1038 2438 1160 2502 tribum

122 2565 213 2621 rum,
229 2541 432 2620 Plrmnoeam,
446 2542 484 2602 ob
502 2545 619 2605 avitum
633 2544 817 2630 hospitium,
834 2541 921 2627 quod
936 2543 967 2603 ei
980 2562 1052 2602 cum
1066 2537 1160 2626 Scipt'c

122 2643 211 2705 ntbrts
232 2654 322 2719 esset,
345 2663 367 2701 a
385 2639 560 2704 lacessendo
574 2642 749 2704 AEnziliano
767 2643 937 2718 abstinere,
960 2639 1160 2706 comminiset

122 2744 251 2808 bantur.
269 2739 330 2805 Sed
346 2742 498 2805 nimirum
514 2742 632 2806 frustra
647 2743 765 2831 premit
780 2743 931 2805 virtutem
945 2742 1082 2821 invidia,
1096 2758 1160 2828 quc

122 2842 175 2907 illa
194 2864 321 2930 semper
342 2842 391 2905 sui
412 2842 540 2922 similis,
562 2859 594 2906 et
609 2845 642 2906 in
666 2843 793 2930 quasvis
812 2844 995 2906 occasiones
1017 2858 1160 2930 prompta

124 2968 207 3032 saepe
224 2945 348 3007 invenit
363 2944 471 3034 gloriae
486 2945 613 3026 locum,
629 2944 685 3006 ubi
701 2945 769 3007 haec
785 2943 910 3007 nullum
927 2944 1052 3009 invenit
1066 2944 1160 3009 mlun

124 3048 195 3113 uite.
230 3046 334 3134 Igitur
361 3044 581 3132 nequidquam
606 3059 791 3132 oppugnata
812 3044 970 3131 Scipionis
993 3043 1078 3106 lama
1101 3061 1160 3131 apta

123 3147 275 3227 militem,
302 3146 388 3234 apud
409 3146 536 3208 hostem
564 3144 708 3231 quotidie
730 3145 826 3223 fiebat
847 3145 972 3226 clarior,
994 3166 1098 3230 quum
1120 3164 1160 3207 nc

125 3246 224 3311 modo
242 3248 308 3310 suis
323 3246 487 3329 laudibus,
504 3245 560 3309 sed
575 3245 669 3308 etiam
686 3245 771 3308 vitiis
785 3247 1008 3326 inimicorum,
1023 3264 1160 3308 commea

124 3347 265 3413 daretur.
281 3348 364 3409 Afris
380 3347 465 3410 enim
482 3347 514 3409 in
533 3347 657 3411 castella
676 3363 863 3434 turresque,
879 3369 1017 3433 quarum
1034 3370 1070 3410 ea
1086 3346 1121 3409 in
1134 3368 1160 3409 r«

122 3450 218 3539 gione
230 3471 365 3536 magnus
379 3463 446 3511 erat
459 3470 632 3529 numerus,
644 3448 924 3538 confugientibus,
937 3449 1053 3535 reliqui
1065 3447 1160 3511 tribu·

123 3548 221 3614 fidem
240 3547 359 3611 dabant
374 3571 408 3611 se
422 3546 633 3626 dedentibus,
651 3551 865 3638 fallebantque
881 3573 889 3613 :
904 3566 935 3613 at
948 3550 1056 3637 Scipio
1073 3568 1160 3637 magr

124 3651 234 3715 salutis
252 3672 363 3713 eorum
381 3672 458 3712 cura
475 3650 610 3714 domum
627 3651 740 3716 illaesos
759 3650 953 3731 deducebat3
970 3649 1059 3714 unde
1076 3664 1160 3738 post«

124 3773 223 3815 nemo
238 3773 272 3814 se
287 3751 434 3814 Romano
452 3752 621 3838 cuiquam,
640 3754 701 3820 nisi
715 3769 871 3840 praesente
886 3753 1053 3840 Scipione,
1070 3749 1160 3815 dede:

122 3851 225 3913 voluit
242 3873 250 3913 :
268 3866 392 3913 tantum
409 3852 498 3916 brevi
516 3869 660 3940 tempore
679 3871 744 3916 tam
762 3853 848 3940 apud
869 3855 970 3933 cives,
988 3876 1084 3940 quarn
1101 3872 1160 3940 apt

123 3951 249 4032 hostes,
265 3953 446 4033 virtusejus
463 3952 606 4041 fidesque
621 3956 857 4018 incrementum
875 3956 984 4043 gloriar
998 3955 1122 4018 babuit.

167 4052 313 4115 XLVIII.
332 4053 408 4116 Post
422 4054 506 4117 hane
520 4054 773 4141 expeditionem,
785 4078 888 4143 quum
905 4056 1132 4146 Carthaginem
1146 4075 1160 4119 a

160 4273 176 4336 5
195 4273 283 4319 xm.
299 4275 388 4320 Zouar.
399 4298 434 4308 -
448 4272 555 4337 Appiae.
570 4298 606 4309 -
622 4271 707 4321 Suidas
722 4274 750 4320 iu
761 4263 805 4323 da’
817 4272 922 4326 latioraa
941 4286 966 4322 et
984 4276 1010 4321 iu
1030 4258 1135 4339 Ᾰψνχος.
1147 4298 1160 4311 -

122 4358 138 4424 §
155 4360 257 4406 xnvtt.
273 4358 359 4406 Suidaa
371 4359 397 4405 ἰιι
411 4351 659 4426 διαζηλοτυποὺμινοι
672 4386 713 4399 -
723 4356 831 4424 Appian.
840 4384 875 4394 -
884 4357 958 4406 Diod.
970 4357 1036 4429 apud
1044 4357 1100 4405 Vel.
1110 4371 1133 4403 c.
1145 4362 1160 4409 t

125 4470 160 4482 -
172 4445 259 4492 aona.
273 4469 309 4481 -
320 4443 373 4493 lav.
383 4441 448 4507 Epit.
