2594 4980
142 732 212 810 582
301 735 368 801 JO.
397 732 756 801 FREINSHEMII
788 729 1042 801 SUPPLEM.

143 863 280 936 arrimos,
305 858 345 918 ab
357 857 447 945 justo
469 858 655 942 honestoque
671 851 767 917 nullu
785 866 845 916 aut
855 854 1017 940 praemt't's,
1036 869 1097 918 aut
1117 859 1222 922 trimis

142 962 297 1025 dimoveri.

187 1061 292 1124 XVll.
316 1059 375 1122 Die
395 1059 544 1144 sequenti
564 1060 598 1122 L.
612 1055 783 1146 Apuleius,
802 1056 900 1120 misso
916 1057 1057 1133 viatore,
1079 1057 1122 1141 Q
1137 1060 1218 1126 Me·

143 1163 254 1226 tellum
275 1161 397 1223 extrahi
415 1162 504 1222 curia
518 1159 630 1237 jubet:
648 1158 796 1246 appellati
813 1158 865 1221 alii
882 1158 1006 1222 tribuni
1019 1175 1144 1226 vetant.
1163 1162 1220 1231 lbi

144 1264 291 1341 Glaucia,
306 1262 467 1327 tribunitii
486 1263 603 1324 luroris
619 1260 761 1339 satelles,
775 1259 816 1324 ad
834 1262 967 1324 rusticas
986 1261 1090 1327 tribus
1107 1263 1219 1329 advo·

138 1365 183 1431 lat
195 1387 202 1428 :
203 1363 334 1450 frustra
343 1362 499 1449 perlatam
512 1363 624 1446 legem,
627 1360 757 1449 frustra
767 1385 849 1448 spem
861 1385 1012 1448 agrorum
1022 1382 1217 1452 conceptam

140 1466 298 1545 clamitat,
321 1467 350 1526 si
363 1464 508 1527 Metellus
532 1467 564 1524 iu
582 1462 662 1527 Urbe
685 1465 747 1525 sit:
764 1486 864 1549 neque
884 1486 979 1549 agros
1002 1478 1217 1552 accepturum

139 1589 328 1658 quemquam
339 1614 348 1643 ,
365 1568 393 1627 si
404 1568 458 1627 lex
471 1589 534 1626 non
548 1567 589 1627 sit
594 1588 607 1642 ;
619 1586 717 1650 neque
729 1563 904 1651 legemfore
911 1613 921 1645 ,
934 1568 963 1629 st’
973 1569 1038 1629 vt‘rn
1050 1568 1117 1655 ejus
1130 1570 1218 1635 solvi

138 1690 332 1756 equaquam
350 1672 473 1754 impune
488 1665 709 1729 contemnendo
718 1668 897 1754 patiantur.

184 1769 303 1831 XVlll.
321 1766 440 1831 Fatlem
457 1784 488 1829 et
505 1768 658 1855 Apuleius
676 1768 826 1831 inculcat.
845 1767 908 1830 Pro
922 1789 983 1830 suo
997 1768 1089 1831 lucro
1102 1770 1210 1856 quid-

137 1873 185 1934 vis
200 1872 329 1933 volente
345 1871 457 1957 vulgo,
473 1871 565 1933 facile
578 1869 614 1934 fit
629 1869 850 1958 plebiscitum,
871 1883 907 1932 ut
917 1891 960 1932 ex
974 1883 1061 1932 certa
1075 1870 1129 1933 die
1145 1871 1214 1937 Μο·

138 1971 213 2036 tello
227 1995 311 2060 aqua
329 1990 358 2035 et
372 1976 442 2057 igni
457 1974 655 2036 interdictum
668 1974 724 2050 εἰη
739 1994 836 2059 neque
850 1970 965 2034 extitde
978 1983 1055 2033 tecto
1067 1994 1140 2036 ettm
1152 1995 1213 2039 suo

137 2078 302 2164 quisquam
317 2075 447 2162 recipiat
455 2101 467 2153 ;
482 2097 611 2163 ermque
622 2096 686 2137 rem
697 2074 1002 2161 consulespmposito
1013 2071 1116 2137 edicto
1128 2096 1211 2139 con·

138 2177 280 2238 sciscant.
298 2176 562 2238 Omnium-tanta
581 2196 616 2239 re
629 2174 766 2238 turbatis
784 2174 916 2254 animis,
935 2195 1038 2259 quum
1060 2172 1213 2240 deterior

136 2297 209 2362 pars
222 2277 309 2366 vulgi
323 2277 431 2339 tollere
444 2276 610 2338 lllctellum
622 2291 770 2362 cuperet,
783 2276 861 2338 boni
876 2275 959 2338 cives
971 2272 1210 2359 defenderent3

138 2389 227 2436 atrox
249 2392 409 2439 certamen
433 2376 638 2456 imminebat,
656 2398 717 2439 nec
735 2377 796 2439 nisi
816 2375 995 2439 multorum
1015 2376 1210 2442 mortalium
1236 2392 1239 2397 '

138 2478 311 2563 sanguine,
328 2479 489 2562 l'rbisque
504 2477 604 2563 ipsius
623 2478 767 2565 periculo
782 2475 1037 2565 transigendum.

181 2578 270 2641 XIX.
298 2580 345 2640 Eo
372 2595 516 2664 tempore
540 2581 580 2659 Q.
598 2578 791 2645 Numidicus
811 2578 976 2667 egregium
994 2593 1025 2641 et
1043 2578 1155 2643 vimm
1175 2598 1210 2647 et

137 2681 239 2743 civem
256 2681 424 2766 praestitit:
442 2703 515 2742 nam
532 2702 636 2767 neque
654 2679 694 2743 de
711 2680 882 2760 sententia,
897 2702 994 2767 quam
1010 2695 1133 2743 rectam
1155 2698 1209 2745 at·

137 2804 200 2868 que
213 2781 381 2844 salutarem
397 2805 464 2844 esse
479 2781 618 2861 sciebat,
632 2780 804 2862 decedere,
821 2805 926 2868 neque
940 2783 1094 2867 cuiquam
1106 2804 1209 2849 causa

135 2883 267 2971 periculi
290 2906 357 2945 esse
379 2885 498 2962 voluit,
518 2884 627 2970 patriae
643 2884 779 2947 salutem
801 2883 924 2971 potius,
947 2906 1045 2970 quam
1062 2905 1210 2974 conspe-

135 3000 223 3047 ctum
240 2986 377 3048 retinere
400 2988 542 3071 cupiens.
564 2986 689 3049 Gratias
706 2986 805 3075 igitur
818 3007 915 3074 agens
932 2984 1076 3064 civibus,
1094 2986 1156 3072 qui
1172 3010 1209 3053 se

135 3102 261 3171 paratos
280 3085 320 3147 ad
340 3089 466 3165 omnia,
493 3086 689 3174 pugionibus
710 3087 805 3150 etiam
829 3087 980 3167 accincti,
999 3085 1208 3170 offerebant,

136 3206 235 3272 egros
258 3187 382 3248 animos
408 3187 471 3247 leni
493 3208 643 3250 sermone
669 3187 852 3251 mulcebat:
868 3184 998 3272 irfitu'tis
1019 3185 1123 3248 modis
1146 3191 1212 3253 sibi

123 3283 278 3368 ficturum
296 3287 467 3363 molestius,
486 3292 514 3348 εἰ
525 3288 584 3348 boc
597 3287 688 3350 modo
707 3289 898 3352 manendum
912 3291 944 3350 in
958 3289 1081 3350 civitate
1101 3303 1207 3354 esset.-

135 3409 231 3472 neque
241 3411 315 3449 mero
328 3411 423 3471 grave
434 3403 492 3448 utet
503 3388 670 3472 tndignttm
680 3384 804 3475 aliquid
812 3387 970 3463 accidere,
984 3384 1208 3473 siprofict'sca-

133 3502 188 3547 tur
202 3511 212 3546 .·
229 3510 305 3547 nam
322 3500 379 3549 aut
395 3505 591 3550 remeaturos
611 3511 681 3552 eum
695 3491 790 3566 cives,
806 3490 834 3550 si
850 3489 1042 3574 reticuissent
1048 3510 1061 3564 ,·
1079 3503 1159 3569 mit,
1179 3495 1211 3555 si

129 3604 298 3672 pergerent
308 3592 459 3667 insanire,
476 3591 571 3653 ubivis
584 3589 712 3668 melius,
728 3612 824 3678 quam
839 3590 901 3653 tali
910 3590 1074 3651 incivitate
1082 3636 1092 3667 ,
1095 3587 1206 3677 fistu-

133 3710 214 3751 rum.
236 3691 282 3751 lta
299 3691 483 3753 voluntario
506 3692 616 3755 exsilio
634 3691 739 3754 solunt
762 3706 908 3769 vertens,
926 3687 1086 3777 navigavit
1106 3690 1207 3756 lilto-

133 3789 230 3868 dum,
255 3792 364 3877 ibique
391 3793 545 3880 legendo,
572 3810 604 3856 et
623 3793 747 3883 magnis
772 3790 940 3856 audiendis
965 3790 1040 3854 viris
1062 3812 1205 3876 vacans,

131 3893 290 3972 frttctum,
311 3918 406 3980 quern
421 3898 486 3974 jam
505 3920 543 3959 ex
566 3894 680 3961 iisdem
702 3893 817 3961 studiis
837 3895 1026 3983 praeclarum
1048 3912 1205 3982 ceperat,

132 3995 232 4083 magis
248 3997 412 4083 magisque
430 3997 642 4061 confirmavit.

166 4223 181 4286 S
200 4228 283 4274 wll.
298 4231 359 4278 blm.
374 4233 422 4281 tn.
443 4231 479 4276 16.
496 4258 529 4266 -
550 4230 601 4278 Cic.
618 4246 665 4294 pro
677 4229 744 4279 Sext.
758 4247 779 4278 c.
794 4232 831 4277 16.
845 4230 952 4277 -vett
962 4232 1002 4288 11,
1020 4230 1060 4277 15.
1073 4256 1107 4268 —
1124 4234 1206 4286 suet.

132 4306 161 4353 tle
173 4309 224 4354 Vir.
238 4311 271 4358 itt.
284 4315 308 4367 in
321 4316 429 4361 Metello.
441 4343 473 4349 —
486 4314 547 4361 Plut.
557 4342 592 4350 -
601 4314 708 4381 Appiam
720 4313 779 4379 -S
792 4313 1109 4378 xv111.cie.prodomo‚
1122 4334 1147 4366 c.
1159 4320 1206 4369 δι.

130 4418 164 4425 -
178 4393 194 4454 S
206 4395 278 4442 xlx.
288 4398 342 4442 Val.
356 4400 422 4445 Max.
438 4401 488 4454 lli,
505 4401 528 4446 8.
540 4398 636 4446 -Clc
649 4413 696 4462 pro
707 4400 776 4447 Sexi.
791 4416 813 4448 c.
826 4407 868 4458 47,
882 4410 907 4446 et
919 4412 967 4462 pro
980 4396 1072 4455 Balbo,
1090 4415 1115 4448 e.
1127 4401 1152 4449 ⁵.
1167 4429 1203 4440 —

129 4474 191 4520 l'lcz'.
206 4506 237 4511 --
248 4481 355 4541 Appi-tn.
366 4509 399 4515 --
413 4483 475 4527 Plus.
491 4510 525 4518 —
539 4483 591 4530 Liv.
601 4482 667 4546 Epic.
679 4508 714 4519 -
723 4481 787 4530 Vell.
798 4485 826 4542 l,
843 4483 882 4530 15.
896 4506 931 4519 --
943 4480 1004 4529 Plio.
1016 4484 1052 4531 lli
1060 4516 1067 4540 ,
1084 4498 1128 4544 η.
