2594 4980
119 734 166 808 68
199 719 201 723 ’
294 733 733 804 10.rna1usnnu11
764 733 1010 801 suprema.

119 857 284 920 fortunam
297 856 364 942 ipse
374 855 435 916 alio
450 853 586 917 consilio
601 852 773 917 fefellisset.
789 852 1120 941 Primaimpressione
1130 878 1185 943 pe·

117 958 203 1047 pulit
221 959 415 1044 imparatum
432 954 583 1035 hostem5
599 969 792 1042 poteratque
806 955 982 1018 velocitatis
998 977 1064 1019 snae
1081 958 1185 1021 fructu

118 1057 276 1149 gaudere,
294 1057 320 1120 si
340 1055 381 1119 ad
401 1055 485 1119 vires
511 1054 706 1143 reparandas
729 1053 903 1144 defatigato
930 1056 1024 1120 militi
1047 1059 1184 1146 spatium

118 1160 349 1225 concessisset:
365 1156 446 1221 dum
463 1157 623 1245 fugientes
640 1154 793 1245 languide
810 1156 1035 1244 persequendo
1051 1156 1185 1222 infirmi·

117 1263 190 1327 tatis
206 1283 271 1325 suae
286 1259 457 1339 admonet,
475 1275 627 1345 corrupta
648 1273 682 1322 et
698 1255 827 1345 prodita
841 1257 975 1321 victoria
996 1273 1055 1322 est.
1074 1261 1184 1342 Quum

11 1400 20 1408 ·
81 1444 85 1453 ¹
116 1365 204 1429 enim
212 1364 420 1427 continuatus
430 1360 554 1423 itineris
567 1375 600 1423 et
610 1357 780 1448 pugnandi
794 1358 896 1439 labor,
905 1357 947 1422 ad
962 1359 1183 1447 recipiendum

116 1466 263 1553 spiritum
282 1486 372 1528 nunc
395 1463 471 1544 hos,
495 1483 584 1525 nunc
606 1461 694 1542 illos,
715 1460 966 1548 interquiescere
988 1477 1135 1549 cogeret,
1152 1461 1184 1525 in

115 1565 285 1654 dissipatos
310 1581 343 1629 et
364 1563 507 1629 defessos
532 1564 658 1651 impetu
681 1585 827 1626 reversus
850 1563 970 1643 hostis,
996 1562 1037 1626 ad
1064 1580 1185 1651 septem

115 1668 214 1733 millia
233 1669 371 1732 militum
390 1665 535 1730 obtrivit.
554 1665 687 1746 Praetor,
702 1664 893 1751 assumptis,
910 1686 993 1751 quos
1014 1665 1139 1728 circum
1153 1688 1185 1729 se

116 1769 271 1849 ltabebat,
293 1768 475 1855 equitibus,
498 1767 581 1856 fugae
606 1764 766 1839 beneficio
793 1765 892 1829 evasit
914 1766 1087 1830 Carmelim
1103 1789 1111 1830 ε
1129 1766 1184 1831 ubi

115 1872 272 1946 collectis,
291 1871 348 1958 qui
369 1869 485 1934 eodem
502 1893 541 1933 ex
556 1869 632 1957 fuga
649 1883 885 1946 convenerant,
905 1889 1009 1953 quum
1028 1868 1125 1932 etiam
1146 1868 1185 1932 de

116 1973 279 2036 sociorum
296 1971 422 2035 auxiliis
438 1971 611 2035 hominum
629 1971 727 2035 millia
746 1970 859 2059 viginti
876 1969 1051 2051 effecisset,
1068 1971 1102 2033 in
1122 1974 1185 2034 Cu·

116 2094 255 2137 neotum
269 2089 398 2160 gentem
410 2095 445 2136 se
456 2073 595 2160 recepit,
609 2071 754 2160 nihilque
768 2087 921 2161 praeterea
932 2087 1057 2135 tentare
1070 2094 1186 2151 ausus,

116 2174 292 2238 exercitum
304 2175 337 2237 in
350 2173 485 2238 hiberna
497 2173 680 2256 distribuit,
692 2173 798 2238 donec
814 2196 853 2237 ex
870 2173 1018 2237 citeriore
1032 2174 1187 2262 Hispania

116 2276 153 2340 L.
170 2275 323 2340 Lucullus
340 2275 516 2340 adveniret.

159 2376 263 2442 XXV.
274 2377 410 2441 Lucullo
424 2377 529 2458 enim,
544 2376 628 2440 sicut
642 2377 774 2438 fortuna
789 2376 986 2463 prosperior,
999 2377 1044 2440 ita
1057 2377 1131 2464 plus
1147 2376 1187 2441 ad

116 2479 258 2565 reliquos
275 2495 412 2543 conatus
432 2478 590 2558 audacie,
606 2477 678 2540 fuit.
695 2476 745 2540 Ab
763 2475 934 2539 Intercatia
950 2476 1096 2565 digresso
1114 2493 1187 2541 ten·

115 2595 183 2645 tare
193 2580 379 2644 Pallantiam
392 2580 529 2669 placuit,
539 2578 789 2641 Tarraconensis
802 2576 964 2664 Hispaniae
977 2577 1187 2642 clarissimam

115 2681 276 2745 civitatem
292 2705 300 2746 :
315 2683 424 2764 cujus,
442 2681 486 2746 ob
500 2679 758 2768 magnitudinem
775 2679 902 2767 oppidi,
919 2695 951 2743 et
968 2680 1123 2745 virtutem
1141 2680 1194 2744 ci·

115 2783 222 2864 vium,
237 2784 371 2873 insignis
384 2782 486 2864 fama,
500 2780 658 2869 plurimos
673 2781 887 2844 accolentium
904 2779 1136 2861 barbarorum,
1151 2796 1189 2843 ut

115 2883 161 2947 ibi
171 2884 355 2972 perfugium
366 2884 475 2947 salutis
484 2904 550 2945 suae
561 2897 949 2970 quaererent,attraxerat.
959 2882 1069 2962 Quare
1081 2905 1189 2970 neque

114 2983 266 3065 deerant,
284 2985 341 3071 qui
358 2982 532 3047 suaderent
545 2983 579 3045 in
597 2983 750 3063 consilio,
767 2985 875 3071 potius
900 2982 1108 3046 omittendam
1120 2980 1192 3070 fia·

115 3087 258 3148 massona
277 3086 359 3149 urbis
379 3087 664 3172 oppugnationem,
686 3107 784 3173 quam
806 3087 936 3147 ocanni
956 3099 1092 3172 tempore
1116 3109 1188 3150 cum

114 3184 250 3248 evidenti
259 3185 404 3274 perr'culo
420 3184 522 3247 cladis
540 3200 571 3250 et
586 3188 768 3271 ignominiae
784 3185 1011 3272 stupendam
1028 3208 1100 3250 esse.
1120 3187 1187 3250 Pu·

115 3299 195 3366 tant,
206 3287 369 3350 avaritiam
380 3285 543 3348 obstitisse
552 3287 706 3366 consulis,
717 3308 759 3349 ne
768 3287 960 3350 sententiam
970 3287 1066 3350 istam
1075 3310 1192 3375 seque·

115 3401 221 3469 retur,
232 3386 348 3449 urbem
362 3385 448 3448 enim
465 3384 743 3472 opulentissimam
756 3408 824 3451 esse
840 3386 1013 3453 audiverat.
1031 3389 1108 3453 Non
1126 3390 1188 3478 igi·

115 3501 170 3550 tur
180 3487 270 3576 prius
279 3485 431 3563 abcessit,
448 3507 545 3571 quarn
559 3485 591 3547 in
604 3509 734 3574 magnas
744 3486 893 3550 redactus
902 3488 1083 3575 angustias,
1096 3489 1189 3576 qnod

116 3588 161 3652 ob
178 3586 430 3676 pallantinorurn
447 3586 595 3672 equitum
616 3588 802 3674 frequentes
820 3588 1025 3651 excursiones
1043 3589 1136 3651 tenui
1152 3610 1189 3652 re

116 3688 326 3754 frumentaria
345 3686 513 3769 utebatur,
529 3711 595 3751 non
611 3687 710 3752 modo
727 3710 817 3776 spem
831 3688 994 3775 capiendae
1007 3689 1117 3771 urbis,
1129 3689 1188 3753 sed

117 3791 214 3855 etiarn
228 3787 329 3875 quieti
345 3786 485 3870 reditus,
499 3790 665 3854 amisisset.
683 3788 849 3870 Quadrato
865 3790 993 3876 agmine
1011 3789 1187 3854 abeuntem

116 3913 263 3979 carpsere
283 3890 469 3974 Pallantini,
489 3891 594 3956 donec
611 3891 652 3956 ad
674 3891 813 3954 Durium
836 3913 965 3953 amnem
990 3908 1187 3979 perventum

117 4008 186 4057 est:
201 3991 294 4072 inde,
306 3991 456 4080 digressis
470 4010 571 4058 noctu
587 3993 756 4081 Hispanis,
769 3991 884 4054 consul
900 3992 934 4054 in
951 3991 1185 4058 Turdetaniam

116 4093 295 4158 hiematum
311 4094 399 4159 abiit.

160 4194 415 4260 XXVl.lnterea
426 4198 537 4284 Rome
547 4192 695 4281 suspensi
711 4190 859 4255 omnium
875 4192 975 4255 animi
986 4214 1098 4256 rerum
1110 4192 1188 4257 afri·

152 4392 275 4458 §mu
287 4394 340 4441 nv.
349 4394 417 4459 apn.
427 4420 461 4430 -
470 4391 578 4458 Appia.
589 4417 624 4430 -
635 4392 709 4440 om.
719 4392 765 4450 ru,
775 4407 816 4439 20.
828 4416 864 4428 -
875 4377 989 4455 s'xxv.
1003 4394 1091 4458 remp.
1104 4393 1180 4452 uua.

117 4478 158 4537 u,
172 4479 196 4526 s.
206 4504 242 4515 -
256 4477 363 4542 Appnn.
