2594 4980
131 734 179 829 98
306 735 373 800 JO.
400 731 742 801 FREINSHEMII
771 731 1012 799 SUPPLEM.

129 856 253 935 ciente,
276 870 395 919 statuas
418 849 587 929 conflatas,
610 870 643 917 ct
664 872 724 940 pro
742 853 855 916 viliore
876 853 1002 917 metallo
1020 874 1122 917 aurun

127 973 296 1045 argentum
312 954 510 1035 adhibitum,
528 954 664 1042 reperio.

172 1058 321 1122 XXXVI.
340 1057 381 1119 At
401 1077 441 1118 ex
455 1054 579 1119 diversa
597 1072 687 1142 parte
709 1055 876 1137 consules,
893 1056 960 1119 sive
975 1071 1013 1121 ut
1031 1056 1122 1144 poenit

129 1161 179 1224 tiae
192 1159 331 1248 spatium
347 1154 532 1220 furentibus
549 1154 677 1238 darent,
692 1155 758 1220 sive
775 1156 890 1219 urbem
901 1155 1072 1238 inermem,
1086 1178 1122 1245 qu

127 1260 302 1348 docunque
317 1259 480 1334 libuisset,
495 1257 566 1344 capi
578 1280 673 1346 posse
689 1257 925 1338 existimantes,
937 1256 1044 1321 adhuc
1058 1280 1122 1323 cun

124 1359 359 1449 banturtquod
368 1362 456 1424 enim
463 1373 548 1424 notae
555 1375 647 1423 erant
655 1358 858 1422 necessitates
865 1358 1122 1448 Carthaginiensis

125 1482 318 1530 eventurum
335 1461 526 1542 credebant,
542 1460 632 1548 quod
647 1460 746 1542 solet,
764 1476 802 1523 ut
816 1460 873 1547 qui
887 1483 949 1549 pro
964 1461 1122 1525 atrocitate

125 1566 302 1654 plurimum
323 1562 554 1652 indignationis
573 1563 677 1626 statim
700 1578 930 1648 conceperant,
948 1584 983 1626 re
1005 1560 1122 1651 diligent

125 1689 261 1756 expensa
286 1663 327 1729 ad
351 1662 545 1751 obsequium
575 1664 692 1727 timore
721 1661 954 1727 descenderent
979 1685 988 1727 ε
1014 1684 1122 1752 praescr

125 1789 226 1855 quum
242 1766 337 1829 etiam
350 1764 543 1854 Carthagine
562 1763 751 1851 quemdam,
766 1779 803 1827 nt
819 1763 860 1827 de
876 1764 936 1827 alia
955 1787 990 1828 re
1005 1763 1122 1829 dictura

124 1866 298 1929 surrexisse
316 1865 568 1951 comperissent,
583 1866 660 1952 qui,
676 1864 716 1928 ad
729 1880 916 1953 praesentem
934 1865 1069 1931 civitatis
1082 1864 1122 1929 lor

125 1989 199 2030 nam
219 1967 364 2030 oratione
381 1964 571 2047 deflectens,
588 1970 697 2032 merati
709 1967 845 2056 populo,
862 1968 951 2058 quod
962 1991 1008 2033 ex
1024 1967 1122 2033 malin

123 2071 243 2131 nimum
253 2066 364 2154 foret,
395 2066 526 2130 dixisset
552 2066 742 2152 eligendam.
770 2068 1011 2133 Verumtamem
1035 2092 1122 2159 spes¹

124 2170 235 2250 falsos,
249 2169 345 2232 etiam
362 2168 536 2231 Masinissae
550 2168 701 2255 superbia
715 2168 810 2232 taedio
830 2185 862 2233 et
874 2169 988 2233 dolore
1000 2170 1122 2235 affecit}

122 2269 214 2335 rebat
223 2269 310 2333 enim
322 2267 435 2354 iniquo
447 2268 567 2348 animo,
579 2267 684 2354 quod,
696 2267 862 2332 vincendae
873 2270 1074 2359 Carthaginis
1082 2292 1122 2359 qn·

122 2372 190 2459 ipse
205 2393 300 2435 causa
317 2369 446 2449 fuisset,
460 2368 550 2433 victae
567 2369 698 2432 titulum
717 2370 854 2433 Romani
870 2388 1065 2459 occupatum
1077 2372 1122 2437 iba

122 2496 163 2536 ne
177 2471 327 2559 quidem,
344 2487 381 2534 ut
393 2484 486 2533 antea
498 2470 602 2533 facere
618 2486 867 2551 consueverant,
881 2493 1005 2536 recum
1017 2471 1122 2561 ipsoet

121 2574 284 2637 manicata
302 2596 310 2636 ε
323 2586 507 2659 postremo,
523 2593 626 2658 quum
641 2571 702 2635 sibi
713 2571 939 2637 debellandum
954 2572 1122 2641 Hasdnrbal

121 2676 338 2764 poposcisset,
355 2694 423 2736 non
440 2672 546 2736 fuerat
559 2673 701 2737 auditus.
721 2674 927 2763 Quapropter
944 2676 1122 2741 consulibus

118 2774 371 2865 pertentandum
387 2773 455 2853 ejus
466 2774 613 2838 animum
623 2775 739 2839 auxilia
752 2776 1012 2863 postulantibus,
1024 2780 1122 2843 muter

118 2880 180 2959 ait,
195 2879 250 2941 ubi
261 2877 469 2964 vidusetopus
480 2898 541 2939 esse
554 2900 566 2938 :
577 2898 685 2964 neque
697 2876 800 2939 multo
812 2892 887 2963 post
899 2878 986 2942 misit
997 2878 1122 2967 quesite

114 3003 163 3041 an
176 2977 286 3066 aliq1m
301 3000 334 3040 re
348 2975 532 3062 indigerent.
546 2977 720 3057 Consules,
737 2976 820 3041 elato
830 2979 914 3066 regis
925 2980 1036 3045 animo
1050 2978 1122 3047 offer

118 3094 270 3166 praeterea
293 3075 408 3158 diffisi,
431 3092 585 3162 tanquam
613 3078 713 3157 irato,
737 3078 819 3142 nihil
841 3081 1094 3168 responderunt,
1114 3086 1122 3145 i

112 3181 281 3265 petituros,
300 3199 396 3264 quum
413 3179 575 3262 eguissent.

161 3279 331 3342 XXXVll.
361 3277 403 3338 Et
432 3292 540 3339 tamen
566 3293 749 3342 commeatu
776 3302 843 3344 non
873 3280 1052 3349 admodum
1074 3304 1122 3371 arn}

119 3379 304 3458 utebantur,
321 3397 424 3463 quum
441 3391 568 3440 tantum
582 3376 780 3462 Adrumeto,
791 3396 824 3444 et
836 3382 945 3470 Lepti,
958 3400 992 3448 et
1002 3385 1122 3461 Utieatt

118 3480 306 3558 veheretur,
328 3475 523 3562 duobusque
553 3477 684 3541 obscuri
711 3483 852 3547 nominis
878 3484 1021 3573 oppidis,
1047 3468 1122 3552 Saxo

117 3580 249 3646 Acholla
268 3603 275 3642 :
293 3601 368 3641 nam
391 3593 502 3642 catera
513 3579 646 3666 quidem
666 3581 774 3646 Airita
788 3599 854 3647 tota
869 3585 1078 3653 Hasdrubalis
1094 3606 1122 3653 tt

117 3684 208 3770 isque
232 3703 281 3744 res
308 3680 498 3744 necessarias
524 3680 600 3746 inde
625 3683 772 3748 mittebat
801 3686 1039 3775 Carthaginem.
1070 3689 1122 3772 Qu

117 3784 187 3847 haec
204 3805 322 3871 paucos
341 3781 425 3844 intra
440 3780 508 3845 dies
525 3783 571 3846 sic
588 3801 677 3872 gesta
693 3784 846 3867 fuissent,
862 3787 959 3851 ambo
977 3790 1122 3855 consules

118 3886 232 3948 urbem
254 3883 406 3971 punicam
428 3881 634 3947 adduxerunt
654 3886 779 3972 copias,
799 3888 1076 3978 oppugnandique
1096 3888 1122 3953 ie

117 4004 195 4056 runt
215 3986 354 4050 initium.
377 3985 441 4049 Sed
460 4001 631 4072 antequam
652 3986 832 4052 obsidionis
855 3989 922 4068 ejus
941 4006 1012 4055 acta
1037 4008 1122 4056 narrt

117 4092 214 4153 situm
230 4088 370 4175 antiquae
387 4086 605 4175 Carthaginis,
626 4089 743 4174 qualis,
763 4111 830 4176 quo
851 4106 997 4179 tempore
1012 4108 1122 4181 oppug

151 4307 167 4371 s
177 4306 286 4353 XXXV.
302 4305 389 4351 Zonar.
402 4328 438 4339 -
449 4303 521 4350 Oros.
531 4303 577 4361 lt,
586 4316 628 4348 aa.
637 4329 673 4338 -
684 4303 764 4351 strab.
777 4304 819 4353 lib.
834 4306 924 4365 nvn,
936 4322 962 4371 p.
977 4306 1037 4356 833.
1045 4334 1083 4347 ·-
1095 4308 1122 4355 Fr

115 4394 186 4440 Strat.
202 4393 229 4447 1,
249 4405 272 4448 7.
287 4414 322 4424 -·
336 4388 402 4436 Flor.
412 4411 447 4422 -
462 4385 526 4432 Plut.
543 4384 573 4432 de
587 4385 687 4433 vitando
699 4401 746 4435 aare
761 4387 855 4450 alieno,
872 4405 925 4455 cap.
938 4390 962 4437 3.
977 4416 1012 4427 --
1026 4390 1122 4457 Appia!

113 4473 129 4537 S
143 4473 264 4522 xxxvl.
277 4494 313 4506 -
324 4470 411 4517 Zonar.
424 4494 459 4504 -·
474 4467 580 4531 Appian.
