2594 4980
127 796 172 868 58
299 799 366 865 JO.
388 797 734 866 'FREINSHEMII
766 796 1010 864 SUPPLElli

123 920 256 1010 quidem
272 918 472 983 carissimum
490 916 658 999 habuisse,
678 919 746 1005 ipse
766 917 827 980 sibi
843 916 1032 979 testimonio
1050 934 1115 999 est,
1132 923 1187 1007 qui

124 1040 276 1110 tanquam
292 1019 544 1108 prestantissimi
561 1019 661 1083 animi
675 1020 782 1083 virum
799 1018 916 1105 passim
930 1017 965 1079 in
980 1018 1106 1107 scriptis
1122 1022 1185 1086 suis

124 1123 294 1212 praedicat:
317 1139 456 1184 mortem
478 1137 586 1185 tamen
605 1121 691 1201 ejus,
715 1141 820 1207 quum
838 1141 899 1205 pro
923 1133 1036 1182 caetera
1058 1142 1186 1189 morum

123 1223 302 1289 constantia
321 1223 448 1286 fortiter
461 1222 550 1296 tulit,
568 1238 656 1303 tum,
667 1221 743 1308 quia
757 1219 970 1308 philosophiae
988 1219 1104 1285 studiis
1120 1244 1186 1287 eru·

123 1325 226 1406 dinus,
244 1323 381 1411 negabat
394 1322 539 1400 interire,
558 1323 615 1409 qui
631 1323 714 1386 mori
731 1321 896 1401 dicantur3
910 1322 1137 1409 sperabatque‚
1153 1346 1185 1389 se

122 1425 225 1490 filium
236 1425 369 1488 meliore
384 1423 513 1505 invita,
527 1424 727 1512 coetibusque
738 1425 870 1511 piorum
884 1443 952 1486 esse
968 1439 1184 1510 reperturum.

164 1530 205 1592 X.
224 1525 434 1591 Memorabile
449 1526 544 1589 etiam
560 1527 593 1588 in
605 1527 650 1589 M.
662 1524 785 1613 Lepido
794 1526 873 1600 luit,
884 1522 988 1610 quod,
998 1524 1184 1612 priusquam

125 1646 325 1709 moreretur,
343 1628 494 1716 praecepit
511 1626 601 1707 liliis,
618 1627 701 1691 lecto
721 1649 756 1690 se
776 1641 875 1689 strato
891 1626 960 1688 sine
976 1623 1102 1706 linteis,
1119 1625 1185 1688 sine

120 1755 280 1822 purpura,
293 1731 446 1793 efferrent
458 1753 465 1793 :
477 1730 510 1792 in
527 1730 688 1816 reliquum
702 1730 802 1792 funus
816 1729 912 1792 etiam
933 1726 1095 1793 modicam
1110 1750 1185 1793 con·

120 1834 205 1897 sumi
219 1831 391 1920 pecuniam
405 1831 515 1914 jussit,
527 1830 694 1910 dictitans,
709 1833 886 1918 imaginum
898 1832 995 1917 specie
1002 1879 1013 1910 ,
1027 1854 1092 1895 nort
1105 1854 1186 1895 swe-

115 1934 236 2023 ptibus,
254 1934 415 1997 nobilitari
437 1955 624 2020 magnorum
642 1935 785 1997 virorum
797 1931 925 2020 fitncra
948 1931 1056 1997 solere.
1083 1932 1185 2012 Hujus

121 2038 154 2099 in
164 2037 272 2100 locum
285 2036 320 2099 P.
329 2037 497 2101 Cornelius
509 2036 617 2124 Scipio
628 2035 744 2100 Nasica
755 2034 902 2122 pontifex
914 2035 1075 2099 maximus
1086 2036 1185 2099 lectus

119 2155 178 2203 est.
193 2140 339 2203 Aliorum
356 2138 474 2202 deinde
488 2138 705 2227 complurium
722 2138 832 2202 obitus
849 2136 1070 2202 admonebant
1082 2137 1185 2201 homi·

121 2262 195 2316 nes,
210 2239 301 2326 quod
314 2239 407 2304 initio
426 2241 519 2321 anni,
530 2262 633 2327 quum
645 2256 721 2303 ante
736 2238 838 2304 aedem
853 2239 869 2301 J
871 2238 939 2301 ovis
954 2239 987 2301 in
1001 2261 1118 2326 campo
1132 2261 1185 2302 co·

55 2427 57 2431 .
118 2343 230 2405 lumna
242 2364 318 2404 eum
332 2342 425 2430 signo
438 2357 550 2404 aurato
561 2340 696 2405 decussa
712 2357 812 2422 esset,
825 2340 1012 2427 haruspices
1029 2342 1186 2403 betericum

118 2433 363 2528 magistratuum
382 2456 413 2505 et
432 2442 627 2506 sacerdotum
644 2441 725 2530 fore
748 2441 992 2530 responderant.
1016 2441 1080 2505 Sed
1100 2457 1134 2506 et
1153 2442 1186 2505 iu

120 2543 338 2632 suspicionem
348 2544 473 2607 venisse
484 2560 646 2608 matronas
656 2544 864 2626 crediderim,
875 2544 1050 2631 antiquum
1060 2566 1115 2608 eas
1126 2566 1188 2607 sce·

120 2647 171 2709 lus
189 2645 357 2709 retulisse:
376 2668 450 2708 nam
474 2661 507 2708 et
522 2646 599 2710 olim
613 2645 726 2711 iraude
743 2646 893 2711 muliebri
912 2667 1050 2732 magnus
1066 2643 1187 2732 princi·

118 2769 199 2835 pum
215 2770 428 2811 romanorum
445 2770 600 2813 numerus
616 2747 732 2813 eodem
749 2770 835 2811 anno
850 2747 1049 2832 interceptus
1064 2743 1187 2808 fereba-

119 2864 182 2912 tur.
197 2849 293 2912 Certe
304 2848 447 2912 Publicia
458 2865 491 2912 et
507 2849 655 2931 Lacinia,
669 2850 794 2913 nobiles
808 2848 951 2927 feminas,
964 2868 1105 2933 quarum
1120 2846 1188 2910 haec

117 2949 290 3013 Claudium
305 2949 462 3028 Asellum,
474 2951 526 3012 illa
538 2953 573 3014 L.
586 2952 811 3029 Postumium,
826 2950 883 3036 qui
900 2948 996 3012 tertio
1011 2963 1087 3013 ante
1101 2970 1189 3013 anuo

117 3052 233 3117 consul
250 3052 410 3130 obiverat‚
432 3051 518 3113 viros
537 3072 614 3114 suos
630 3073 758 3114 veneno
775 3050 937 3113 necavisse
953 3049 1185 3137 arguebantur,

118 3154 248 3243 cognita
267 3175 377 3227 causa,
397 3173 500 3237 quum
520 3151 616 3213 vades
629 3151 760 3236 praetori
776 3149 957 3231 dedissent,
973 3149 1014 3213 ad
1031 3167 1188 3239 cognato·

120 3277 194 3319 rum
204 3253 364 3333 judicium
374 3252 514 3314 remissae
523 3299 532 3332 ,
542 3250 728 3339 horumque
739 3248 870 3315 decreto
883 3251 1088 3339 strangulatae
1099 3268 1186 3322 sunt.

118 3355 169 3418 Ne
179 3355 224 3418 sic
235 3352 368 3440 quidem
384 3353 458 3415 satis
474 3353 605 3440 expiatae
621 3351 846 3440 prodigiorum
863 3355 958 3417 minae
973 3352 1187 3419 videbantur:

117 3457 180 3519 nisi
191 3471 446 3533 removerentur,
458 3455 492 3516 in
505 3476 587 3540 quos
603 3455 768 3518 intentatae
779 3456 839 3518 illae
857 3455 993 3518 fuissent
1004 3477 1011 3517 :
1021 3453 1067 3519 ita
1080 3457 1189 3521 moni·

117 3559 157 3623 tis
177 3557 385 3644 haruspicum
405 3556 608 3644 magistratus
624 3580 737 3622 ornnes
753 3556 956 3625 abdicarunt.

160 3661 218 3723 xl.
236 3658 373 3721 Comitia
389 3680 448 3744 per
464 3658 659 3746 interregem
675 3659 794 3723 habita.
811 3660 848 3722 L.
865 3655 1006 3720 Licinius
1023 3657 1058 3719 L.
1070 3657 1106 3720 F.
1123 3657 1191 3721 Lu·

118 3761 238 3837 cullus,
255 3763 293 3823 A.
310 3758 498 3823 Postumius
519 3761 555 3827 Α.
577 3761 612 3824 F.
629 3761 682 3849 Sp.
703 3761 743 3826 N.
762 3760 899 3824 Albinus
926 3758 1076 3822 consules
1100 3758 1185 3824 facti.

117 3863 251 3925 Animos
270 3858 403 3940 deinde,
421 3860 471 3924 bis
487 3861 656 3926 eventibus
673 3863 799 3942 tristes,
817 3861 886 3925 aliae
904 3861 1038 3947 aliaeque
1057 3876 1186 3947 pertur-

116 3964 282 4028 bationem
302 3984 404 4026 causae
422 3985 636 4029 concussere:
656 3965 795 4028 maxima
822 3965 885 4027 fuit
906 3963 1074 4043 omniurn,
1095 3962 1189 4050 quod

118 4067 152 4128 in
168 4064 271 4127 Africa
288 4063 384 4127 simul
398 4064 617 4154 Hispaniaque
635 4089 686 4130 res
702 4088 816 4154 parurn
832 4088 893 4153 pro
911 4066 1077 4131 voluntate
1093 4087 1188 4130 sena·

152 4308 168 4374 S
189 4311 235 4357 tx.
256 4309 309 4356 Liv.
330 4309 394 4373 Epit.
413 4309 521 4357 mm
532 4320 560 4357 ct
575 4308 665 4356 mx.
682 4334 717 4343 -
730 4310 758 4355 L.
772 4308 869 4372 Ampel.
889 4335 925 4344 -
942 4307 1007 4355 Fasti
1025 4307 1133 4372 Capitol.
1151 4335 1187 4345 -

116 4395 169 4444 Cic.
182 4395 209 4440 in
220 4393 327 4447 Catone,
339 4408 393 4457 cap.
405 4393 437 4439 at
448 4404 473 4439 ct
486 4401 524 4448 14.
537 4420 572 4431 --
584 4392 706 4440 Plutarch.
719 4393 745 4439 in
758 4394 852 4442 Catone
864 4394 950 4453 major.
965 4408 987 4439 c.
1002 4394 1044 4448 48.
1065 4420 1099 4429 —
1118 4393 1134 4457 §
1151 4396 1183 4442 Χ,

116 4479 168 4525 Liv.
179 4478 245 4542 Epit.
255 4478 370 4525 vam.
380 4503 415 4512 —
424 4476 476 4525 Cic.
488 4477 515 4524 io
525 4477 626 4526 Catone.
636 4505 672 4515 --
683 4477 791 4542 Appias.
801 4476 844 4532 64.
854 4504 889 4514 -
897 4476 949 4527 Jul.
960 4476 1050 4541 Obseq.
1063 4493 1085 4526 c.
1097 4493 1138 4538 77.
1151 4508 1185 4516 -

116 4563 300 4622 Liv.v111,=1t.
311 4588 345 4597 -
355 4559 409 4607 vat.
422 4561 549 4621 blamvl,
562 4563 604 4612 38.
1081 4562 1084 4566 ’
