2594 4980
548 4 563 64 l

119 757 162 828 72
292 729 725 800 10.FRE1NSHEM11
754 726 1003 796 sunctum.

117 870 213 931 sunt,
225 854 282 942 qui
301 854 338 917 T.
347 852 519 934 Quintium
535 851 574 914 Τ.
590 852 626 914 F.
635 851 672 914 T.
689 851 730 914 N.
749 848 961 929 Flaminium,
976 847 1030 913 ts.
1043 849 1176 914 Acilium

116 957 152 1020 L.
172 959 206 1022 F.
224 959 260 1019 C.
274 955 315 1018 N.
333 953 467 1018 Balbum
492 952 658 1034 consules,
676 951 828 1040 idemque
849 952 978 1015 initium
998 952 1084 1015 tertii
1104 974 1176 1016 cunr

117 1056 226 1122 Poenis
244 1056 318 1119 belli
334 1055 448 1118 habuit
461 1077 468 1118 ε
483 1054 573 1142 quod
593 1071 631 1118 ut
655 1053 773 1118 certius
788 1069 1017 1144 cognoscatur,
1034 1053 1177 1141 quaedarn

29 1203 30 1207 =
116 1159 245 1223 illorum
260 1156 411 1221 adversus
430 1156 632 1220 Masinissam
650 1153 818 1218 referenda
837 1170 925 1244 gesta
943 1169 1035 1234 sunt3
1050 1153 1178 1241 quando

116 1262 186 1340 illa,
202 1261 310 1323 sinon
329 1281 458 1322 causam
484 1258 626 1322 romanis
651 1257 765 1339 armis,
781 1257 983 1321 occasionem
999 1273 1087 1321 certe
1104 1279 1179 1346 pre·

115 1364 268 1426 buerunt.

159 1465 280 1528 XXXI.
288 1463 455 1548 Oroscopa
464 1476 598 1524 vocatur
607 1459 890 1550 oppidum,quod,
898 1461 1071 1524 Paenorum
1079 1480 1179 1547 quum

116 1581 217 1647 esset,
233 1589 251 1628 a
272 1563 415 1628 Numida
434 1561 652 1628 obsidebatur.
670 1563 812 1627 Mittitur
832 1562 873 1626 ab
890 1562 971 1625 urbe
988 1562 1135 1649 quinque
1152 1574 1182 1623 et

115 1668 227 1758 viginti
251 1666 396 1754 peditum
421 1664 581 1746 millibus,
597 1665 761 1752 equitibus
784 1664 917 1728 urbanis
940 1661 1181 1752 quadringentis

114 1772 251 1859 stipatus
264 1767 461 1833 Hasdrubal:
471 1766 553 1831 adeo
565 1766 649 1831 felici
661 1765 874 1854 expeditionis
888 1765 1068 1854 principio,
1084 1777 1122 1827 ut
1131 1761 1182 1826 ad·

114 1870 256 1935 venienti
267 1869 375 1932 statim
386 1891 440 1932 sex
453 1868 550 1932 millia
559 1868 724 1958 regiorum
732 1867 883 1956 equiturn
893 1867 1077 1954 apraefectis
1087 1863 1183 1930 Anasi

114 1971 262 2058 lubaque
276 1969 531 2051 adducerentur,
545 1971 601 2057 qui
619 1971 663 2034 ob
684 1970 915 2034 contentiones
937 1968 1093 2056 quasdam
1110 1988 1183 2031 cum

115 2074 291 2137 Masinissae
305 2072 412 2134 liberis
424 2070 522 2136 fidem
535 2089 746 2137 mutaverant.
761 2071 857 2137 Unde
870 2072 986 2159 plenus
999 2071 1184 2133 animorum

118 2174 315 2256 Hasdrubal,
336 2175 446 2237 eastris
464 2174 599 2263 propius
620 2174 748 2238 hostem
766 2175 880 2253 motis,
902 2173 1071 2261 premebat
1087 2170 1201 2244 Masi-A

117 2277 252 2358 nissam,
268 2277 421 2340 omnibus
438 2277 539 2340 ferme
562 2276 687 2339 levibus
702 2275 837 2362 praeliis,
855 2297 927 2360 quae
943 2290 981 2337 ut
1003 2273 1089 2336 inter
1106 2271 1184 2335 vici·

117 2398 177 2440 nos
197 2377 355 2440 exercitus
376 2376 486 2440 crebra
504 2375 640 2450 fiebant,
657 2374 814 2462 superior.
834 2378 878 2438 At
902 2397 973 2458 rex,
989 2375 1186 2439 inveteratus

116 2477 192 2541 belli
206 2478 348 2556 artibus,
366 2501 405 2538 ex
417 2478 488 2562 ipso
504 2473 715 2539 incommodo
726 2497 786 2539 suo
795 2476 962 2539 victoriam
974 2475 1183 2545 moliebatur:

116 2593 271 2666 tanquam
285 2578 383 2666 igitur
397 2574 569 2639 hostilibus
582 2576 679 2637 annis
693 2577 839 2638 resistere
854 2598 920 2638 non
936 2592 1059 2663 posset,
1073 2576 1185 2640 cedere

116 2681 287 2768 paulatim,
303 2677 454 2741 simulare
478 2691 617 2757 metum,
641 2678 818 2765 castrisque
842 2700 926 2765 saepe
948 2680 1100 2761 mutatis,
1119 2680 1185 2744 aliis

117 2798 214 2869 atque
238 2782 306 2844 aliis
325 2781 404 2844 locis
423 2774 609 2860 considere3
621 2778 727 2843 donec
749 2781 782 2843 in
799 2778 922 2844 aridam
939 2781 1106 2867 planitiem
1120 2804 1188 2869 pen

118 2881 212 2946 traxit
222 2882 344 2962 hostes,
355 2879 591 2968 praeruptisque
601 2881 736 2945 collibus
749 2881 896 2968 undique
908 2883 1065 2948 cinctam:
1077 2875 1132 2946 hic
1146 2884 1188 2948 lo·

119 3001 177 3046 cus
190 3006 293 3070 quum
306 2983 416 3070 praelio
428 2983 616 3070 placuisset,
630 3000 731 3053 castra
744 2984 778 3047 in
797 2983 909 3047 eadem
927 2985 1058 3073 planitie
1078 2986 1188 3073 posuit

119 3107 194 3148 rex:
211 3084 393 3149 Hasdrubal
407 3085 441 3147 in
461 3087 621 3166 tumulos,
637 3103 674 3149 nt
691 3086 844 3167 tutiores,
859 3085 1015 3150 subduxit
1030 3088 1151 3175 copias.

163 3187 302 3250 XXXll.
318 3186 426 3251 Pridie
439 3210 535 3273 quam
548 3203 763 3274 pugnaretur,
774 3188 874 3251 missu
884 3190 920 3252 L.
934 3189 1060 3252 Luculli
1073 3188 1114 3252 ad
1123 3190 1189 3254 Ma·

120 3286 265 3350 sinissam
278 3288 314 3351 P.
327 3286 434 3374 Scipio
446 3287 639 3352 AEmilianus
650 3287 797 3368 accessit,
808 3288 996 3377 elephantos
1010 3289 1052 3355 ad
1065 3290 1187 3355 bellum

120 3387 341 3452 celtibericum
358 3389 457 3452 obeo
474 3387 645 3478 petiturus.
668 3389 751 3473 llex,
768 3389 872 3453 missis
893 3413 968 3454 cum
987 3392 1076 3455 omni
1095 3391 1188 3478 equi·

122 3502 190 3550 tatu
203 3487 288 3564 filiis,
303 3489 406 3578 excipi
424 3489 608 3553 venientem
629 3488 815 3578 jubetzquo
839 3492 947 3556 minus
969 3494 1036 3580 ipse
1060 3493 1188 3556 obviam

121 3589 397 3675 proficisceretur,
412 3613 479 3654 non
498 3607 563 3653 tam
579 3607 681 3673 astate,
692 3615 789 3679 quam
809 3595 1001 3659 imminente
1016 3618 1093 3659 mox
1110 3618 1191 3684 prae·

122 3689 182 3771 lio,
197 3691 409 3781 praepeditus,
421 3692 473 3755 cui
483 3691 566 3755 sires
579 3691 718 3783 integras
732 3696 922 3760 reservabat.
935 3696 966 3759 ls
980 3696 1067 3759 enim
1082 3694 1191 3760 adhuc

122 3791 214 3881 vigor
230 3792 517 3882 duodenonaginta
539 3816 641 3858 annos
660 3798 766 3886 agenti
791 3797 918 3880 aderat,
932 3814 970 3862 ut
989 3799 1069 3861 nihil
1093 3798 1127 3860 in
1151 3820 1191 3860 eo

124 3891 166 3954 ad
181 3891 273 3956 ducis
292 3893 411 3981 pariter
434 3894 608 3982 militisque
630 3898 780 3962 obeunda
802 3899 908 3963 officia
932 3899 1189 3964 desideraretur:

124 3994 232 4080 n'eque
245 3995 355 4057 labore
367 3995 452 4072 ullo,
470 4018 577 4083 neque
591 4000 679 4063 victu
691 3999 823 4065 duriore
837 4003 1062 4091 frangebatur:
1072 4021 1190 4088 panem

123 4095 193 4159 sine
209 4097 393 4185 pulpamine
411 4096 581 4180 mandere,
595 4100 709 4165 iisdem
733 4104 766 4166 in
782 4105 944 4193 vestigiis,
960 4103 1087 4192 quoties
1107 4099 1190 4189 opus

124 4194 306 4278 videretur,
322 4213 408 4262 totos
430 4199 497 4264 dies
517 4203 708 4289 persistere,
724 4205 840 4271 itinera
859 4208 956 4296 longa
976 4204 1117 4294 pedibus
1135 4219 1192 4271 aut

125 4320 211 4385 equo
224 4299 443 4384 continenter,
451 4305 679 4394 utrocoepisset
687 4308 801 4389 modo,
810 4331 979 4398 peragere,
990 4329 1097 4399 neque
1108 4307 1191 4372 inso·

161 4483 177 4548 5
190 4486 288 4535 xxxi.
302 4487 409 4554 Appian.
422 4490 507 4546 Punic,
