2594 4980
295 750 347 820 IN
378 749 494 818 LOC.
519 751 609 820 LIB.
637 751 741 819 LXV
772 752 986 820 LIVIANI.
1104 753 1169 838 481

112 890 200 939 erat:
215 894 358 962 quorum
373 888 406 936 et
416 870 583 961 pauciores
594 872 864 954 vulnerabantur,
879 890 925 952 et,
937 873 1026 962 quod
1038 879 1176 942 maxime

111 998 193 1064 opus
204 992 291 1057 erat,
303 975 436 1038 bostesa
448 972 556 1062 pinnis
569 973 657 1037 haud
668 973 842 1037 difficulter
851 974 1079 1042 defendebant.
1088 981 1178 1063 Dum

111 1079 156 1141 ita
175 1076 216 1141 ad
240 1100 351 1141 muros
373 1089 533 1157 certatur,
550 1076 733 1164 intentique
756 1076 904 1155 eventui,
925 1079 981 1163 qui
1001 1078 1041 1141 ad
1057 1080 1179 1145 tuenda

112 1194 214 1241 castra
240 1178 341 1243 relicti
364 1179 513 1257 fuerant,
539 1177 719 1241 custodiam
747 1178 933 1267 negligunt3
958 1179 1118 1268 Iugurtha
1139 1204 1178 1247 ex

113 1280 288 1366 improviso
309 1301 385 1343 curn
408 1279 531 1366 magnis
559 1279 661 1366 copiis
684 1280 834 1366 irrumpit
855 1303 862 1343 :
882 1282 1096 1345 'vulnerantur
1116 1305 1177 1346 cae·

115 1380 306 1469 dunturque
323 1382 526 1467 complures,
546 1397 658 1442 caetera
675 1381 771 1443 turbu
786 1381 826 1444 ad
843 1383 976 1461 urbem,
992 1383 1049 1447 ubi
1065 1382 1179 1448 Metel·

112 1483 163 1544 Ius
182 1484 366 1572 pugnabat,
386 1485 494 1570 lugam
519 1481 682 1545 intendit:
700 1504 758 1544 nec
774 1483 911 1569 amplius
929 1483 1079 1547 homines
1097 1506 1180 1572 qua·

114 1583 262 1671 draginta
280 1585 486 1663 restiterunt,
508 1604 716 1670 romanaeque
734 1584 861 1646 vIrtutis
882 1606 1057 1665 memores,
1077 1608 1180 1671 quum

114 1685 283 1748 editiorem
301 1687 400 1775 paulo
422 1686 532 1748 Iocum
555 1684 785 1773 occupassent,
800 1706 867 1748 non
884 1701 1064 1773 potuerunt.
1080 1708 1181 1777 expu-

115 1789 205 1876 gnari
223 1811 229 1851 :
247 1810 385 1876 propere
404 1788 539 1852 missum
551 1811 569 1850 a
582 1788 730 1869 Metello,
746 1787 837 1874 quod
850 1788 958 1852 aderat
972 1791 1135 1877 equitum,
1150 1806 1184 1856 et

114 1890 221 1951 statIm
239 1892 274 1954 C.
286 1890 391 1954 Mario
406 1888 490 1952 duce
507 1890 671 1952 sociorum
692 1889 859 1969 cohortes,
875 1889 1051 1954 Numidam
1070 1908 1181 1956 extur-

114 1989 234 2053 barunt
250 1992 381 2069 castris3
400 1983 528 2077 ibique,
548 1990 624 2077 quia
642 1990 760 2052 vallum
784 2004 816 2052 et
837 1992 995 2079 angustiae
1012 2009 1181 2080 portarum

115 2093 329 2156 morabantur
347 2093 474 2181 fugam,
498 2113 564 2154 non
587 2092 702 2180 exigua
722 2091 889 2179 Iugurthae
918 2091 1056 2156 militum
1080 2090 1183 2157 cades

115 2191 186 2256 fuit

159 2294 280 2358 XXVI.
298 2295 345 2358 Ita
359 2295 467 2358 neutri
480 2295 713 2384 imperatorum
729 2318 764 2359 ea
780 2296 847 2377 die,
862 2296 952 2384 quod
964 2312 1099 2361 conatus
1114 2299 1184 2363 Iue-

115 2411 182 2476 rat,
205 2396 358 2483 perficere
386 2418 597 2477 concessum3
624 2397 808 2484 urbemque
833 2397 1009 2485 Iugurtha,
1034 2398 1183 2462 Metellus

115 2514 216 2561 castra
243 2500 358 2562 tenuit.
384 2499 538 2576 Postero,
564 2497 727 2584 dispositis
756 2497 927 2585 diligenter
950 2497 1124 2577 omnibus,
1152 2512 1184 2561 et

115 2603 261 2686 equitatu
276 2624 335 2688 pro
350 2602 460 2663 rastrIs
476 2601 597 2678 locato,
611 2601 777 2661 Romanus
792 2597 833 2660 ad
847 2599 1124 2685 oppugnationem
1139 2618 1185 2661 re·

116 2701 173 2763 dit.
195 2704 302 2781 Quam
319 2701 597 2763 ubiconrnussam
615 2720 685 2762 esse
702 2718 739 2760 ex
760 2698 901 2760 clamore
918 2712 950 2759 et
967 2698 1112 2761 tumultu
1128 2720 1185 2761 rex

116 2802 291 2887 cognovit,
309 2801 415 2863 subita
433 2801 552 2862 iterum
573 2798 786 2886 impressione
807 2797 928 2883 primos
944 2820 1095 2885 quosque
1111 2814 1183 2862 tur·
1246 2787 1251 2795 ¹

117 2901 170 2961 bat
189 2924 196 2962 :
215 2901 414 2963 subveniunt
432 2900 500 2978 alii,
518 2920 624 2984 neque
634 2897 748 2984 procul
762 2897 863 2959 muris
877 2913 1026 2983 equestre
1037 2897 1185 2985 praelium

117 3001 313 3081 conseritur,
328 3000 460 3088 ancipiti
472 3000 590 3078 Marte,
608 2999 684 3084 quia
698 2996 872 3079 Numidas,
888 3018 930 3060 ne
946 3020 1006 3060 suo
1021 3021 1112 3062 more
1126 3016 1185 3064 sta·

117 3103 175 3164 tim
194 3119 282 3191 terga
298 3102 428 3182 darent,
443 3099 606 3190 peditibus
623 3099 816 3162 intermixtis
835 3120 890 3162 rex
904 3097 1092 3164 firmaverat.
1109 3102 1186 3166 Haec

117 3204 225 3267 omnia
240 3228 342 3292 quum
361 3205 394 3268 in
414 3217 591 3291 conspectu
601 3198 841 3287 oppidanorum
855 3200 983 3277 fierent,
1001 3201 1187 3286 eveniebat,

118 3323 155 3368 ut
167 3307 356 3395 ubicunque
375 3327 514 3368 vacuum
533 3326 550 3366 a
566 3302 710 3391 periculo
725 3316 854 3390 tempus
871 3301 956 3364 nacti
971 3318 1098 3384 essent,
1113 3324 1184 3367 eam

117 3408 149 3467 in
170 3424 293 3493 partem
311 3430 424 3472 omnes
442 3429 476 3469 se
494 3416 731 3468 converterent.

162 3508 297 3572 XXVII.
318 3511 356 3587 C,
364 3509 501 3588 Marius,
511 3523 683 3595 postquam
699 3527 738 3567 ex
750 3506 900 3585 vocibus,
911 3520 943 3567 et
958 3520 1057 3586 nutu,
1073 3518 1105 3568 et
1116 3506 1185 3595 agi·

118 3607 239 3670 tatione
256 3630 446 3696 corporum,
466 3625 538 3673 toto
560 3609 669 3671 animo
693 3607 726 3667 in
747 3604 779 3668 id
799 3605 1019 3693 spectaculum
1044 3607 1185 3672 intentos

119 3730 187 3770 esse
199 3710 386 3794 apparebat,
405 3711 555 3774 consulto
570 3709 693 3772 remisit
712 3724 871 3794 pugnarn,
890 3707 980 3792 quasi
996 3706 1187 3771 difficultate·

119 3810 237 3896 incepti
256 3809 427 3873 deterritus
444 3835 451 3874 :
469 3810 588 3874 deinde
601 3811 662 3873 illis
677 3808 786 3871 studio
799 3806 981 3894 spectandi,
994 3824 1027 3870 et
1038 3830 1115 3870 cura
1129 3830 1187 3896 po·

118 3909 280 3998 pularium
298 3912 530 3998 pugnantium,
546 3913 595 3974 sui
611 3908 745 3998 periculi
759 3909 884 3988 oblitis,
899 3908 1009 3971 subito
1021 3930 1137 3996 magna
1153 3906 1187 3970 ti

118 4010 343 4098 suggreditur;
366 4033 471 4097 neque
497 4012 636 4073 multum
660 4010 780 4088 abI'uit,
798 4010 894 4095 quin,
918 4008 1009 4072 scalis
1028 4008 1185 4090 admotis,

118 4115 306 4200 priusquam
324 4112 619 4175 animadverterent
639 4110 779 4188 obsessi,
798 4109 888 4179 miles
910 4110 943 4172 in
962 4132 1092 4172 murum
1115 4110 1187 4172 eni·

119 4235 241 4281 teretur
258 4244 265 4283 :
284 4220 431 4307 repulsus
448 4235 556 4281 tamam
573 4233 638 4296 est,
656 4231 688 4280 et
702 4216 778 4302 quia
793 4238 858 4280 nox
869 4215 934 4296 jam
953 4215 1079 4297 aderat,
1093 4216 1186 4303 quies

117 4319 286 4406 pugnandi
302 4320 380 4383 locis
397 4318 550 4383 omnibus
567 4319 659 4383 facta.
672 4316 813 4398 Consul,
831 4316 1011 4402 intellecto,
1023 4317 1142 4382 frustra
1152 4338 1188 4383 se

155 4498 170 4561 §
185 4502 268 4550 XXV.
284 4505 361 4567 Agett.
376 4507 430 4559 tx.
448 4519 468 4551 t.
483 4529 518 4540 -·
531 4502 627 4551 sallust.

222 4601 282 4665 IX.
976 4596 1014 4667 31
