2594 4980
148 752 216 839 334
320 758 388 824 JO.
416 757 754 827 FREINSHEMll
783 759 1029 829 SUPPLEM.

145 897 214 938 rem
238 876 278 963 de
301 898 353 958 se,
380 899 477 963 quam
503 899 629 964 sperare
653 879 823 967 quisquam
847 880 1021 968 potuisset,
1043 879 1212 945 victoriam

143 977 338 1143 prlrlilllam
354 1103 393 1144 ex
409 1081 585 1167 improviso
601 1081 717 1146 consul
729 1103 804 1145 eum
820 1081 972 1163 adortus,
989 1082 1057 1146 acie
1072 1082 1211 1160 rictum,

146 1182 351 1270 exercituque
369 1182 459 1244 omni
477 1197 646 1262 exsutum,
669 1182 745 1271 luga
767 1205 801 1246 se
817 1183 857 1247 ab
879 1184 1012 1247 instanti
1033 1184 1129 1248 exitio
1147 1185 1209 1248 eri·

143 1304 219 1369 pere
241 1283 356 1371 coegit.
381 1283 433 1345 Sic
458 1283 610 1346 eflectum
634 1299 701 1365 est,
731 1299 768 1347 ut
785 1299 893 1348 ortum
918 1285 952 1348 in
970 1285 1057 1349 Urbe
1077 1301 1211 1374 propter

142 1381 307 1447 adversam
323 1406 465 1473 pugnam
480 1385 626 1464 luctum,
641 1385 707 1447 cito
724 1387 807 1449 lama
820 1386 962 1450 victoriae
978 1387 1209 1454 consolaretur.

145 1485 475 1573 Utriusque-eventus
490 1486 640 1576 praesagia
659 1485 814 1552 divinitus
833 1504 961 1551 ostensa
976 1487 1073 1551 luisse
1090 1504 1210 1575 putan·
1228 1486 1235 1498 ’

143 1602 206 1650 tur.
224 1588 334 1674 Lupus
351 1604 382 1651 et
402 1589 489 1651 canis
511 1611 614 1676 quum
637 1588 723 1653 inter
738 1611 772 1653 se
789 1605 970 1679 pugnarent
987 1589 1208 1670 Hostiae',.ful·
1264 1582 1269 1591 ¹

144 1689 231 1751 mine
251 1689 420 1752 exanimati
444 1689 595 1753 suerent:
619 1713 685 1777 quo
706 1689 827 1755 ducum
852 1691 1022 1779 utriusque
1043 1691 1141 1779 partis
1156 1691 1208 1755 in·

143 1790 256 1853 teritus
270 1789 358 1853 baud
375 1791 513 1854 obscure
531 1790 727 1880 significatus
740 1792 920 1859 videbatur.

187 1891 255 1954 LII.
275 1892 357 1955 Nam
376 1893 513 1954 Cumani
533 1893 692 1980 Apollinis
705 1915 763 1982 per
779 1893 988 1981 quatriduum
1001 1890 1113 1974 fletus,
1126 1894 1209 1958 Asiae

144 1995 339 2081 Graeciaeque,
358 2016 424 2057 suae
443 1992 585 2058 timentis
605 2017 692 2075 esse,
713 2010 824 2058 vatum
843 1995 1049 2083 interpretata
1068 1994 1209 2059 sollertia

144 2111 215 2160 est:
239 2095 365 2159 dierum
386 2096 480 2158 etiam
501 2118 638 2160 numero
656 2094 929 2183 respondentibus
954 2097 1067 2177 annis,
1090 2095 1210 2183 quibus

144 2197 266 2261 bellum
282 2196 420 2261 duravit.
438 2199 610 2260 Terruerat
625 2198 666 2261 ab
679 2198 773 2262 initio
788 2198 973 2287 prodigium
989 2199 1052 2262 boc
1066 2198 1210 2286 haruspi-

144 2324 213 2381 ces,
229 2324 408 2387 eorumque
427 2301 554 2363 monitu
573 2301 676 2389 frangi
691 2300 913 2380 simulacrum,
929 2316 961 2363 et
978 2300 1010 2363 in
1031 2321 1118 2363 mare
1134 2321 1209 2386 pro·

140 2395 212 2482 jici,
236 2418 365 2464 senatus
381 2401 529 2479 jusserat.
553 2399 616 2464 Sed
634 2401 772 2465 Cumani
790 2423 883 2466 senes
903 2400 1105 2482 docuerunt,
1123 2400 1207 2464 bello

141 2503 284 2589 persico,
305 2503 447 2588 itcmque
469 2502 639 2582 Antiochi,
659 2523 850 2589 prosperum
871 2501 905 2566 id
925 2502 1077 2566 Romanis
1097 2518 1208 2565 osten·

143 2617 213 2666 tum
237 2605 346 2666 fuisse.
368 2604 488 2691 Igitur,
510 2625 544 2665 re
565 2603 682 2666 iterum
703 2601 744 2666 ad
762 2602 947 2690 haruspices
966 2603 1081 2682 relata,
1104 2624 1207 2689 quum

141 2705 232 2768 acciti
258 2704 463 2790 consultique
484 2704 668 2791 peritissimi
693 2703 814 2791 quique
836 2704 990 2784 fuissent,
1014 2725 1206 2791 responsum

142 2824 209 2886 est,
224 2807 310 2894 quod
324 2807 504 2870 Graecorum
518 2803 642 2868 colonio
657 2804 764 2870 Cumoe
776 2818 867 2883 esset,
885 2803 1063 2892 Apollinem
1071 2802 1208 2891 ploran-

140 2922 201 2970 tem
218 2908 305 2970 niolo
323 2912 430 2987 terris,
451 2909 533 2971 unde
555 2922 631 2971 esset
648 2907 810 2987 advectus,
824 2907 1019 2996 portendere.
1040 2906 1132 2970 Sacri
1153 2907 1208 2969 ciis

140 3015 236 3101 igitur
245 3013 375 3100 placari
385 3036 455 3075 eum
471 3029 625 3101 oportere,
642 3013 788 3101 donaque
803 3014 835 3076 in
849 3012 947 3076 oedern
963 3011 1027 3102 ejus
1043 3008 1207 3074 mittenda.

183 3115 268 3177 Llll.
297 3119 420 3177 Census
444 3114 559 3177 eodem
583 3136 669 3177 auno
688 3129 779 3177 actus
799 3128 863 3193 est,
881 3112 1084 3199 lustrumque
1100 3108 1207 3174 unde·

141 3217 372 3303 sexagesimum
391 3214 570 3276 conditum.
594 3215 698 3277 Censa
717 3229 794 3276 sunt
810 3212 928 3276 civium
945 3212 1049 3299 capita
1062 3224 1207 3274 trecenta

141 3316 295 3379 tredecim
315 3316 432 3393 millia,
452 3315 636 3401 octingenta
654 3314 767 3401 viginti
790 3313 865 3395 tria,
886 3328 1001 3400 praeter
1015 3310 1156 3401 pupillos
1174 3323 1208 3373 et

140 3415 263 3479 viduas.
288 3417 329 3495 Q.
359 3414 506 3477 Metellus
530 3437 647 3478 censor
671 3415 815 3490 censuit,
842 3430 879 3479 ut
899 3437 1003 3478 omnes
1026 3425 1209 3499 cogerentur

139 3517 251 3580 ducere
276 3538 390 3580 uxores
416 3516 581 3579 liberorum
602 3537 709 3580 causa.
735 3517 845 3581 Exstat
871 3516 974 3579 oratio
995 3515 1082 3595 ejus,
1107 3534 1207 3600 quam

140 3621 306 3704 Augustus
330 3619 454 3696 Caesar,
481 3638 583 3702 quum
610 3614 650 3679 de
675 3616 862 3681 maritandis
886 3615 1055 3681 ordinibus
1078 3630 1206 3704 ageret,

141 3717 230 3779 velut
247 3717 280 3778 in
299 3717 367 3779 baec
386 3732 532 3804 tempora
548 3716 717 3805 scriptam,
734 3718 766 3781 in
781 3734 896 3781 senatu
911 3717 1072 3796 recitavit,
1095 3731 1128 3779 et
1148 3735 1208 3803 per

140 3815 282 3880 edictum
305 3834 413 3879 notam
432 3818 553 3905 populo
575 3818 657 3882 lecit.
680 3818 832 3883 Senatum
852 3841 985 3906 quoque
1004 3838 1154 3880 censores
1171 3817 1208 3881 bi

140 3920 310 4008 legerunt:
332 3942 499 4005 quumque
516 3919 548 3980 in
565 3916 703 4007 legendo
720 3934 832 3982 senatu
849 3919 1026 4005 praeteritus
1043 3940 1061 3980 a
1075 3917 1208 3981 Metello

141 4019 175 4082 C.
186 4020 314 4083 Atinius
326 4018 431 4080 Labeo
442 4022 562 4099 fuisset,
571 4017 661 4106 quod
671 4018 821 4082 tribunus
833 4017 936 4105 plebis
948 4033 1046 4098 esset,
1060 4018 1208 4082 maximio

142 4137 249 4184 sunta
263 4121 412 4183 Labeone
427 4120 528 4183 turbae
541 4122 689 4184 excitatae.

179 4323 193 4386 S
206 4327 244 4371 Ll.
257 4326 307 4373 Jul.
320 4325 410 4386 Obseq.
422 4340 475 4387 cop.
487 4325 528 4383 87.
543 4349 578 4359 -
596 4323 611 4388 §
623 4323 798 4374 1.11.t‘lor.tt.
813 4324 837 4371 8.
847 4321 939 4369 -Jut
948 4320 1039 4382 Obseq.
1049 4346 1084 4356 —-
1095 4320 1208 4384 Appim.

144 4432 178 4441 -—
192 4408 265 4454 Diod.
276 4426 315 4471 ap.
324 4409 404 4455 Valcs.
415 4434 448 4443 -
463 4410 566 4468 August.
584 4407 614 4455 de
626 4408 681 4457 Gir.
695 4407 753 4463 Dei,
767 4408 821 4463 111,
836 4420 874 4452 rr.
892 4430 925 4440 -
939 4403 955 4467 s
969 4405 1034 4451 LIII.
1048 4403 1098 4451 Jul.
1112 4403 1209 4468 Obseq.

146 4492 253 4537 -Fasti
267 4491 347 4553 Capit.
360 4516 394 4526 --
409 4491 461 4537 Liv.
475 4490 541 4552 Epir.
552 4516 585 4526 -
596 4490 677 4552 Agell.
688 4490 711 4549 1,
722 4489 747 4536 6.
761 4513 796 4526 -
809 4491 909 4536 sueton.
918 4488 982 4549 Aug.
991 4501 1044 4551 cap.
1054 4488 1096 4550 89.
