2594 4980
163 769 231 864 578
328 770 395 835 io.
424 767 760 834 restauratur
790 766 1035 834 suessan.

161 895 292 970 sissent,
310 890 428 951 territis
448 887 611 965 judicibus
631 886 750 949 lactum
769 902 835 967 est,
852 901 890 949 ut
904 903 1020 974 praeter
1034 887 1237 975 opinionem

161 994 307 1056 omnium
327 989 480 1076 Apuleius
497 987 728 1051 absolveretur.

204 1092 242 1154 V.
261 1091 365 1180 Igitur
381 1089 528 1152 vindictae
542 1090 650 1152 locum
664 1109 828 1174 quaerens,
841 1110 944 1175 quum
961 1111 980 1150 a
993 1088 1130 1154 Glaucia
1146 1114 1237 1179 prae·

162 1211 247 1271 tore,
266 1192 320 1254 illo
337 1213 470 1278 quoque
486 1211 596 1276 parem
612 1189 656 1253 ob
674 1210 804 1253 eausam
820 1190 954 1253 inimico
966 1190 1106 1273 Metelli,
1126 1196 1238 1258 comi·

161 1295 203 1355 tia
219 1292 386 1355 tribunitia
404 1291 618 1372 haberentur,
636 1289 890 1355 candidatumse
902 1292 1053 1357 ostendit.
1067 1294 1146 1358 Non
1162 1306 1235 1361 erat

160 1395 355 1472 obscurum,
381 1416 478 1479 quam
506 1393 539 1455 id
562 1393 732 1457 inimicum
759 1392 995 1481 adversumque
1020 1395 1174 1461 Patribus
1200 1412 1237 1462 et

160 1496 262 1582 quieti
285 1496 419 1556 civitatis
447 1511 553 1556 esset:
572 1494 683 1580 itaque
700 1515 865 1557 consensu
891 1493 1081 1576 hominum,
1104 1496 1236 1583 quibus

160 1598 265 1682 aliqua
284 1596 469 1658 alterutrius
489 1616 602 1656 eorum
623 1615 701 1656 cure
717 1609 800 1674 erat,
818 1593 989 1675 effectum,
1007 1608 1063 1672 ut,
1087 1616 1129 1658 eo
1145 1618 1236 1684 prse-

160 1698 273 1775 terito,
290 1716 406 1757 novem
421 1695 534 1781 utique
550 1693 673 1756 tribuni
694 1694 942 1783 designarentur
959 1717 966 1757 :
984 1710 1075 1758 tanto
1089 1695 1144 1759 ille
1163 1698 1234 1761 im·

160 1796 326 1885 potentius
343 1811 501 1884 satagere,
520 1811 558 1858 ut
573 1795 624 1857 vel
645 1810 789 1858 extremo
807 1795 879 1858 loco
902 1794 1144 1861 adhaerescere.
1163 1799 1235 1863 Sed

161 1899 357 1985 competitor
375 1900 411 1960 Α.
427 1897 457 1960 N
459 1898 575 1979 onius,
594 1897 644 1958 vir
658 1895 811 1985 insignis,
828 1897 948 1984 pariter
961 1898 994 1959 in
1007 1897 1112 1985 ipsum
1128 1912 1236 1987 atque

161 1999 326 2063 Glauciam
345 1998 444 2060 libera
466 1998 676 2062 contentione
694 1997 859 2078 invectus,
877 2015 914 2061 ut
937 1997 1066 2085 repulso
1086 1999 1234 2086 Apuleio

162 2101 230 2186 ipse
245 2099 487 2187 designaretur,
507 2099 658 2163 obtinuit.

207 2202 261 2264 Vl.
284 2201 384 2281 Quod
400 2202 456 2264 ubi
477 2201 615 2282 factum,
632 2216 664 2264 et
679 2200 786 2263 virum
804 2223 928 2280 acrem,
949 2200 1118 2264 tribunitia
1135 2218 1234 2289 pote·

164 2317 242 2366 state
257 2303 448 2382 suffultum,
465 2301 614 2365 homines
628 2301 751 2365 scelesti
765 2301 961 2381 timuerunt3
976 2302 1125 2390 protinus
1142 2304 1234 2368 solu·

163 2406 202 2466 tis
228 2404 384 2482 comitiis,
408 2403 520 2489 populi
543 2403 671 2482 faecem,
689 2416 722 2465 et
744 2401 785 2466 de
811 2403 848 2465 C.
868 2403 960 2465 Marii
986 2401 1144 2466 militibus
1170 2402 1231 2467 ali·

164 2505 383 2593 quammultos
402 2506 605 2566 immiserunt
624 2526 631 2566 :
651 2526 667 2566 a
684 2502 803 2593 quibus
823 2503 856 2564 in
876 2523 1035 2590 caupona,
1055 2525 1124 2589 quo
1142 2502 1232 2567 forte

163 2605 308 2693 trepidus
329 2607 538 2691 confugerat,
558 2608 727 2669 confossus
751 2620 809 2667 est.
829 2602 866 2666 ld
885 2604 1009 2666 facinus
1028 2625 1134 2691 quum
1152 2627 1231 2669 om·

165 2709 260 2770 nibus
277 2708 376 2793 aequis
390 2723 487 2793 atque
499 2707 618 2794 iniquis
630 2728 769 2786 saevum,
786 2720 894 2785 atrox,
911 2727 1017 2792 neque
1027 2722 1142 2769 contra
1153 2729 1231 2772 mo·

165 2831 215 2870 res
239 2825 381 2887 tantum,
403 2807 459 2871 sed
484 2808 579 2870 etiam
603 2823 716 2872 contra
738 2808 917 2871 libertatem
939 2806 1057 2888 videri,
1075 2824 1230 2874 auctores

164 2911 232 2988 ejus
263 2910 496 2998 intelligerent,
524 2932 654 2998 operam
688 2910 776 2973 enise
803 2908 981 2990 dederunt,
1005 2924 1042 2971 ut
1068 2910 1230 2997 postridie

164 3033 293 3073 summo
311 3032 405 3073 mane
419 3034 476 3098 per
493 3010 741 3097 infrequentiam
763 3011 798 3073 L.
814 3010 967 3097 Apuleius
986 3009 1141 3073 tribunus
1160 3011 1231 3099 ple·

165 3112 214 3174 bis
234 3112 332 3175 lieret.

209 3215 278 3277 Vll.
304 3215 355 3276 Sic
380 3236 475 3275 nemo
500 3211 540 3274 de
557 3211 656 3275 Nonii
678 3212 812 3302 indigno
836 3212 970 3277 interitu
991 3212 1084 3299 queri
1106 3234 1231 3277 ausus:

156 3314 342 3400 eademque
370 3329 531 3400 potestas,
558 3336 630 3399 quse
653 3312 818 3376 innocenti
845 3329 959 3376 contra
983 3313 1048 3375 vim
1074 3311 1232 3391 injustam

163 3416 282 3478 auxilio
299 3436 367 3476 esse
389 3437 453 3474 non
474 3415 597 3501 potuit,
613 3412 801 3477 facinorosis
818 3413 970 3477 adversus
988 3410 1167 3475 vindictam
1184 3413 1233 3477 le-

165 3538 242 3601 gum
260 3514 407 3600 praesidio
423 3517 493 3578 luit.
510 3515 623 3601 Neque
636 3514 741 3578 multo
755 3513 943 3576 melioribus
962 3512 1105 3592 artibus,
1123 3534 1232 3600 quum

165 3614 281 3678 deinde
308 3617 487 3679 consularia
512 3617 639 3679 comitia
662 3616 876 3696 haberentur,
901 3619 936 3679 C.
953 3613 1075 3678 Marius
1099 3631 1232 3679 sextum

164 3715 349 3806 designatus
376 3737 434 3782 est.
466 3722 540 3800 Quo
566 3718 652 3780 enim
680 3719 721 3801 Q.
743 3716 954 3781 Numidicum
964 3702 979 3797 ,¹
999 3716 1055 3803 qui
1080 3737 1171 3779 uuus
1195 3739 1234 3781 ea

165 3834 353 3906 tempestate
379 3821 536 3882 nobilium
559 3840 747 3906 recuperare
770 3820 858 3881 velut
881 3818 1099 3903 mancipatum
1123 3816 1234 3882 Mario

164 3917 368 3979 consulatum
395 3942 487 4004 posse
511 3918 700 3998 videbatur,
724 3918 781 3981 illo
805 3918 932 3981 honore
955 3917 1149 4005 depelleret,
1173 3940 1235 4007 per

165 4017 268 4079 tribus
288 4016 387 4079 divisa
410 4021 562 4107 pecunia,
587 4020 655 4107 ipse
677 4040 752 4082 curn
769 4018 804 4082 L.
816 4018 943 4081 Valerio
964 4017 1079 4080 Flacco
1101 4038 1233 4082 renuu-

167 4132 260 4177 tratus
278 4132 334 4179 est.

198 4338 258 4401 SV.
274 4345 378 4406 Appian.
392 4347 444 4392 Cis.
461 4347 503 4391 lib.
519 4349 539 4392 1.
554 4346 650 4394 -vu
665 4347 733 4395 Max.
754 4350 804 4405 IX,
821 4364 844 4407 7.
862 4373 897 4385 —·
912 4348 984 4396 Oros.
993 4349 1026 4407 V,
1040 4363 1081 4409 ¹7·
1105 4376 1141 4387 -
1158 4351 1236 4417 SVI.

166 4423 182 4465 F
183 4421 227 4469 lor.
242 4425 290 4481 ΙΙΙ,
308 4428 344 4473 rb.
358 4456 391 4463 --
405 4428 456 4474 Val.
472 4430 539 4476 Max.
552 4456 586 4464 -
598 4429 651 4476 Lir.
663 4430 728 4494 Epit.
742 4458 776 4465 —
785 4431 892 4494 Appien.
902 4458 937 4467 -
947 4432 1021 4479 duct.
1033 4430 1065 4479 de
1073 4430 1129 4480 Vir.
1141 4433 1236 4487 illustr.

165 4522 215 4566 rap.
230 4510 269 4565 76.
285 4540 304 4544 -·
332 4512 454 4556 riusa-cs.
470 4514 493 4557 in
509 4515 570 4559 Mar.
585 4528 637 4574 rap.
653 4519 694 4571 47.
713 4540 743 4549 -
754 4512 770 4575 s
782 4515 838 4559 vlt.
850 4514 881 4562 U.
894 4514 924 4562 C.
940 4515 1007 4571 6523
1024 4515 1055 4561 Α.
1070 4514 1100 4564 C.
1119 4531 1179 4565 roo.
