2594 4980
324 732 378 799 ΙΝ
408 730 522 797 LOC.
550 729 642 798 LIB.
671 728 737 797 LX
768 727 983 799 LIVIANI.
1121 727 1190 827 373

166 850 295 914 LXXV.
314 851 352 912 ln
371 851 440 937 ipsa
457 850 564 915 Africa
579 865 721 938 coeptum
741 870 824 936 opus
841 847 989 937 prodigia
1006 850 1190 919 turbabant.

122 951 205 1014 Nam
228 969 260 1016 et
281 951 387 1015 valido
409 953 551 1040 spirante
567 968 686 1033 vento,
700 974 804 1038 quum
823 951 957 1040 signifer
980 975 1107 1017 summa
1128 976 1203 1044 ope.

123 1055 252 1141 signum
270 1054 439 1134 retineret,
455 1055 657 1117 confractum
672 1069 734 1132 est3
752 1070 784 1116 et
798 1054 952 1134 victimae,
967 1056 1115 1141 quae‘aris
1129 1057 1191 1121 im·

124 1156 235 1242 positae
254 1172 359 1236 erant,
377 1155 492 1220 eodem
504 1156 644 1236 xturbine
668 1172 775 1243 raptoe.
800 1155 914 1218 Sedet
935 1156 968 1219 in
986 1157 1068 1221 urbe
1086 1158 1191 1222 dime-

124 1255 232 1321 tienda
248 1256 370 1320 defixos
386 1258 526 1346 stipites,
544 1258 600 1344 qui
618 1256 832 1321 terminorum
846 1255 970 1320 indices
984 1273 1109 1338 essent,
1122 1259 1192 1346 lupi
1231 1295 1234 1299 ν

125 1374 226 1420 noctu
249 1359 456 1440 evulserunt,
484 1381 697 1445 corrososque
722 1358 820 1446 longe
846 1379 865 1420 a
890 1357 988 1437 loeis,
1014 1356 1070 1421 ubi
1094 1358 1192 1445 positi

124 1458 268 1538 fuerant,
286 1459 532 1523 transtulerunt.
549 1461 631 1541 Quae
642 1459 791 1523 nuntiata
801 1459 959 1538 Romam,
974 1482 1077 1546 quum
1090 1481 1193 1548 augu-

125 1558 214 1621 ribus
230 1558 318 1622 haud
335 1560 474 1623 obscura
491 1561 671 1624 vetantium
691 1560 864 1623 numinum
883 1561 975 1649 signa
986 1560 1192 1641 viderentur,

125 1677 299 1724 moverunt
313 1662 439 1743 Patres,
452 1677 490 1724 ut
507 1684 543 1725 ea
561 1661 603 1726 de
619 1662 747 1736 colonia
762 1662 881 1725 iterum
899 1661 1105 1724 referendum
1123 1682 1192 1726 esse

124 1762 367 1836 arbitrarentur.
389 1765 430 1826 Et
453 1780 544 1827 erant
566 1764 695 1828 ob‘alia
719 1784 853 1850 quoque
875 1763 1022 1826 nuntiata
1047 1761 1194 1853 prodigia

126 1864 264 1951 trepidi:
282 1867 403 1931 vitulus
421 1867 514 1955 bipes
529 1883 624 1930 natus
643 1867 767 1946 fuerat3
791 1882 823 1929 et
840 1866 872 1929 in
892 1863 992 1928 Galba
1010 1881 1074 1928 tres
1091 1864 1205 1946 soles,=

126 1964 327 2052 totidemque
347 1967 433 2031 lunae
455 1969 514 2030 risi
537 1966 776 2056 :androgynus
801 1967 897 2031 etiam
921 1990 961 2031 ex
984 1966 1193 2054 haruspicum

126 2087 281 2152 responso
301 2068 334 2129 in
352 2091 440 2132 mare
456 2068 645 2158 deportatus
660 2084 717 2133 est
911 2147 914 2152 ,

169 2166 314 2231 Lxxvt.
339 2170 378 2231 At
404 2170 564 2233 triumviri
590 2170 692 2234 nihilo
716 2171 848 2260 segnius
871 2170 1017 2257 perfecto
1042 2169 1195 2258 negotio,

127 2266 318 2355 coloniaque
329 2269 469 2335 Iunonia
481 2273 652 2360 appellata,
665 2271 755 2360 quod
769 2273 802 2334 in
818 2274 887 2354 ejus
903 2271 984 2335 divae
1000 2273 1100 2336 tutela
1116 2270 1196 2335 anti·

127 2367 237 2452 quitus
254 2370 413 2460 Carthago
432 2372 556 2452 fuerat,
580 2374 663 2436 intra
679 2373 766 2437 diem
782 2374 1057 2462 septuagesimum
1073 2372 1195 2437 consti·

127 2469 219 2548 tutis,
237 2493 309 2556 quae
325 2495 403 2535 usus
420 2473 654 2560 postulaverat,
667 2475 803 2537 Romam
820 2489 1041 2538 recurrerunt.
1060 2475 1098 2536 ln
1118 2474 1196 2536 Car·

127 2569 362 2658 thaginiensern
371 2574 532 2637 coloniam
540 2597 594 2638 sex
602 2575 700 2638 millia
709 2575 828 2638 civium
839 2595 1051 2638 romanorum
1062 2572 1196 2659 scripta,

127 2693 313 2759 quanquam
329 2675 496 2761 pauciores
509 2674 736 2762 comprehensi
751 2673 821 2759 lege
835 2676 980 2736 fuerant:
995 2672 1050 2736 sed
1065 2687 1196 2735 senatus

128 2772 195 2858 ipse
207 2773 391 2859 inquietum
403 2797 512 2862 egenae
524 2774 626 2861 plebis
639 2796 815 2836 numerum
825 2771 1174 2838 lubensexhauriebat.

170 2876 333 2938 LXXVII.
351 2876 515 2937 Festinare
532 2874 692 2963 cogebant
705 2875 818 2937 Caium
835 2889 906 2937 tum
924 2889 1054 2953 cetera,
1069 2889 1140 2936 tum
1157 2893 1197 2937 ex

128 2974 162 3036 L.
178 2974 310 3061 Opimio
325 2990 446 3056 metus,
461 2975 519 3061 qui
538 2997 572 3038 se
591 2975 625 3037 in
647 2990 786 3062 praetura
805 2973 1024 3038 adversarium
1040 2975 1070 3037 ei
1086 2974 1195 3037 inten-

129 3074 234 3153 derat,
247 3075 427 3164 fregellana
441 3075 625 3139 rebellionis
642 3075 737 3163 culpa
751 3074 915 3138 involvere
928 3076 1081 3154 juvenem
1096 3096 1196 3139 conu-

128 3193 191 3239 tus.
209 3178 307 3240 Hunc
325 3177 480 3266 proximis
499 3177 655 3259 comitiis,
676 3175 905 3273 commendato
923 3179 958 3240 C.
974 3176 1119 3257 Fanni0,
1138 3174 1197 3240 de·

129 3280 254 3365 pulerat
276 3303 283 3343 :
309 3302 398 3343 nune
426 3281 545 3343 iterum
574 3294 739 3366 petentem
768 3294 825 3342 aut
852 3277 1114 3342 submovendum
1135 3277 1198 3342 sibi

129 3379 233 3464 aliqua
246 3382 370 3444 ratione
379 3381 525 3462 videbat,
537 3398 593 3444 aut
605 3381 785 3469 graviorem
797 3380 830 3442 in
844 3380 1015 3444 consulatu
1027 3379 1197 3447 inimicum

130 3478 366 3544 sustinendum.
392 3483 557 3546 Sentiehat
582 3498 614 3545 et
641 3498 856 3545 vetustescere
881 3482 1062 3569 potentiam
1088 3504 1199 3561 suam,

131 3578 371 3666 populumque,
389 3583 501 3647 eadem
517 3584 582 3662 jam
599 3600 632 3646 et
643 3583 729 3664 aliis,
747 3599 928 3669 senatuque
940 3583 1021 3648 adeo
1034 3584 1124 3670 ipso,
1139 3584 1200 3647 lar·

131 3677 311 3765 gicntibus,
330 3681 502 3748 delinitum
523 3684 731 3772 praesentium
747 3683 875 3763 fructu,
895 3683 936 3746 ad
958 3684 1080 3770 reliqua
1099 3685 1199 3776 actio·

131 3801 211 3841 nurn
229 3781 451 3848 relentescere.
1154 3865 1157 3868 Ι

175 3880 353 3945 LXXVIII.
369 3884 523 3948 Hortatus
541 3885 641 3974 igitur
654 3884 695 3948 ad
709 3882 941 3963 constantiam,
955 3887 1198 3970 ignominiosum

118 3981 216 4069 fore,
242 3997 272 4045 et
296 3984 462 4069 indignum
475 3984 595 4073 populo
619 4007 768 4063 romano,
786 3983 884 4064 dixit,
910 3987 938 4048 si
957 4009 1029 4074 quoe
1045 4009 1106 4072 per
1126 3985 1197 4050 illos

130 4107 230 4146 annos
243 4082 356 4171 cupide
369 4087 569 4172 oppeu'ssent,
589 4085 699 4148 eadem
712 4107 833 4171 magno
844 4083 951 4149 labore
959 4100 1098 4174 parata,
1111 4108 1197 4152 nune

167 4291 183 4356 S
198 4290 410 4340 Lxxvn'erruu.
421 4291 452 4340 de
461 4291 520 4341 Pru.
533 4307 587 4357 cap.
599 4307 621 4340 r.
630 4317 667 4328 -
677 4291 742 4341 Plut.
755 4318 791 4330 -
803 4293 875 4340 Oros.
886 4293 920 4349 V,
941 4307 980 4341 ra.
997 4318 1033 4329 —
1043 4293 1095 4344 Jul.
1106 4295 1200 4360 Obseq,

133 4401 168 4409 —-
183 4375 289 4439 Appian.
305 4401 339 4411 -
354 4374 370 4440 S
386 4375 503 4424 txxvt.
515 4375 579 4422 Plut
588 4402 624 4412 -
634 4375 704 4439 virg.
715 4378 770 4426 AEu.
783 4377 804 4423 1.
822 4402 857 4412 -
869 4375 976 4439 Appinn.
991 4401 1026 4414 -
1040 4375 1056 4442 s
1070 4379 1203 4434 mvn,

134 4460 206 4506 Auci.
218 4459 309 4509 ‹leVrn
320 4460 356 4509 itt.
368 4486 404 4496 -
412 4460 477 4510 Plnt.
489 4487 525 4497 -
533 4460 642 4526 upplan.
654 4488 690 4498 -
702 4459 781 4527 Agall.
790 4461 842 4520 XI,
855 4459 895 4510 13.
