2594 4980
161 717 230 782 lO.
251 712 448 780 FREINS.
468 712 601 779 SUPP.
619 711 673 779 IN
695 710 804 779 LOC.
827 712 918 777 LIB.
940 711 1077 778 Lvnl.
1104 709 1173 805 293

112 900 139 962 I.
160 866 386 964 Hicesius
408 897 567 985 egregiam
591 917 731 959 romanae
756 895 801 958 rei
820 896 975 974 formam,
993 895 1173 983 ingentium

111 999 271 1062 bellorum
285 999 373 1061 laetos
387 1020 513 1083 semper
528 998 651 1077 exitus,
663 1020 748 1060 raras
765 997 887 1062 interea
903 996 1025 1076 clades,
1040 1021 1109 1060 rara
1123 1021 1175 1062 ar·

111 1123 241 1163 morum
264 1099 438 1178 dedecora,
460 1097 516 1161 sed
536 1097 721 1162 melioribus
738 1099 843 1162 statim
867 1115 1009 1161 correcta
1034 1099 1174 1162 consiliis

111 1201 269 1287 fatisque,
297 1200 514 1263 enarravimus
539 1222 546 1262 :
568 1222 655 1262 nunc
682 1201 815 1262 internae
843 1198 1038 1278 sedissoncs,
1058 1222 1129 1285 quac
1156 1221 1175 1263 a

113 1305 259 1367 Graccho
278 1326 387 1392 graves
402 1319 498 1388 atque
520 1302 621 1389 plenae
639 1301 832 1366 discriminis
849 1316 926 1364 ortae
946 1317 1042 1380 sunt,
1060 1300 1100 1364 ad
1119 1301 1176 1387 tri·¹

112 1408 229 1486 stiora,
243 1406 300 1470 sed
317 1429 384 1469 non
403 1406 510 1469 minus
527 1405 630 1484 utilia,
644 1420 778 1485 vocant;
801 1402 933 1490 quando
948 1404 1025 1468 hinc
1039 1404 1176 1469 maxime

112 1509 227 1571 veteris
244 1508 428 1595 reipublicae
451 1507 548 1585 mala,
566 1522 598 1569 et
619 1506 737 1592 quibus
753 1503 853 1567 initiis
877 1503 985 1567 collidi
1004 1504 1089 1567 inter
1099 1526 1175 1569 'sese
1226 1511 1233 1519 '

112 1608 243 1672 diversae
257 1610 290 1671 in
309 1609 490 1673 civitatibus
504 1623 676 1696 potestates
689 1622 828 1694 queant,
841 1605 974 1695 ejusque
987 1606 1092 1670 morbi
1107 1629 1176 1671 cer·

112 1710 192 1772 tiora
213 1726 287 1796 post
301 1727 453 1772 eventum
470 1709 633 1789 remedia,
657 1723 910 1796 cognoscuntur.

156 1813 198 1874 ll.
219 1811 322 1899 lgitur
335 1811 482 1874 Tiberius
500 1811 683 1890 Gracchus,
696 1809 816 1873 Tiberii
831 1808 880 1872 bis
895 1809 1037 1873 consulis
1057 1827 1089 1874 et
1102 1832 1177 1873 cen·

112 1913 190 1974 soris
208 1910 312 1991 filius,
328 1928 499 1998 postquam
514 1912 575 1975 sub
590 1927 691 1974 matre
710 1911 878 1990 Cornelia,
899 1911 1015 1998 prioris
1034 1912 1177 1977 Africani

112 2011 189 2092 lilia,
210 2011 377 2076 llorentem
395 2012 489 2075 bonis
514 2012 656 2091 artibus,
676 2027 708 2074 et
730 2011 799 2100 pari
821 2013 969 2074 omniurn
991 2034 1048 2100 spe
1065 2011 1174 2076 adole·

112 2114 264 2176 scentiam
287 2113 459 2200 exegisset,
483 2113 516 2175 in
539 2112 735 2175 Manciniani
757 2112 912 2198 temporis
933 2111 1080 2193 adversa,
1104 2128 1175 2176 tan·

112 2238 207 2301 quarn
225 2215 258 2275 in
276 2214 465 2298 scopulum,
481 2213 640 2301 impactus
655 2230 727 2276 est:
748 2214 868 2301 quippe
881 2212 999 2277 invidia
1017 2235 1174 2301 quorum-

112 2315 184 2378 dam
203 2314 423 2401 optimatium,
442 2337 524 2401 quos
539 2313 736 2377 adversarios
748 2314 782 2378 in
797 2313 929 2402 negotio
940 2336 1000 2377 suo
1013 2331 1174 2398 senserat,

112 2416 256 2480 dolorem
279 2438 375 2479 suum
401 2416 545 2494 ulturus,
566 2414 729 2477 affectasse
748 2412 853 2477 modis
875 2413 1004 2476 omibus
1022 2414 1176 2497 creditur,

111 2534 147 2579 ut
174 2539 270 2603 supra
296 2538 394 2578 omne
420 2516 565 2603 priorum
591 2513 775 2602 exemplum
796 2514 958 2602 popularis
990 2514 1173 2580 haberetur.

111 2616 225 2702 Neque
248 2638 324 2677 sane
343 2631 399 2678 aut
421 2617 551 2678 materia
576 2638 626 2678 res
646 2636 764 2677 novare
781 2614 920 2694 volenti,
938 2631 995 2678 aut
1011 2618 1184 2703 speciosus*

111 2717 264 2779 obtentus
278 2715 388 2779 deemt
403 2739 410 2778 :
428 2717 532 2802 palam
549 2715 654 2801 iniqui
670 2703 703 2776 in
719 2714 969 2801 rempublicam,
980 2716 1175 2804 iirplebem,

111 2841 261 2906 agrorum
280 2839 478 2905 possessores
496 2832 603 2895 erant,
622 2815 678 2902 qui
696 2815 780 2877 inter
796 2815 933 2877 aliorum
952 2832 1173 2902 paupertatem

111 2937 143 2983 et
159 2920 291 3000 famem,
309 2919 536 2982 latissimorum
550 2915 746 3005 praediorum
762 2912 885 2977 reditus
903 2915 1124 3003 voluptatibus
1141 2935 1174 2982 et

111 3022 189 3084 luxu
208 3020 454 3084 consumebant.

155 3124 211 3185 lll.
235 3123 315 3184 Nam
333 3122 511 3208 antiquitus
528 3118 668 3182 subactis
684 3140 742 3204 per
757 3132 863 3206 partes
884 3116 1040 3180 Italorum
1065 3107 1173 3183 civita·

112 3224 197 3287 tibus
209 3224 348 3311 aliquam
358 3224 425 3310 agri
442 3222 626 3310 portionem
642 3220 745 3283 victor
756 3220 921 3281 Romanus
937 3217 1122 3282 ademerat:
1139 3219 1173 3283 in

37 3352 41 3359 ·
113 3347 181 3387 eam
199 3348 237 3388 ex
255 3325 343 3387 Urbe
361 3340 416 3386 aut
431 3322 521 3387 Latio
537 3323 670 3385 colonos
690 3321 771 3383 mitti
791 3319 994 3400 obtinuerat,
1009 3336 1041 3383 et
1059 3321 1092 3383 in
1107 3320 1174 3386 sin·

113 3426 203 3511 gulos
229 3441 353 3488 certum
379 3426 446 3514 agri
468 3423 602 3486 modum
624 3421 783 3485 distribui.
809 3419 989 3485 Veniebant
1006 3436 1115 3486 autem
1139 3423 1172 3489 in

112 3546 180 3587 eam
191 3542 311 3588 sortem
324 3525 407 3587 culta
416 3525 570 3603 maxime3
586 3522 641 3586 sed
656 3546 728 3610 quae
741 3520 843 3602 bello,
860 3539 896 3586 ut
909 3524 1040 3604 assolet,
1054 3540 1174 3592 vastata

113 3627 319 3713 squalebant,
334 3628 488 3713 quoniam
510 3627 654 3711 impensa
673 3640 705 3687 et
724 3624 814 3688 cultu
831 3623 994 3712 longiore,
1012 3641 1044 3688 et
1061 3627 1173 3713 primis

112 3729 203 3791 annis
221 3751 335 3815 parurn
353 3728 538 3807 fructu0s0,
555 3726 707 3816 egebant,
723 3725 784 3788 sub
799 3723 955 3794 tolerabili
970 3725 1094 3788 tributo
1109 3750 1172 3814 pu·

112 3827 194 3891 blice
206 3829 412 3892 elocabantur
425 3853 432 3892 :
446 3829 486 3892 de
501 3827 648 3916 frugibus
663 3826 810 3905 decimae,
821 3824 861 3887 dc
872 3825 1042 3890 arboribus
1051 3827 1173 3914 quintu

113 3931 354 4016 pendebantur3
376 3946 507 4016 cratque
527 3929 623 3992 ctiam
642 3928 676 3990 in
694 3942 838 3992 armenta
856 3941 889 3989 et
913 3948 1023 4018 greges
1040 3927 1173 4016 vectigal

113 4034 337 4096 constitutum.

157 4135 211 4197 lV.
224 4136 271 4196 lta
289 4133 445 4219 putabant
461 4131 550 4210 lore,
567 4145 603 4192 ut
619 4149 834 4216 possessores,
849 4151 951 4214 quum
967 4128 1026 4214 ipsi
1046 4142 1171 4191 tantum

149 4301 164 4364 S
176 4304 195 4347 1.
206 4302 237 4347 U.
247 4302 274 4348 C,
285 4303 350 4360 0193
367 4303 395 4346 Α.
404 4300 431 4346 C.
447 4301 503 4346 133.
513 4300 611 4345 -Tac.
624 4298 690 4344 Arm,
702 4297 747 4354 lv,
761 4297 802 4344 sa.
813 4321 847 4332 -
857 4294 953 4342 Sallust.
968 4296 1060 4356 Fragm.
1075 4296 1121 4344 lx,
1135 4324 1169 4332 —-

115 4386 218 4446 Dionys.
232 4386 268 4442 ΙΙ,
283 4400 307 4446 9.
326 4410 357 4418 -
372 4381 386 4446 S
401 4384 431 4428 11.
446 4372 548 4430 Diodor.
560 4393 584 4428 et
597 4381 646 4428 Dio
659 4379 724 4443 apud
735 4380 815 4429 Vales.
830 4404 865 4416 --
878 4377 998 4425 Plutarch.
1011 4377 1038 4425 in
1050 4378 1171 4428 Graccho.
1243 4388 1247 4394 “

115 4496 147 4504 -
160 4469 211 4516 Cic.
220 4468 245 4515 in
255 4470 345 4516 Bruto.
360 4485 381 4513 e.
392 4483 433 4526 27.
444 4495 478 4503 -
489 4465 594 4531 Appian.
608 4463 679 4513 Civil.
692 4463 735 4513 lib.
748 4465 768 4511 1.
782 4490 816 4500 -
829 4459 845 4524 S
859 4462 903 4514 Ul·
919 4460 1022 4527 Appian.
