2594 4980
304 670 360 776 nl
391 706 506 775 noc.
535 707 630 774 rm.
656 705 750 773 aar
778 705 1002 775 Liviam.
1116 704 1187 804 ³79

165 829 236 893 VII.
263 827 338 908 Quo
355 827 501 891 infestius
515 849 533 890 a
552 827 720 915 gentibus,
737 849 809 914 quae
825 826 906 890 nihil
919 849 1011 914 reque
1026 851 1063 892 ac
1076 851 1186 893 roma·

121 954 201 995 num
217 952 338 992 nomen
355 929 506 1007 oderant,
522 929 768 1016 premebantur;
782 927 934 992 Arvernis
949 928 1044 991 etiam
1058 929 1187 995 aemula·

120 1033 209 1095 tione
235 1032 432 1120 principatus
455 1030 630 1094 studiosius
652 1031 685 1092 in
710 1029 744 1093 id
766 1030 887 1093 bellum
908 1029 1185 1096 incumbentibus.

121 1135 271 1215 Quorum
295 1149 391 1197 tantae
406 1156 465 1221 per
484 1132 518 1196 id
539 1148 666 1220 tempus
683 1155 760 1220 opes
777 1132 931 1212 fuerunt,
952 1148 990 1194 ut
1010 1154 1106 1219 supra
1122 1130 1186 1197 du·

119 1251 211 1298 centa
225 1251 423 1298 armatorum
439 1234 536 1297 millia
551 1234 585 1297 in
601 1235 701 1298 aciem
718 1249 851 1321 possent
867 1232 1023 1296 educere:
1042 1232 1187 1320 pecunie

119 1338 162 1399 ita
184 1338 323 1424 copiosi,
342 1353 379 1399 ut
391 1337 534 1401 -Luerius
553 1358 609 1399 rex
629 1358 687 1423 per
711 1357 841 1423 campos
861 1350 1007 1423 patentes
1033 1348 1187 1427 cappento

118 1439 282 1514 invectus,
299 1461 451 1501 nummos
467 1460 583 1501 aureos
605 1454 637 1501 et
657 1452 845 1526 argenteos,
862 1434 1060 1524 colligendos
1080 1456 1187 1521 popu·

118 1537 255 1617 laribus,
272 1561 331 1625 per
353 1539 467 1601 luxum
491 1555 523 1602 et
545 1538 796 1602 ostentationem
819 1536 993 1624 opulentiae
1014 1535 1185 1623 sparserit:
1234 1586 1239 1597 .

118 1656 211 1726 septo
236 1638 355 1703 deinde
381 1640 538 1727 quadrato
566 1640 705 1721 effecto,
729 1637 820 1726 quod
845 1659 978 1731 omnem
1001 1636 1036 1699 in
1061 1651 1186 1723 partem

118 1741 210 1827 spatii
234 1763 344 1827 passus
366 1741 452 1803 mille
474 1740 671 1827 quingentos
695 1739 961 1825 amplecteretur,
980 1735 1067 1798 lacus
1088 1736 1122 1798 in
1146 1757 1186 1799 eo

116 1842 256 1929 pretiosa
271 1843 406 1929 potione
423 1842 562 1927 repletos
580 1839 723 1918 dederit,
740 1860 817 1921 eum
836 1853 924 1901 tanta
942 1836 1186 1901 esculentorum

117 1942 332 2017 abundantia,
350 1959 387 2006 ut
403 1940 581 2028 unicuique
602 1941 723 2003 volenti
745 1962 803 2027 per
823 1940 944 2002 multos
967 1936 1035 2001 dies
1059 1959 1185 2002 comes·

117 2044 208 2107 sandi
234 2044 326 2131 copia
345 2042 456 2123 fieret,
474 2041 675 2105 adstantibus
696 2056 855 2128 perpetuo
875 2040 933 2126 qui
953 2039 1183 2105 ministrarent.

162 2145 249 2208 VIII.
276 2146 380 2226 Ilujus
394 2143 478 2207 filius
495 2143 632 2207 bituitus
649 2158 720 2205 tum
738 2141 889 2205 Arvernis
903 2140 1083 2227 imperabat
1097 2157 1187 2228 patre

117 2269 177 2309 suo
198 2268 264 2308 non
283 2246 416 2332 opibus,
439 2267 506 2308 non
528 2244 638 2307 animo
659 2244 776 2306 minor.
796 2243 844 2306 Ita
867 2263 970 2328 quum
994 2241 1072 2304 binc
1094 2241 1185 2307 Allo·

118 2347 250 2435 brogcs,
265 2345 341 2408 inde
354 2346 490 2409 Arverni
504 2346 632 2408 crebras
645 2361 678 2408 et
691 2343 809 2408 validas
826 2344 859 2406 in
871 2366 985 2432 agrum
1000 2341 1185 2409 AEduorum

117 2448 321 2510 incursiones
336 2446 497 2527 facerent,
510 2447 598 2510 villas
616 2462 794 2527 vastarent,
811 2445 930 2534 oppida
947 2460 1185 2533 expugnarent,

118 2548 271 2612 excitatus
298 2549 462 2611 sociorum
488 2548 639 2635 precibus
668 2547 830 2611 Domitius
858 2548 1034 2609 exercitum
1066 2545 1186 2612 linibus

117 2649 328 2738 Allobrogum
353 2650 515 2713 admovet.
542 2649 632 2717 Inter
656 2648 725 2711 haec
747 2648 783 2711 L.
809 2648 975 2736 Opimius,
1000 2649 1041 2729 Q.
1067 2648 1186 2712 Fabius

117 2751 276 2814 Maximus
296 2750 459 2814 AEmiliani
482 2749 583 2830 lilius,
603 2750 808 2813 consulatum
825 2749 986 2812 inierunt:
1007 2771 1075 2836 quo
1098 2771 1185 2813 anno

117 2853 201 2915 circa
217 2853 318 2914 solem
335 2875 427 2915 arcus
443 2852 611 2940 apparuit:
631 2851 772 2913 maximo
789 2850 903 2938 optimi
919 2850 987 2912 vini
1004 2867 1184 2939 proventu,

117 2953 206 3040 quod
230 2953 394 3040 Opimiani
418 2953 551 3016 nomine
577 2952 800 3028 nobilitatum,
826 2953 859 3014 in
885 2953 1005 3016 multos
1032 2951 1183 3040 deinceps

117 3076 220 3116 annos
237 3054 425 3141 incorrupta
441 3053 587 3117 bonitate
604 3053 742 3118 duravit.

159 3157 217 3219 IX.
243 3157 439 3220 Consulibus
462 3155 636 3243 provinciae
656 3155 746 3217 Italia
767 3171 799 3218 et
819 3155 919 3221 Gallia
941 3153 1098 3218 decretae:
1117 3154 1185 3218 haec

115 3257 249 3320 obvenit
273 3259 314 3339 Q.
332 3257 442 3322 Fabio.
463 3257 586 3321 Italiam
610 3257 753 3347 obtinuit
782 3257 818 3321 L.
841 3257 1013 3346 Opimius3
1034 3258 1094 3320 Cn.
1114 3257 1184 3319 Do·

116 3359 226 3421 minus
241 3359 417 3423 exercitum
434 3383 530 3423 suum
545 3360 768 3449 proconsulari
784 3360 922 3448 imperio
935 3359 1077 3428 retinere
1089 3357 1185 3438 jube«

116 3477 190 3523 tur:
212 3484 271 3524 nec
285 3463 370 3524 enim
388 3463 513 3526 avocari
530 3485 606 3527 curn
621 3486 637 3527 a
653 3463 836 3553 legionibus
852 3463 934 3525 ratio
949 3461 1024 3524 belli
1040 3459 1183 3541 sinebat,

117 3583 218 3646 quum
251 3563 368 3626 instare
395 3563 567 3629 conflictus
594 3565 774 3644 videretur,
801 3565 989 3651 priusquam
1017 3582 1185 3628 successor

116 3661 275 3750 proficisci
292 3664 326 3724 in
345 3666 542 3750 provinciam
562 3682 691 3753 posset3
711 3682 742 3730 et
761 3687 830 3728 esse
848 3662 932 3727 duos
949 3663 982 3725 in
1002 3662 1104 3727 Gallia
1120 3660 1183 3726 du·

116 3787 185 3844 ces,
204 3762 405 3850 totidemque
419 3768 594 3847 exercitus,
612 3790 651 3829 ex
667 3789 729 3830 usu
744 3782 777 3829 et
794 3765 981 3828 necessitate
997 3779 1182 3852 temporum

114 3865 295 3928 videbatur.
316 3866 430 3951 Neque
446 3868 517 3930 Ialsi
540 3869 695 3955 opinione
717 3890 776 3931 sua
796 3866 906 3929 Patres
930 3882 1018 3931 sunt.
1036 3864 1182 3930 Domitio

115 3991 218 4054 quum
229 3967 339 4030 hostes
351 3969 582 4049 occurrissent,
595 3984 710 4032 neutra
721 3982 811 4056 parte
821 3988 963 4056 pugnam
974 3966 1183 4042 detrectante,
1251 3989 1254 3992 ·

146 4208 236 4272 §VII
252 4209 313 4257 (ἔτι.
332 4209 363 4257 de
380 4208 441 4257 Bell.
456 4208 513 4273 gall.
527 4234 563 4244 —-
582 4209 634 4258 cre.
651 4225 698 4275 pro
719 4210 823 4267 Milone.
841 4237 876 4246 -
892 4208 1021 4258 schellam.
1040 4210 1131 4255 Lucan.
1147 4235 1182 4245 -

115 4292 194 4340 Strab.
205 4293 249 4340 llb.
261 4295 304 4351 IV,
316 4309 341 4357 p.
353 4307 410 4354 191.
422 4320 457 4329 -
468 4291 585 4342 Posidon.
602 4319 636 4329 -
648 4294 664 4360 S
678 4294 828 4343 v111.U.c.
839 4293 904 4352 6313
921 4295 951 4340 A.
966 4292 994 4341 C.
1008 4307 1065 4339 tar.
1079 4318 1115 4328 -
1128 4292 1182 4339 Liv.

112 4377 179 4439 spu,
190 4405 225 4413 -
237 4377 300 4425 Flor.
312 4379 361 4437 111,
372 4393 395 4425 a.
404 4404 439 4414 -
450 4377 561 4442 Cic.'pro
575 4381 647 4426 Forat.
659 4393 712 4443 cap.
724 4393 765 4427 ra.
777 4405 812 4416 -
820 4378 885 4426 Vell.
898 4379 937 4435 11,
954 4392 968 4436 7
983 4387 1008 4425 et
1020 4391 1058 4424 ro.
1072 4403 1107 4413 -
1119 4375 1182 4429 Plio,

115 4461 152 4518 II,
170 4476 215 4522 29,
228 4473 252 4509 et
264 4464 336 4522 xlv,
348 4471 371 4518 4.
