2594 4980
186 761 203 801 a
360 735 429 801 JO.
456 733 795 801 FRElNSHEMll
825 734 1070 801 SUPPLEM.

220 852 292 906 uude
301 851 377 905 uxori
389 852 444 923 ejus
458 850 506 903 dos
516 849 679 904 redderetur.
691 851 837 922 Pomptinae
846 851 956 923 paludes
966 870 980 904 u
994 853 1119 905 Cornelio
1130 854 1247 925 Cethego

219 936 342 998 consule,
355 935 398 987 cui
410 953 441 987 ea
455 933 590 1005 provincia
602 947 741 998 evenerat,
755 935 876 998 siccate,
890 954 1004 1008 agerque
1018 954 1050 988 ex
1064 935 1095 988 iis
1109 937 1203 990 lactus.

187 1145 214 1206 1.
234 1106 444 1207 Arrurcra
463 1137 678 1203 Macedonum
691 1140 795 1227 regia,
808 1156 923 1228 totque
936 1141 1060 1206 nobiles
1075 1142 1248 1229 provinciae

184 1242 319 1331 imperio
335 1239 485 1321 adjectae,
501 1262 603 1329 quum
622 1242 800 1328 potentiam
821 1264 988 1307 romanam
1009 1242 1161 1308 omnibus
1183 1243 1248 1322 jam

183 1344 314 1434 regibus
348 1342 601 1429 nationibusque
632 1341 869 1407 formidabilem
895 1344 1094 1424 effecissent,
1122 1345 1248 1407 nullum

185 1448 286 1510 ferme
299 1467 437 1533 regnum
447 1493 456 1527 ,
465 1445 553 1508 nulla
563 1444 743 1532 respublica
754 1444 834 1527 suit,
848 1446 926 1533 quin
940 1446 1103 1511 mittendis
1113 1447 1248 1507 Romam

186 1548 295 1636 legatis
309 1547 424 1610 victori
437 1545 583 1635 gentium
599 1546 723 1634 populo
736 1546 930 1611 adularetur.
947 1548 1084 1611 Aeuerat
1098 1561 1251 1632 praeterea

186 1648 386 1737 diligentiam
394 1646 609 1735 quorumdam
620 1636 692 1711 non
700 1647 840 1729 injustus
851 1664 969 1725 terror,
984 1672 1024 1713 ne
1031 1669 1250 1736 poenaerepos-

188 1767 339 1815 ceremur
352 1771 468 1836 parum
484 1770 523 1812 ex
540 1746 604 1812 fide
619 1749 713 1812 cultae
730 1749 900 1812 societatis.
919 1751 985 1812 Ista
1004 1751 1141 1813 maxime
1157 1772 1251 1813 causa

188 1853 288 1916 movit
297 1851 495 1930 Eumenem,
506 1850 589 1914 Asiae
600 1849 956 1938 1egem,utin1taliam
970 1850 1142 1937 navigaret.
1157 1852 1253 1912 Com-

188 1970 281 2044 perto
294 1952 377 2041 regis
389 1952 524 2016 consilio
541 1951 728 2015 dubitavere
741 1951 867 2032 Patres,
880 1973 1022 2038 quonam
1036 1950 1135 2013 modo
1150 1950 1251 2037 excipi

186 2055 371 2118 venientem
384 2075 498 2116 verum
512 2068 594 2116 esset
608 2075 616 2116 ε
629 2052 751 2140 quippe
762 2074 865 2139 quum
879 2051 1027 2139 proximo
1046 2050 1131 2115 bello
1151 2074 1254 2116 mace·

188 2156 323 2236 (lonico,
331 2177 438 2244 neque
447 2154 521 2218 satis
533 2175 594 2242 pro
612 2154 735 2235 amico,
745 2176 852 2241 neque
865 2176 926 2241 pro
935 2152 1030 2216 hoste
1040 2176 1074 2216 se
1089 2155 1252 2242 gessisset,

188 2257 371 2338 herebant,
392 2278 434 2319 ne
456 2270 512 2318 aut
532 2255 680 2342 repulsus
705 2254 916 2319 condemnari
944 2254 1006 2319 isto
1027 2254 1178 2336 erimine,
1198 2271 1254 2318 aut

188 2357 345 2423 admissus
354 2356 483 2420 liberari
498 2354 681 2418 videretur:
693 2377 768 2418 uam
783 2370 816 2418 et
830 2353 996 2419 absolvere
1008 2355 1137 2444 pigebat
1149 2355 1254 2419 haud·

191 2479 352 2546 quaquam
364 2455 492 2520 illibata
505 2454 579 2520 [idei
593 2456 714 2536 virum3
726 2471 758 2519 et
767 2455 910 2544 pudebat
919 2455 1005 2520 bello
1014 2473 1142 2546 petere,
1156 2480 1253 2545 quem

191 2561 252 2648 ipsi
272 2559 370 2647 paulo
386 2573 461 2621 ante
475 2556 655 2644 principem
676 2557 873 2639 amicorum,
889 2574 927 2621 ut
942 2558 1010 2620 aliis
1026 2558 1066 2622 ad
1086 2558 1254 2622 colendam

193 2661 365 2724 amicitiam
389 2680 556 2722 romanam
575 2657 760 2744 exemplum
776 2674 878 2738 esset,
893 2657 1011 2745 opibus
1027 2673 1060 2721 et
1076 2658 1257 2721 honoribus

192 2761 361 2825 ambitiose
378 2775 543 2824 auxerant.

236 2862 278 2926 ll.
291 2860 436 2924 Tandem
452 2881 488 2923 ea
499 2859 551 2922 via
561 2858 700 2946 placuit,
715 2880 779 2945 qua
794 2858 893 2922 animi
908 2859 1058 2947 viresque
1072 2860 1155 2949 regis
1169 2863 1258 2923 fran-

192 2977 355 3053 gerentur,
370 2982 430 3024 nec
445 2960 480 3023 in
500 2959 591 3022 illum
607 2974 715 3023 tamen
731 2958 926 3022 nominatim
941 2959 1065 3047 aliquid
1079 2961 1258 3024 constitue·

194 3078 292 3129 retur.
311 3062 414 3152 Igitur
432 3062 466 3124 in
486 3081 662 3125 commune
679 3059 741 3122 lata
756 3059 808 3122 lex
827 3074 894 3141 est,
910 3083 949 3122 ne
968 3061 1021 3123 cui
1042 3062 1112 3146 regi
1126 3061 1259 3122 Romam

198 3166 301 3228 venue
318 3161 431 3226 liceret.
452 3161 529 3242 Ejus
546 3160 729 3249 exemplum
745 3160 862 3225 missus
876 3184 893 3225 a
911 3175 1025 3224 senatu
1039 3175 1180 3248 quaestor
1193 3160 1260 3222 Eu·

197 3262 298 3345 meni,
310 3264 368 3350 qui
377 3263 443 3343 jam
457 3260 678 3326 Brundusium
690 3262 872 3350 appulerat,
885 3261 991 3325 attth
1004 3285 1011 3324 :
1024 3262 1120 3324 simul
1133 3260 1260 3324 denun-

197 3366 293 3445 tiato,
304 3363 420 3454 siquid
429 3365 459 3426 εἰ
470 3363 622 3452 apopulo
638 3386 769 3427 romano
783 3387 858 3452 opus
868 3379 965 3444 esset,
980 3365 1028 3426 uti
1040 3362 1142 3426 ederet
1146 3387 1159 3441 ;
1175 3364 1264 3450 quod

196 3467 224 3528 si
248 3463 331 3528 nitu
355 3478 431 3527 esset
457 3486 551 3551 opus,
581 3467 813 3553 quamprimum
841 3463 1005 3528 excederet
1028 3463 1136 3526 Italae.
1161 3467 1261 3528 Breve

197 3586 390 3655 responsum
404 3565 559 3629 Eumenis
575 3564 655 3645 fuit,
670 3581 703 3628 et
719 3566 812 3652 quale
829 3564 986 3627 inanimo
1002 3564 1091 3653 regio
1110 3579 1215 3626 metus
1230 3580 1262 3625 et

198 3668 245 3730 ira
257 3682 464 3756 pepererant,
476 3665 568 3731 nulla
581 3667 643 3730 sibi
654 3690 688 3730 re
700 3690 774 3754 opus
785 3689 855 3731 esse.
867 3664 1027 3728 Submoto
1039 3664 1085 3728 sic
1096 3665 1262 3745 Eumene,

198 3783 327 3832 senatus
339 3766 473 3831 aliarum
484 3767 631 3857 gentium
643 3766 873 3854 civitatumque
883 3765 994 3854 legatis
1008 3786 1140 3853 operam
1157 3765 1262 3848 dedit,

200 3866 258 3954 qui
278 3866 458 3955 gratulandi
482 3890 673 3933 causacum
696 3866 885 3932 muneribus
904 3882 1077 3932 venerant:
1098 3867 1121 3930 ii
1141 3868 1264 3954 perhu-

201 3969 339 4033 maniter
346 3970 448 4034 auditi
456 3968 647 4058 dimissique
657 3985 750 4048 sunt,
760 3967 937 4058 impetratis
949 3968 1065 4048 ferme,
1073 3990 1145 4055 quae
1153 3985 1266 4056 postu-

202 4071 355 4135 laverant.

246 4174 305 4239 111.
320 4173 384 4238 Sed
402 4175 650 4239 Atheniensium
667 4173 798 4263 legatio,
815 4195 922 4263 neque
942 4171 1089 4237 moribus
1113 4170 1266 4250 civitatis,

239 4399 255 4463 s
268 4401 289 4448 t.
304 4398 358 4447 Pol.
370 4399 485 4464 Execrpt.
499 4399 581 4462 legat.
594 4412 638 4459 97.
647 4424 683 4434 -
692 4398 745 4446 Liv.
755 4396 821 4462 Epit.
831 4399 921 4446 xuvt.
934 4423 968 4433 -
981 4393 1068 4458 Polyb.
1084 4419 1118 4431 -
1134 4391 1150 4457 S
1164 4394 1198 4441 ll.
1214 4391 1266 4440 biv.

204 4482 269 4548 Epit.
280 4509 315 4521 -
325 4481 414 4547 eotyb.
427 4509 461 4520 -
472 4481 577 4531 Diodur.
587 4481 653 4546 apud
664 4481 732 4531 Fulv.
742 4481 825 4530 Urtin.
