2594 4980
287 691 343 759 IN
374 691 488 758 LOC.
516 692 610 759 le.
637 691 769 760 LVIII
798 694 1018 763 LIVIANI.
1112 696 1177 768 311

172 808 235 871 LV.
249 808 345 872 «Non
360 808 459 897 igitur
470 826 503 872 et
517 832 589 897 quae
598 812 700 874 civem
716 810 939 876 indemnatum
954 816 1058 879 necari
1074 804 1183 883 cetam

129 907 235 995 «leges
253 910 352 972 sunt?
365 926 462 997 atque
477 911 536 973 illae
554 927 642 975 tanto
660 911 771 991 majori
786 934 860 974 cum
878 914 1020 1001 periculo
1037 939 1183 1003 perrum-

130 1025 284 1096 «pentur,
299 1028 421 1096 quanto
436 1013 572 1077 cariores
592 1015 714 1102 populo
731 1036 865 1076 romano
882 1031 972 1095 sunt,
990 1019 1046 1102 qui
1061 1041 1127 1082 suae
1143 1021 1183 1083 li-

130 1143 142 1165 «
151 1111 282 1174 bertatis
292 1112 343 1174 illa
353 1113 489 1176 maxime
501 1114 645 1201 praesidia
660 1137 728 1177 esse
737 1115 918 1178 arbitratur.
937 1116 998 1178 Sed
1010 1117 1073 1199 fac,
1085 1118 1183 1183 deum

132 1212 292 1297 «aliquem
303 1215 489 1300 promittere
502 1216 596 1279 nobis
610 1216 743 1304 impune
758 1216 923 1297 futurum,
938 1217 1026 1303 quod
1042 1221 1185 1306 agimus:

129 1314 214 1375 «hoc
238 1314 335 1403 igitur
352 1316 385 1377 in
411 1317 641 1404 rempublicam
660 1317 904 1381 introducemus
927 1319 1128 1406 exemplum,
1147 1337 1186 1384 ut
1230 1310 1235 1317 ⁴

130 1414 248 1477 «simul
263 1415 384 1502 aliquid
400 1416 575 1482 admissum
592 1440 660 1482 esse
679 1442 695 1481 a
723 1420 874 1506 quopiam
892 1418 1032 1500 dicetur,
1052 1423 1078 1484 is
1094 1422 1186 1486 inco·

130 1516 240 1602 «gnita
251 1539 355 1597 causa,
365 1518 538 1601 inauditus,
549 1518 754 1584 indemnatus
768 1519 985 1608 opprimatur?
998 1521 1086 1601 Quid
1099 1522 1187 1587 festi-

131 1617 286 1681 «natione
302 1640 385 1706 opus
401 1635 465 1699 est,
482 1619 538 1682 ubi
555 1620 776 1684 contatoribus
792 1636 825 1682 et
839 1619 1048 1683 consideratis
1064 1644 1131 1685 esse
1150 1622 1187 1685 li·

131 1717 227 1779 ucat?
245 1721 287 1780 At
306 1741 383 1783 vero
404 1720 585 1784 Gracchum
608 1720 754 1784 diadema
778 1744 928 1809 poscere,
950 1737 1096 1785 senatum
1119 1723 1187 1786 tolli

131 1847 143 1869 ιι
149 1817 281 1897 jubere,
299 1818 456 1884 dictitant.
480 1822 548 1884 Oro
568 1843 642 1901 vos,
661 1822 769 1885 Patres
793 1821 984 1908 conscripti,
1008 1822 1080 1908 quis
1107 1820 1188 1885 vidit

130 1933 292 1995 «vestrum
306 1918 399 2007 iquis
413 1919 558 1984 audivit?
570 1939 627 1984 aut
641 1923 694 1985 cui
711 1922 820 1985 venire
837 1923 869 1984 in
883 1938 1023 1984 mentem
1035 1970 1043 2002 ,
1056 1923 1135 2002 dum
1147 1923 1188 1985 sit

130 2018 321 2083 «affectibus
335 2043 452 2101 vacua,
472 2023 587 2108 possit,
606 2044 802 2108 quemquam
820 2021 908 2084 haud
926 2038 1067 2085 extreme
1084 2023 1187 2087 furio·

131 2137 240 2197 «sum,
256 2121 351 2183 nullis
361 2121 400 2184 ad
414 2145 483 2186 eam
496 2144 564 2186 rem
578 2123 693 2211 paratis
706 2121 876 2210 prtesidiis,
887 2123 949 2186 hoc
963 2123 1094 2187 sedente
1111 2146 1190 2188 con·

131 2219 247 2299 «cilio,
267 2221 331 2284 hoc
346 2224 468 2309 populo
484 2224 729 2303 circumstante,
739 2239 803 2285 tam
824 2221 917 2286 avido
932 2223 1104 2305 libertatis,
1123 2240 1188 2287 tam

132 2321 273 2401 «tenaci,
293 2338 356 2385 tam
375 2325 471 2387 etiarn
490 2325 530 2388 ab
549 2325 638 2388 omni
661 2325 823 2387 servitutis
840 2324 1005 2386 mentione
1019 2339 1051 2386 et
1074 2323 1190 2388 umbra
1214 2362 1217 2373 ι

133 2419 365 2504 «abhorrente,
383 2447 419 2488 ea
431 2423 493 2490 'die
512 2427 613 2506 claro,
637 2427 708 2490 loco
732 2442 797 2489 tam
815 2424 931 2489 celebri
951 2427 1189 2513 postulaturum

132 2525 249 2586 «assei

176 2625 257 2687 LVI.
273 2655 285 2680 «
305 2626 430 2690 Scilicet
448 2622 653 2691 inconditum
671 2626 735 2689 hoc
751 2627 883 2714 vulgus,
903 2641 934 2687 et
950 2626 1109 2689 viatorum
1134 2625 1191 2689 ba·

134 2724 221 2786 «culi
237 2747 304 2787 rem
324 2741 444 2788 tantam
464 2725 651 2806 conficient,
667 2741 699 2789 et
717 2726 790 2806 hic,
805 2747 1044 2811 quemcumque
1060 2725 1191 2790 tandem

133 2855 146 2878 «
157 2824 255 2887 videri
267 2829 313 2889 l'as
323 2827 490 2907 est,homo
501 2844 587 2890 certe
598 2848 663 2889 non
679 2848 800 2905 excors,
811 2846 917 2911 neque
933 2825 1059 2904 fatuus,
1074 2826 1191 2914 cogita·

133 2923 518 3015 «bitherteScipio,vir
529 2926 925 3013 clarissirnus,patrioeque
936 2925 1191 3008 amantissimus,
1286 2916 1289 2921 ’

134 3026 255 3090 «modo
273 3028 339 3090 tolli
362 3051 436 3091 eum
455 3028 612 3091 continuo
630 3026 772 3107 jubebat.
794 3024 893 3107 Quod
911 3025 940 3088 si
963 3027 1125 3113 integrum
1145 3042 1194 3091 est

134 3124 277 3206 «facere,
294 3144 379 3191 certe
399 3140 465 3191 non
492 3150 529 3192 ea
548 3128 691 3216 potentia
713 3126 849 3193 Gracchi
865 3142 930 3206 est,
953 3142 990 3188 ut
1012 3126 1191 3215 periculum

134 3227 214 3313 «sit,
229 3251 270 3291 ne
285 3230 465 3316 respublica
479 3253 537 3317 per
550 3251 624 3293 eum
638 3228 856 3316 opprimatur:
872 3248 977 3314 neque
994 3225 1148 3307 dubium,
1165 3227 1193 3290 si

134 3357 147 3381 «
157 3330 257 3416 possit
266 3333 362 3395 armis
372 3332 525 3420 opprimi,
536 3331 632 3394 etiam
648 3328 689 3392 ad
698 3350 825 3392 causam
840 3325 1008 3390 dicendam
1019 3327 1108 3413 cogi,
1122 3348 1194 3389 mo·

137 3427 273 3515 «disque
285 3432 351 3494 aliis
362 3479 371 3512 ,
382 3433 492 3519 quales
501 3433 574 3511 jura
591 3431 726 3495 civitatis
742 3430 920 3518 patiuntur,
935 3427 1074 3491 coerceri
1088 3430 1192 3516 posr'e.

179 3529 297 3592 LVII«
309 3532 403 3619 Apud
415 3534 551 3612 majores
566 3548 693 3596 nostros
706 3533 815 3595 multae
830 3552 849 3594 a
863 3529 1001 3593 tribunis
1018 3527 1193 3594 seditiones

136 3646 254 3692 «motae
271 3648 370 3696 sunt:
390 3656 449 3698 nec
468 3655 612 3722 unquam
636 3656 675 3697 eo
698 3627 889 3712 decursum,
905 3646 942 3693 ut
963 3629 1082 3693 indicta
1100 3652 1196 3694 causa

138 3760 149 3781 «
162 3730 410 3797 trucidarentur.
422 3732 567 3817 Idcirco,
582 3734 671 3822 quod
680 3755 787 3820 neque
799 3731 1037 3819 sapientissimis
1048 3731 1196 3819 optimis·

138 3861 150 3883 «
161 3851 225 3914 que
240 3831 317 3894 viris
332 3832 466 3919 placuit,
477 3857 583 3923 neque
599 3834 723 3923 legibus
739 3833 930 3920 permissum
945 3847 1008 3911 est,
1021 3830 1054 3894 id
1067 3852 1127 3920 ego
1143 3852 1195 3894 me

139 3929 321 3993 «facturum
333 3952 417 4021 nego
428 3956 435 3996 :
446 3951 614 4015 ceterum,
630 3936 656 3997 si
673 3933 752 4021 quid
766 3947 878 3996 contra
889 3932 973 4021 leges
985 3932 1133 3995 liberius
1147 3931 1195 3995 fe·

139 4032 257 4113 «cerit,
279 4030 313 4094 id
331 4055 438 4119 neque
453 4050 558 4098 ratum
575 4034 720 4113 habebo;
745 4048 777 4096 et
798 4030 887 4119 quod
904 4048 1032 4095 senatus
1051 4051 1140 4092 more
1158 4052 1195 4093 ac

140 4134 231 4220 «lege
244 4135 422 4214 censuerit,
437 4136 480 4198 ita
496 4156 661 4220 exsequar,
671 4149 708 4197 ut
717 4155 829 4196 omnes
843 4133 998 4210 sentiant,
1014 4129 1195 4217 reipublice

139 4264 151 4287 «
163 4233 347 4324 diligentem
356 4284 364 4316 ,
373 4251 470 4322 atque
480 4234 574 4298 etiam
585 4233 702 4298 fortem
712 4233 878 4297 consulem
889 4231 1020 4295 minime
1029 4228 1197 4294 delirisse.»

184 4336 296 4400 LVlll.
310 4338 368 4400 His
379 4322 512 4416 auditis,
529 4334 675 4399 exsiliens
688 4335 820 4416 Nasica,
835 4332 1046 4418 dextramque
1061 4331 1196 4395 tollens:

147 4436 347 4520 «Quoniam,
361 4437 486 4525 inquit,
500 4437 629 4521 consul,
646 4435 725 4501 dum
740 4437 821 4516 juris
834 4432 980 4500 ordinem
997 4432 1152 4523 sequitur,
1163 4429 1196 4495 id
