2594 4980
332 701 386 770 IN
417 701 530 769 LOC.
557 701 651 768 LIB.
678 701 787 768 LXV
818 701 1033 770 LIVlANI.
1133 699 1204 794 487

139 819 280 883 ludibrio
302 820 445 884 habitam
465 820 599 886 credens
620 822 779 911 populus,
798 821 973 885 intentiore
991 820 1101 886 studio
1123 806 1205 891 con·

139 937 296 1009 temptum
315 922 490 986 nobilitatis
508 922 613 987 ultum
631 923 706 986 ibat.
725 923 788 986 Per
803 923 872 987 haec
890 939 988 1010 atque
1004 924 1077 987 talia
1092 924 1204 989 couci·

138 1023 212 1086 liata
235 1024 269 1085 in
293 1024 436 1112 exercitu
459 1040 492 1088 et
512 1025 624 1088 Romae
640 1025 807 1088 voluntate
822 1025 928 1114 vulgi,
948 1024 1045 1087 etiam
1066 1025 1205 1119 aliorum

138 1125 310 1187 hominum
341 1125 540 1212 quibuslibet
569 1125 750 1190 rationibus
780 1125 939 1189 attrahere
965 1123 1109 1188 favorem
1137 1145 1206 1189 nou

138 1226 327 1290 omittebat:
341 1226 428 1313 apud
441 1227 647 1315 publicanos,
661 1227 803 1312 itemque
817 1225 1050 1314 negotiatores,
1063 1245 1204 1312 quorum

139 1349 253 1414 magna
277 1344 345 1390 erat
365 1328 466 1391 Utiete
488 1321 689 1410 multitudo,
703 1328 826 1392 Metelli
850 1327 1091 1391 cunctationem
1111 1326 1205 1389 incu-

139 1450 226 1508 sans,
244 1429 271 1491 si
287 1428 491 1492 dimidiatum
511 1430 579 1517 ipse
596 1429 772 1493 exercitum
792 1428 945 1508 haberet,
962 1426 1073 1514 paucis
1089 1424 1205 1489 diebus
1235 1428 1237 1434 ’

138 1529 330 1617 Jugurtham
341 1532 486 1595 vinctum
502 1533 627 1595 visuros
642 1529 823 1612 dictitabat,
836 1545 987 1619 prompte
1003 1528 1065 1593 illis
1082 1543 1205 1592 etcum

139 1653 271 1694 assensu
287 1632 563 1712 auscultantibus,
585 1633 661 1720 quia
679 1632 800 1696 bellurn
820 1632 951 1721 privatis
972 1651 1088 1694 eorum
1108 1629 1207 1692 ratio·

139 1730 235 1794 nibus
249 1730 422 1795 adversum
438 1731 699 1822 damnosumque
718 1749 795 1802 erat.

182 1833 248 1921 XL.
274 1832 337 1898 Sed
363 1857 469 1921 neque
493 1834 709 1899 Numidarum
732 1834 995 1932 suffragationem
1018 1853 1130 1922 parare
1148 1853 1207 1895 ue·

140 1932 258 2020 glexit:
276 1956 418 2021 quorum
439 1935 589 2025 princeps
608 1937 641 2000 in
664 1938 810 2025 partibus
828 1935 971 1999 romanis
989 1931 1104 1998 Gauda
1120 1945 1207 2013 erat,

139 2036 365 2100 Manastabalis
392 2035 499 2118 fitius,
525 2038 615 2120 ejus,
634 2040 692 2127 qui
716 2055 749 2102 et
773 2038 984 2128 Iugurtham,
1006 2034 1063 2099 sed
1089 2056 1127 2097 ex
1148 2033 1209 2097 alie

140 2138 293 2217 muliere,
319 2156 549 2226 procreaverat.
581 2140 686 2220 Hujus
713 2140 886 2203 amicitiam
913 2154 1039 2226 captare
1065 2136 1207 2217 Marius,

139 2236 243 2317 adire,
260 2237 365 2302 donec
386 2257 610 2329 opportunum
630 2241 692 2304 sibi
709 2255 816 2321 ratus,
836 2255 911 2328 post
926 2240 1007 2303 alios
1023 2257 1208 2312 sermones,

140 2353 172 2399 et
193 2338 373 2402 affectatam
393 2340 575 2405 officiorum
598 2342 881 2430 pollicitationem,
900 2363 973 2428 quoe
998 2340 1100 2403 ferme
1125 2337 1208 2401 nttlli

138 2441 334 2525 promittunt
349 2444 545 2524 accuratius,
563 2466 661 2530 quam
680 2444 737 2531 qui
758 2443 892 2507 minime
909 2440 1091 2530 praestaturi
1110 2454 1207 2520 sunt,

138 2540 181 2603 ita
197 2544 310 2630 coepit:
327 2544 451 2607 ·Nunc
467 2543 547 2607 illud
564 2545 598 2606 in
619 2545 808 2632 propinquo
830 2561 960 2631 tempus
979 2558 1043 2624 est,
1057 2563 1124 2628 quo
1141 2561 1209 2602 rna·

140 2644 245 2705 «xime
268 2645 423 2730 perspici,
449 2667 515 2731 quo
539 2645 678 2731 quisque
706 2645 738 2707 in
764 2645 844 2707 alios
863 2644 905 2707 sit
925 2643 1053 2723 animo,
1075 2640 1207 2728 poterit.

139 2744 236 2805 «Non
251 2767 285 2806 es
300 2745 446 2823 nescius,
463 2767 561 2831 quam
576 2744 811 2808 contumeliose
828 2743 909 2807 mihi
923 2740 1127 2830 responderit
1138 2741 1209 2805 Me·

141 2873 152 2895 «ι
163 2842 272 2922 tellus,
291 2843 382 2930 quod
399 2844 606 2906 comitiorum
626 2842 696 2907 dies
715 2843 978 2931 appropinquat:
999 2863 1105 2928 neque
1128 2839 1210 2904 mihi

140 2958 228 3005 «tam
251 2943 422 3007 infeliciter
444 2958 552 3032 gestus
579 2939 762 3007 tribunatus
785 2943 905 3032 plebis,
930 2941 1049 3006 deinde
1071 2958 1212 3029 praeture

140 3075 151 3096 ιι
163 3061 224 3124 est,
241 3067 348 3132 neque
367 3061 432 3108 tam
455 3059 611 3133 angustus
628 3044 773 3127 animus,
794 3060 832 3108 ut
850 3044 901 3108 his
925 3043 1107 3106 honoribus
1128 3064 1211 3106 oon·

141 3163 274 3210 «tentus
298 3147 422 3228 vivam,
447 3145 552 3211 donec
579 3144 694 3238 aliquis
717 3146 778 3211 erit
804 3147 838 3210 in
866 3144 993 3208 civitate
1019 3158 1128 3206 nostra
1155 3163 1210 3206 su·

146 3248 279 3334 ‹perion
1204 3257 1208 3265 '

183 3350 267 3413 XLl.
287 3381 300 3404 «ι
314 3350 360 3413 Ea
378 3372 428 3414 res
446 3333 643 3438 quamquam
660 3372 721 3437 pro
739 3348 878 3412 amicitia
897 3362 1007 3411 nostra
1028 3345 1087 3410 tibi
1106 3343 1212 3410 dolori

140 3480 151 3500 «ι
163 3467 227 3531 est,
244 3474 311 3514 non
328 3467 435 3516 tamen
452 3468 614 3540 peterem,
633 3467 672 3514 ut
689 3449 729 3514 atl
753 3465 843 3513 tuam
867 3449 1026 3513 ultionem
1049 3446 1211 3537 pertinere

142 3550 326 3632 «crederes,
341 3554 403 3616 nisi
426 3553 570 3633 ejusdem
595 3552 738 3616 bominis
763 3551 915 3640 superbia
937 3552 971 3614 in
994 3564 1042 3629 te,
1058 3572 1156 3636 quam
1175 3548 1210 3612 itt

141 3681 152 3703 a
164 3674 215 3713 me
229 3652 306 3731 fuit,
325 3654 560 3718 intolerabilior
577 3654 759 3717 exstitisset.
778 3653 863 3716 Nam
880 3649 971 3738 quod
989 3670 1081 3712 meus
1100 3664 1210 3712 tamen

141 3753 339 3838 «imperator
363 3769 427 3833 est,
452 3771 484 3818 et
507 3754 676 3819 nobilitate
698 3754 825 3843 generis
846 3751 964 3832 anteit,
987 3772 1056 3813 non
1078 3748 1210 3836 quidem

142 3886 153 3907 ιι
164 3853 332 3935 idoneam,
346 3853 402 3917 sed
415 3870 523 3918 tamen
536 3856 676 3943 aliquam
692 3858 721 3918 ei
736 3852 977 3918 excusationem
991 3865 1139 3939 praestat:
1155 3848 1213 3913 ted

142 3953 328 4041 ¹«quodnam
345 3954 379 4016 in
398 3969 430 4017 te
451 3954 536 4018 illius
556 3955 730 4042 imperium
748 3954 819 4017 est?
840 3968 898 4015 aut
915 3975 980 4040 qua
1004 3951 1130 4015 ratione
1150 3949 1211 4015 tibi

141 4075 198 4114 «se
211 4053 396 4140 anteponit,
414 4076 519 4140 quum
534 4055 577 4118 sis
593 4055 728 4118 vetustis
743 4054 858 4118 Africae
875 4053 1007 4143 regibus
1024 4050 1148 4132 editus,
1162 4051 1212 4116 vir

143 4152 253 4241 «apud
275 4153 446 4242 populares
466 4169 498 4218 et
514 4155 548 4217 in
574 4154 657 4219 urbe
673 4170 783 4219 nostra
803 4155 1090 4232 honoratissimus,
1113 4152 1212 4219 Moi-

143 4256 259 4320 unisste
274 4256 459 4321 amicissimi
478 4256 710 4344 clarissimique
729 4258 814 4346 regis
830 4278 951 4345 nepos,
965 4255 1083 4319 unicus
1100 4255 1210 4320 numi·

177 4436 332 4508 snm.
345 4441 467 4497 numm
480 4468 515 4481 -
531 4441 627 4493 num.
642 4467 676 4486 -
689 4441 910 4493 moene-reu.
923 4443 963 4500 n,
979 4456 1019 4493 tt.
