2594 4980
131 768 196 842 156
298 773 366 838 JO.
393 770 734 839 FRElNSllEMll
765 767 1010 835 SUPPLEM.

167 892 350 957 xxxvut.
377 892 442 974 Qui
468 890 524 955 ubi
549 891 693 979 asperius
714 887 824 953 omnia
848 889 962 951 bomar
984 887 1173 953 renuntiare-

123 1013 218 1078 runt,
239 1011 392 1082 tanquam
420 1017 487 1058 non
505 993 674 1081 repentina
693 991 805 1080 populi
829 988 1106 1072 consternatione,
1122 984 1177 1055 teti

121 1099 272 1163 consulto
287 1096 412 1176 injuriis
428 1095 535 1159 affecti
552 1095 675 1176 forent3
691 1106 839 1173 senatus,
855 1084 1183 1157 unimammas

122 1199 360 1288 indignatione,
378 1198 499 1286 legatos
515 1197 684 1286 erestigio
702 1194 899 1275 nominavit,
912 1194 998 1259 inter
1012 1216 1094 1283 quos
1106 1216 1184 1283 pre·

122 1300 237 1387 cipuus
253 1299 409 1389 dignitate
426 1297 498 1362 Sex.
515 1297 619 1362 Julius
638 1296 712 1362 fuit.
732 1296 791 1361 llis
808 1293 1015 1378 mandatum,
1031 1306 1068 1361 ut
1081 1295 1190 1361 leuia·

121 1402 294 1490 objurgatis
316 1401 461 1481 Achaer's,
489 1399 529 1464 de
556 1414 667 1463 caetero
686 1412 835 1463 accurate
859 1398 1025 1478 docerent,
1043 1420 1107 1463 rtou
1122 1414 1191 1461 essa

114 1504 302 1590 proebertdus
314 1505 424 1591 pravis
444 1501 672 1566 consultoribus
693 1524 800 1583 aures,
824 1503 883 1589 qui
890 1499 1046 1589 populum
1062 1500 1193 1566 thuim

120 1607 325 1694 rgaammque
339 1606 505 1668 rhrinuur'a's
518 1604 656 1667 rortanr's
669 1599 792 1690 illigare
801 1601 1075 1667 molt'reaturtesse
1085 1598 1193 1665 adtrc

114 1710 309 1793 poeaiteutioe
319 1706 439 1785 locum,
455 1707 526 1768 siin
538 1719 681 1769 attereres
680 1702 775 1790 facti
779 1726 842 1791 per
851 1702 1089 1791 intumulatam
1102 1698 1192 1767 coit-

120 1811 214 1871 missa
234 1807 395 1870 arcadicum
413 1809 553 1870 schemat.
573 1804 787 1893 Perspicuum
808 1825 848 1867 ex
862 1803 914 1867 his
931 1818 1020 1880 erat,
1036 1825 1078 1867 ne
1099 1801 1190 1891 prius

120 1906 254 1994 quidem
278 1905 463 1987 decretum,
481 1904 570 1993 quod
587 1905 717 1970 Orestes
741 1904 933 1994 pertulerat,
951 1903 994 1968 ad
1011 1903 1188 1969 dissolven-

118 2006 199 2070 dum
215 2007 352 2070 omnino
370 2007 545 2071 concilium
563 2006 732 2071 achaicum
747 2007 955 2095 spectavisse,
972 2004 1031 2071 sed
1046 2006 1112 2071 hoc'
1125 2028 1187 2095 po·

117 2109 182 2171 tius
199 2124 307 2172 actum
330 2124 368 2171 ut
388 2125 510 2173 terrore
523 2108 587 2173 hoc
604 2108 741 2190 injecto,
761 2109 966 2198 frangeretur
983 2107 1182 2174 contumacia

118 2211 239 2299 gentis,
256 2232 358 2297 eaque
371 2209 412 2275 ad
428 2209 597 2275 colendam
607 2209 720 2290 majori
736 2233 812 2274 cum
829 2209 1008 2274 reverentia
1020 2230 1182 2273 romanam

118 2313 290 2377 amicitiam
308 2311 579 2376 transduceretur.
594 2313 709 2399 Neque
725 2310 876 2393 deerant,
892 2311 949 2399 qui
966 2310 1106 2399 tempori
1122 2326 1183 2373 taa-

119 2431 189 2477 tum
214 2414 362 2479 molliora
384 2412 535 2478 mandata
556 2413 656 2477 tribui
673 2428 844 2501 putarent,
866 2412 957 2501 quod
975 2410 1085 2477 adhuc
1110 2415 1181 2477 Car·

119 2516 216 2604 thago
242 2516 418 2580 resistebat.
443 2515 506 2579 Sed
531 2515 687 2580 nimirum
709 2515 736 2579 is
764 2531 836 2578 tum
861 2531 929 2579 erat
949 2513 1039 2578 urbis
1061 2514 1181 2603 punicu

117 2633 236 2699 status,
253 2634 291 2681 ut
303 2641 436 2706 parvum
450 2619 586 2683 omnino
601 2634 804 2682 momentum
816 2618 850 2681 in
867 2618 1010 2683 consiliis
1021 2619 1182 2683 Romano·

117 2742 190 2782 rum
207 2722 311 2784 facere
330 2739 458 2810 posset:
473 2723 651 2811 praesertim
667 2725 787 2813 pacatis
806 2722 960 2787 omnibus
975 2722 1063 2805 aliis,
1077 2739 1110 2789 et
1124 2744 1184 2787 ma-

117 2845 179 2909 gna
197 2823 316 2887 civium
334 2847 545 2890 romanorum
558 2826 754 2913 frequentia,
769 2848 912 2914 quorum
927 2842 998 2890 tum
1017 2825 1051 2889 in
1064 2824 1183 2890 tabulas

115 2925 260 3012 publicas
276 2927 372 2992 relata
384 2943 462 2992 sunt
474 2944 618 2993 trecenta
633 2929 748 3017 viginti
760 2928 827 2992 duo
841 2928 968 2991 milliaa
981 2928 1017 2992 L.
1035 2925 1184 2993 Cornelio

116 3027 255 3093 Lentulo
272 3030 379 3118 Lupo,
398 3031 434 3096 L.
455 3031 578 3095 Marcio
595 3031 775 3095 Censorino
792 3028 982 3093 censoribus
1001 3051 1010 3093 ι
1028 3026 1120 3116 quod
1134 3027 1184 3091 lu·

116 3146 220 3195 strum
239 3148 366 3195 sextum
386 3147 418 3195 et
433 3133 739 3221 quinquagesimum
754 3134 866 3196 Romae
883 3130 955 3193 fuit.

159 3232 315 3296 XXXIX.
346 3234 570 3321 Magistratum
595 3232 713 3297 deinde
743 3235 802 3297 Cn.
830 3230 1000 3295 Cornelius
1028 3228 1185 3294 Lentulus

115 3335 150 3397 L.
175 3333 354 3396 Mummius
374 3334 523 3397 consules
542 3334 673 3398 inisero.
695 3333 804 3397 Ludos
827 3332 986 3398 seculares
1003 3347 1076 3398 tum
1093 3354 1185 3421 quar-

116 3449 185 3495 tum
205 3432 306 3496 factos
323 3435 383 3497 Cn.
408 3433 499 3515 Piso,
518 3435 578 3498 Cn.
596 3433 736 3516 Gellius,
754 3451 788 3499 et
803 3435 932 3500 Cassius
955 3432 1114 3514 Hemina,
1130 3433 1184 3521 qui

116 3557 155 3596 co
185 3549 331 3621 tempore
355 3533 498 3616 vivebat,
528 3552 675 3600 auctores
701 3551 786 3601 sunt.
813 3535 1018 3616 Provincias,
1042 3534 1185 3624 Scipioni

114 3636 253 3700 Africam
263 3685 271 3717 ,
282 3635 413 3700 Metello
420 3636 643 3702 Macedoniam
653 3688 662 3721 ‚
674 3638 792 3702 auferri
803 3661 871 3701 non
881 3637 1019 3726 placuit:
1034 3659 1103 3702 una
1111 3659 1186 3701 oon·

116 3737 228 3800 sularis
245 3760 328 3800 nova
342 3739 423 3801 facta
440 3754 489 3803 est
508 3739 643 3815 Achaia,
667 3762 804 3827 eamque
821 3739 982 3803 Mummio
1002 3760 1074 3803 sors
1093 3737 1185 3805 attri-

114 3839 187 3902 buit
204 3861 211 3903 :
228 3839 302 3925 qui,
319 3840 394 3904 licet
410 3842 547 3906 maxima
564 3842 769 3906 festinatione
784 3840 1022 3930 profectionem
1042 3856 1184 3927 pararet,

115 3941 238 4005 bellum
256 3956 363 4004 tamen
375 3964 472 4030 opera
488 3943 608 4009 Metelli
619 3942 684 4023 jam
698 3944 852 4007 affectum
868 3943 1004 4032 reperit,
1021 3958 1060 4006 ut
1072 3959 1185 4031 postet

117 4041 380 4107 memorabimus.
392 4044 513 4108 Eadem
523 4045 610 4108 enim
621 4045 728 4110 hieme
740 4044 849 4132 Scipio
857 4044 1084 4133 Carthaginem
1096 4040 1184 4109 haud

118 4145 220 4209 levius
233 4145 335 4225 lame,
347 4168 444 4232 quam
456 4169 514 4233 per
524 4162 664 4211 aestatem
675 4146 789 4227 armis,
804 4146 991 4234 premebat:
1004 4144 1096 4210 unde
1108 4168 1183 4209 mox

116 4245 239 4310 facilior
249 4245 402 4310 adversus
415 4246 570 4313 invalidos
584 4264 616 4312 et
631 4246 739 4313 inedia
753 4248 926 4313 exhaustos
942 4247 1077 4311 victoria
1089 4248 1160 4311 luit.

149 4451 164 4515 §
181 4455 327 4500 llllllVlll.
341 4456 431 4503 lustin.
447 4482 481 4492 -
495 4454 583 4520 Polyb.
596 4481 630 4491 -
642 4454 731 4502 Euseb.
741 4481 774 4491 —
785 4454 850 4504 Fasti
861 4455 968 4521 Capitol.
980 4480 1015 4491 -
1026 4452 1044 4517 S
1055 4452 1178 4501 mlx.

114 4538 214 4585 Censor.
224 4535 254 4584 de
265 4538 310 4584 uie
320 4540 392 4588 natal.
405 4556 459 4604 rap.
472 4536 630 4603 17.-t¹igh.
641 4537 731 4587 sumt
