2594 4980
121 709 192 785 236
216 717 235 784 J
242 716 287 783 O.
312 713 505 780 FREINS.
530 712 665 781 SUPP.
686 710 742 779 IN
762 712 874 781 LOC.
897 712 995 781 Llll.
1015 712 1111 783 le.

118 834 343 924 sapientissimi
360 833 563 898 committere
576 831 758 912 noluerint,
772 847 811 896 ut
824 831 1020 896 accusatoris
1031 830 1162 923 potentis

119 935 331 1027 dignitatique
358 935 508 998 tribuisse
536 933 714 1022 quidquam
738 931 949 1016 viderentur,
976 933 1161 999 manifestum

118 1053 184 1119 est,
203 1054 268 1101 tam
288 1037 404 1101 malam
426 1037 683 1117 excusationem,
697 1057 764 1099 non
782 1035 844 1100 nisi
864 1036 1040 1101 meliorum
1056 1037 1160 1127 inopis,

117 1139 284 1229 placuisse.
303 1140 387 1202 Nam
403 1139 429 1201 si
446 1138 531 1227 leges
547 1137 732 1203 exercendae
749 1159 817 1203 non
838 1153 937 1220 sunt,
956 1160 1017 1203 cur
1034 1141 1161 1229 saneim·

118 1240 194 1305 turl
206 1258 262 1304 aut
277 1256 422 1328 praestat,
440 1240 612 1304 accusandi
629 1262 770 1321 munus,
794 1241 827 1304 in
847 1264 915 1329 quo
935 1262 1004 1329 prae
1025 1241 1092 1305 aliis
1108 1262 1160 1331 grt-

116 1344 196 1405 vitas
213 1358 244 1405 et
260 1342 426 1421 sanctitas,
443 1356 561 1406 etcum
577 1342 757 1406 constantia
770 1341 850 1407 fides
864 1342 1060 1431 requiritur,
1075 1341 1160 1407 aden·

115 1461 211 1532 ptum
228 1443 428 1533 principibus
446 1443 537 1528 viris,
554 1443 684 1509 adodia
700 1443 958 1534 cupiditatesque
974 1442 1159 1510 sordidorum

118 1546 290 1610 hominum
308 1544 504 1610 demittere?

159 1648 329 1714 XXXVII.
346 1647 472 1735 Nempe
489 1646 577 1711 aliud
596 1661 629 1712 et
643 1647 705 1712 illis
724 1647 945 1737 temporibus,
961 1663 996 1712 et
1010 1647 1157 1737 proximis,

113 1748 272 1828 judicium
289 1750 424 1813 civitatis
439 1771 581 1813 romanae
598 1749 781 1838 principum
795 1748 874 1832 luit3
891 1772 997 1838 quum
1012 1772 1073 1815 nec
1083 1748 1158 1838 paulo

116 1867 190 1915 ante
207 1851 251 1915 Μ.
271 1854 370 1933 Cato,
390 1873 498 1938 neque
516 1850 682 1939 aliquanto
701 1864 776 1939 post
796 1851 841 1915 tt.
858 1850 1016 1932 Scaurus,
1037 1848 1157 1914 deiorut

115 1968 171 2016 aut
188 1952 314 2042 fastigio
332 1976 392 2016 suo
412 1951 585 2041 indignum
600 1950 773 2032 ducerent,
790 1966 829 2015 ut
845 1950 1070 2015 defensionem
1084 1949 1156 2013 inra-

113 2054 257 2119 centium
277 2055 414 2135 civium,
433 2055 477 2118 ita
499 2053 718 2118 accusationes
741 2053 987 2143 improborum,
1010 2051 1154 2139 tmepore

114 2155 387 2244 Interpretentur,
399 2171 437 2219 ut
452 2156 581 2238 volent,
600 2156 657 2245 qui
677 2155 801 2220 artibus
820 2154 1023 2244 quibuslibet
1039 2156 1154 2218 favorem

114 2256 198 2320 bene
214 2259 314 2345 quaeri
328 2274 444 2347 putant
455 2281 462 2322 :
475 2273 561 2322 certe
572 2255 848 2346 quemadmodum
865 2254 992 2321 ferendi
1008 2278 1074 2320 non
1087 2266 1153 2327 suut,

115 2358 170 2446 qui
191 2374 312 2424 temere
333 2360 514 2448 periculum
531 2359 664 2424 cuilibet
682 2372 809 2438 creant,
827 2358 872 2421 ita
891 2358 1057 2447 pereuntis
1072 2355 1154 2442 reipu-

114 2460 204 2524 blicae
229 2462 364 2525 minime
385 2462 478 2525 fallax
500 2459 658 2525 indicium
681 2476 747 2541 est,
766 2458 793 2524 si
813 2458 875 2523 vile
895 2481 999 2548 opus,
1020 2474 1054 2523 et
1070 2452 1153 2521 boni·

113 2559 211 2624 nibus
233 2561 379 2625 honestis
404 2562 635 2625 inconveniens
661 2562 834 2642 habeatur,
855 2583 917 2649 pro
938 2560 1035 2625 bonis
1056 2556 1152 2623 unlus

114 2659 286 2725 adversum
303 2662 403 2725 malos
420 2684 528 2726 mores
546 2663 693 2750 praeliari.

148 2878 164 2944 S
180 2881 301 2928 xxxvl.
313 2882 345 2929 U.
357 2882 385 2930 C.
399 2884 464 2942 orn
478 2882 856 2947 A-C.139.-cic.1)ivin.c.
869 2899 918 2944 αις
930 2882 998 2933 iden
1008 2882 1145 2949 proma

113 2978 135 3011 c.
149 2965 190 3012 πθ.
204 2966 297 3013 -Vab
312 2967 462 3027 mantin,
480 2979 508 3027 ι,
522 2981 564 3015 tr.
581 2995 617 3007 -
629 2967 646 3032 s
659 2964 1071 3025 annumerantes
