2594 4980
141 746 208 816 302
311 750 377 815 JO.
406 749 745 816 FRElNSHEMlI
777 749 1022 816 SUPPLEM.

137 888 212 933 men
240 864 371 955 quidem
395 869 469 931 satis
494 883 681 934 constanter
699 867 849 949 traditur,
875 870 915 950 Q.
944 869 1090 934 Mucium
1114 870 1199 951 aliis,

136 973 204 1035 aliis
219 970 416 1049 Minucium,
434 985 489 1032 aut
503 970 698 1033 Mummium
716 969 927 1034 tradentibus.

140 1094 143 1099 ·
179 1070 334 1137 XXVlll.
348 1072 424 1134 lloec
436 1071 568 1133 victoria
578 1070 681 1157 plebis
692 1070 818 1134 animos
833 1070 1042 1134 vehementer
1051 1065 1197 1145 sustulit,

135 1190 320 1263 magnoque
332 1174 504 1235 hominum
521 1188 683 1237 concursu
701 1184 815 1237 tuctur
828 1187 892 1235 tam
907 1187 1004 1260 gratae
1019 1171 1114 1259 legis,
1130 1188 1195 1235 non

36 1328 39 1338 .
135 1285 289 1361 tunquam
305 1274 402 1335 unius
412 1272 541 1360 oppidi,
554 1272 609 1336 sed
623 1273 722 1337 totius
730 1273 829 1336 Itali
840 1272 990 1337 conditor
1000 1292 1197 1360 parensque,

135 1375 271 1439 domum
291 1374 442 1437 reductus
458 1389 516 1437 est.
531 1371 571 1437 At
586 1390 716 1438 senatus
734 1390 767 1438 et
782 1375 907 1462 equites
919 1374 1064 1454 romani,
1077 1374 1196 1460 quibus

134 1498 173 1540 ex
189 1476 358 1540 ordinibus
375 1477 520 1563 plerique
536 1497 629 1565 agros
646 1477 706 1540 hro
722 1477 793 1566 lege
806 1475 1011 1556 omittebant,
1027 1475 1130 1563 palam
1147 1475 1196 1538 in·

133 1576 272 1666 dignati,
291 1578 409 1664 quibus
426 1592 576 1664 poterant
587 1577 709 1659 modis,
726 1577 873 1641 dolorem
889 1598 986 1641 suum
1001 1576 1196 1641 ulcisceban-

133 1695 205 1742 tur:
220 1696 252 1742 et
273 1680 434 1767 ingressus
451 1680 573 1742 curiam
586 1679 753 1760 Tiberius,
767 1701 870 1766 quum
886 1701 926 1742 ex
942 1700 1033 1742 more
1049 1678 1197 1742 taberna·

132 1782 259 1861 culum,
274 1780 424 1845 divisuris
438 1802 552 1869 agrum
564 1780 633 1845 dari
642 1781 775 1846 solitum
784 1829 793 1862 ,
802 1795 925 1870 peteret
934 1828 943 1860 ,
953 1803 1028 1844 cum
1042 1780 1194 1845 conviciis

132 1883 293 1970 repulsam
316 1883 404 1962 tulit3
430 1884 525 1945 etiam
545 1883 578 1945 in
597 1882 753 1947 diurnum
779 1898 947 1969 sumptum
971 1902 1011 1943 ex
1035 1881 1194 1943 sententia

132 1983 168 2047 P.
186 1984 344 2072 Scipionis
368 1983 507 2063 Nasicae,
526 1983 616 2048 haud
633 1984 770 2072 amplius
788 1983 951 2048 sestertios
969 2002 1064 2047 senos
1083 1982 1113 2045 ei
1135 1981 1193 2046 ds·

132 2102 314 2148 creverunt.

175 2187 297 2250 XXIX.
323 2187 435 2248 Nasica
458 2187 564 2265 enim,
592 2184 682 2272 quod
708 2206 862 2273 magnum
885 2198 1037 2272 agrorum
1057 2181 1190 2246 modum

131 2285 330 2374 possidebat,
341 2287 475 2348 moleste
486 2287 606 2365 ferens,
620 2301 752 2349 auctore
762 2284 909 2349 Graccho
922 2283 1051 2371 expelli,
1061 2283 1103 2347 ad
1120 2305 1192 2348 sus·

131 2387 293 2474 cipiendas
310 2409 384 2449 cum
401 2409 441 2448 en
459 2386 638 2448 inimicitias
654 2385 770 2474 cupide
788 2400 988 2474 proruperat.
1005 2385 1111 2448 'fanto
1124 2386 1209 2449 avi-⁸

130 2488 202 2552 dius
215 2490 380 2575 inceptum
395 2504 580 2576 persecutus
594 2489 721 2568 juvenis
730 2537 739 2563 ,
748 2488 938 2550 immensam
949 2486 1189 2551 multitudinem

129 2604 221 2678 agros
241 2588 438 2676 sperantium
456 2588 496 2651 ah
510 2587 598 2651 Urbe
614 2610 723 2653 secum
738 2589 859 2653 eduxit.
872 2590 948 2669 Quo
966 2589 1098 2652 liberius
1111 2588 1189 2652 irem

129 2707 162 2754 et
181 2691 283 2753 minas
302 2693 477 2777 spirantes,
497 2691 601 2753 caeteri
621 2691 781 2780 negabant
796 2694 921 2778 impune
936 2688 1090 2768 laturum
1115 2689 1187 2775 qui,

127 2805 327 2855 sacrosancta
354 2806 510 2880 potestate
530 2791 670 2871 titolata,
692 2807 817 2856 tamam
836 2794 869 2855 in
886 2790 983 2854 Italia
1005 2791 1189 2854 seditionum

126 2906 334 2983 tempestatem
349 2897 522 2957 excitatum
548 2896 616 2958 iret.
632 2894 748 2982 Neque
766 2895 894 2957 inanem
917 2892 1049 2980 periculi
1065 2906 1187 2954 metum

126 2996 153 3058 ei
170 3015 271 3082 quum
295 2998 353 3058 alia
370 2997 487 3059 indicia
507 2998 664 3077 fecerant,
681 3013 752 3060 tum
770 2998 867 3060 unius
884 2995 1060 3058 amicorum
1079 2993 1189 3057 subito

127 3096 272 3161 defuncti
296 3116 443 3184 suspecta
469 3100 558 3186 signa
583 3100 754 3186 praeferens
780 3119 919 3184 corpus;
942 3114 1188 3179 concursuque,

125 3216 228 3283 quum
239 3200 419 3274 efferretur,
430 3198 701 3276 facto,hominenr
711 3218 837 3259 veneno
847 3196 1018 3276 interiisse,
1028 3194 1187 3258 creditum

124 3301 423 3384 conclamatumque
433 3313 495 3376 est;
508 3313 539 3359 et
548 3297 592 3359 ob
601 3297 771 3359 amicitiam
786 3297 922 3360 Gracchi
933 3295 1098 3383 plebisque
1106 3295 1187 3359 sub·

124 3401 224 3462 latum
250 3399 467 3486 interpretati,
485 3398 657 3462 subierunt
680 3399 817 3479 lectum,
840 3421 1023 3487 rogumque
1046 3398 1186 3461 circum-

124 3509 293 3562 steterunt.

165 3601 270 3662 XXX.
292 3601 398 3684 Atque
418 3614 485 3660 erat
504 3597 591 3662 haud
608 3599 748 3663 multum
764 3600 915 3664 aberrans
933 3623 951 3663 a
973 3599 1188 3665 similitudine

122 3701 188 3763 veri
197 3701 338 3787 suspicio
350 3723 357 3763 :
371 3723 510 3786 namque
521 3700 705 3788 disruptum
715 3701 748 3764 iu
764 3702 837 3789 igne
847 3717 1109 3789 corpus,tantam
1120 3701 1185 3764 vim

121 3802 268 3864 humoris
289 3801 421 3873 effudit,
440 3820 479 3864 ut
498 3800 658 3865 flammam
682 3802 918 3890 exstinguerem
937 3824 1042 3889 neque
1066 3803 1185 3866 iterum

121 3904 194 3991 igue
212 3926 346 3966 accenso
363 3905 412 3966 uri
428 3905 551 3991 potuit,
562 3902 668 3966 donec
683 3903 782 3966 aliurn
799 3903 832 3964 iu
850 3903 958 3967 locum
977 3903 1167 3966 translatum
1176 3946 1188 3977 ,-

120 4004 165 4067 sic
183 4027 315 4091 quoque
333 4028 434 4092 aegre,
452 4020 657 4068 cremaretur.
679 4004 724 4067 Ea
748 4026 798 4067 res
820 4004 1021 4068 occasionem
1038 4003 1185 4068 Graccho

120 4102 224 4185 dedit,
252 4127 366 4192 magna
389 4104 502 4167 divites
523 4104 643 4168 invidia
661 4102 836 4185 onerandi,
856 4106 912 4191 qui
936 4121 1057 4169 mutata
1078 4122 1184 4186 verte,

119 4205 352 4292 productisque
370 4206 402 4266 in
424 4207 530 4267 lorum
549 4205 675 4287 liberis,
691 4206 830 4285 horum,
849 4208 1025 4294 matrisque
1043 4230 1110 4272 suae
1126 4226 1186 4271 cu·

153 4411 291 4474 §mlh
309 4407 431 4457 Plutarch.
450 4408 475 4454 in
494 4407 620 4466 Graccho,
634 4424 687 4474 cap.
701 4411 741 4457 ιθ.
760 4436 794 4446 -
813 4411 885 4457 Orus.
896 4411 929 4467 V,
941 4412 965 4458 8.
978 4437 1014 4447 -
1025 4411 1133 4476 Appian.
1152 4439 1181 4447 --

120 4493 135 4556 §
149 4495 266 4540 XXVIII.
278 4494 330 4543 Liv.
342 4493 408 4556 Epit.
418 4517 453 4529 -
464 4491 586 4540 Plutarch.
596 4490 655 4555 -s
669 4492 765 4540 XXIX.
777 4493 884 4556 Appiana.
898 4517 934 4533 *-
947 4492 1069 4540 Plutarch.
