2594 4980
127 706 189 775 108
292 709 358 776 JO.
386 710 728 780 FREINSHEMII
758 712 1007 783 SUPPLEM.

118 851 255 908 norum,
272 830 327 915 qui
346 831 585 912 occubuerant,
598 830 700 895 vicem
715 832 956 916 iniserantibus;
968 850 1000 898 et
1011 832 1159 925 hincque

119 952 184 1017 que
202 930 343 1017 Scipioni
356 930 459 994 laudis
473 934 621 996 materies
634 933 695 995 tuit
707 956 714 996 :
726 934 781 1020 qui
799 935 960 1022 permissu
973 936 1109 1001 consulis
1119 954 1159 1027 pfl

118 1032 279 1118 captivum
299 1032 435 1095 vinculis
451 1032 596 1096 solutum
612 1032 804 1098 Hasdrubali
820 1034 965 1122 scripsit,
982 1052 1020 1099 ut
1034 1035 1159 1103 tritum

118 1133 277 1219 sepeliret.
291 1134 398 1221 Atque
414 1134 467 1198 ille
479 1136 651 1222 requisitos
668 1136 753 1199 inter
769 1135 938 1220 cadavera,
955 1153 988 1201 et
1003 1139 1124 1227 agnitos
1136 1158 1159 1201 e

118 1235 246 1298 annulis
266 1237 372 1299 aureis
396 1235 488 1323 (nam
507 1238 622 1326 vulgus
644 1237 784 1301 militum
801 1237 922 1301 ferreos
945 1238 1107 1327 gestabat)
1126 1254 1159 1303 tu

118 1335 198 1398 muli
218 1335 343 1399 honore
365 1336 489 1411 affecit,
511 1338 658 1425 lectaque
679 1361 793 1402 eorum
808 1360 878 1401 ossa
900 1339 1024 1405 remisit
1042 1339 1084 1405 ad
1102 1360 1159 1405 eon

118 1437 237 1519 sulem;
254 1438 320 1500 sive
334 1437 536 1503 humanitate
548 1438 703 1526 quadam,
714 1441 795 1520 sive,
811 1439 901 1526 quod
916 1441 1063 1507 moribus
1076 1438 1159 1527 homi

117 1538 167 1601 nis
184 1539 363 1625 proximius
380 1555 442 1619 est,
461 1557 650 1628 surgentem
667 1540 827 1626 Scipionis
844 1541 1103 1628 magnitudinem
1117 1541 1159 1623 ju

117 1654 187 1703 tum
207 1640 364 1728 incipiens
380 1639 513 1705 adulari.
532 1642 682 1728 Magnam
698 1638 787 1703 haud
803 1639 903 1704 dubie
921 1663 971 1705 res
991 1642 1062 1705 baec
1076 1640 1159 1727 existi

115 1742 292 1805 mationem
309 1742 450 1829 Scipioni
465 1740 695 1820 circumdedit,
710 1763 808 1827 quem
828 1763 931 1805 unum
949 1764 1015 1829 pree
1032 1742 1159 1833 omnibu

117 1843 271 1907 Romanis
290 1843 384 1905 etiam
398 1841 487 1929 apud
505 1842 615 1905 hostes
632 1841 666 1903 in
685 1841 811 1904 honore
827 1863 896 1904 esse
911 1840 1076 1907 videbant.

158 1944 224 2007 LV.
242 1944 365 2007 Consul
386 1941 427 2006 ad
443 1958 562 2023 castra,
577 1964 649 2029 quae
665 1941 728 2005 sub
745 1942 936 2030 Carthagine
956 1941 1117 2024 habebat,
1131 1962 1159 2005 rt

117 2043 209 2109 duxit
232 2045 428 2119 exercitum,
452 2044 554 2107 multa
575 2066 688 2130 passus
710 2044 754 2108 ob
776 2066 938 2123 errorem,
962 2066 1029 2131 quo
1052 2040 1159 2109 consili

119 2144 278 2233 Scipionis
289 2147 486 2234 neglexerat:
496 2167 571 2207 nam
579 2166 677 2231 super
688 2145 794 2232 priora
803 2142 1159 2225 incommoda,recedet

115 2247 203 2311 tibus
213 2247 253 2309 ab
266 2246 466 2310 Hasdrubale
476 2245 637 2308 Phamaeas
648 2246 803 2309 molestus
810 2245 887 2326 fuit;
899 2260 931 2309 et
939 2245 1159 2335 Carthaginien

117 2370 167 2410 ses
181 2349 213 2410 in
228 2365 429 2436 postremum
439 2363 542 2411 castra
551 2347 741 2410 intrantium
752 2369 866 2436 agmen
880 2362 1073 2435 eruperunt,
1085 2347 1159 2434 impr

117 2447 404 2536 dimentorumilue
418 2471 491 2536 pars
508 2464 582 2512 ante
596 2448 664 2536 ipsa
681 2448 883 2512 munimenta
893 2448 1008 2512 amissa
1025 2462 1083 2512 est.
1097 2448 1159 2511 Du

115 2550 176 2613 ista
200 2550 336 2612 maxime
354 2567 506 2637 aguntur,
522 2551 562 2615 ab
584 2567 697 2615 senatu
720 2551 814 2638 legati
835 2548 876 2613 ad
901 2546 1118 2636 inspiciendas
1133 2566 1159 2611 nt

115 2650 230 2717 Al'ricae
250 2667 425 2732 venerunt;
448 2653 577 2740 citoque
599 2652 737 2742 cognitis
752 2651 921 2731 omnibus,
944 2651 978 2714 in
997 2650 1113 2715 urbem
1132 2668 1159 2715 rt

115 2766 282 2815 verterunt
295 2751 444 2817 laudibus
460 2754 618 2843 Scipionis
633 2754 753 2819 onusti.
768 2754 852 2817 Nam
870 2769 902 2816 et
918 2753 1048 2835 consul,
1063 2767 1097 2817 et
1108 2772 1159 2817 eor

117 2853 244 2928 cilium,
261 2871 293 2917 et
307 2854 513 2918 tribunorum
527 2856 734 2943 superstites,
751 2852 886 2918 cedente
896 2853 961 2931 jam
976 2853 1101 2917 meritae
1113 2850 1159 2931 fet

115 2956 201 3020 citati
220 2957 357 3038 invidia,
379 2975 411 3021 et
432 2960 603 3021 universus
622 2956 762 3043 denique
779 2954 938 3018 exercitus
962 2949 1159 3016 testimoniet

115 3058 144 3120 ei
161 3080 275 3120 verum
292 3060 547 3144 praeclarumque
564 3056 699 3138 dabant,
716 3072 748 3119 et
762 3078 872 3118 rerum
889 3056 1032 3142 ipsarum
1047 3072 1159 3141 praeser

117 3155 196 3222 fides
219 3158 252 3221 id
279 3158 414 3222 honoris
435 3159 626 3246 dignissimo
651 3156 762 3219 haberi
784 3154 985 3220 ostendebat.
1009 3150 1159 3220 Laetusfi

115 3280 259 3344 verisque
278 3259 402 3345 accepit
417 3259 476 3320 ista
495 3273 639 3332 senatus,
658 3273 690 3320 et
710 3258 778 3343 ipse
796 3258 894 3338 Cato,
910 3256 959 3320 vir
977 3255 1159 3343 promptior

116 3356 156 3420 ad
172 3357 421 3447 vituperandum
440 3357 574 3447 linguae,
594 3358 686 3447 graeci
700 3373 802 3446 poeta>
815 3358 939 3437 verbis,
953 3356 1087 3445 reliquos
1101 3352 1159 3419 ved

117 3459 243 3523 umbras
261 3461 421 3539 oberrare,
443 3458 544 3541 dixit;
560 3460 732 3548 Sepubnem
747 3457 847 3522 solum
860 3480 984 3546 sapere,
1004 3479 1045 3521 ac
1060 3459 1159 3545 vigera

117 3559 207 3625 unde
225 3576 353 3625 tantum
368 3562 396 3624 ei
412 3581 532 3624 nomen
550 3576 726 3648 tantusque
741 3561 833 3623 l'avor
848 3557 935 3645 apud
953 3557 1115 3644 populum
1129 3576 1159 3619 rt

117 3685 251 3728 manum
268 3686 336 3727 esse
350 3663 461 3750 empit,
477 3679 516 3726 ut
530 3663 669 3726 comitiis
685 3661 793 3725 multae
809 3659 912 3722 tribus
929 3658 1101 3723 consulem
1111 3678 1159 3723 ett

117 3765 277 3839 lacerent,
291 3786 393 3851 quum
407 3764 448 3828 ab
458 3780 548 3828 aetate
559 3764 739 3844 consulari,
750 3783 843 3850 qnam
860 3761 946 3848 leges
959 3758 1159 3847 postulabam

117 3866 294 3954 plurimum
310 3866 446 3930 abesset.

160 3966 241 4032 LVI.
265 3966 314 4029 Ne
334 3966 442 4054 legum
461 3965 592 4053 quidem
614 3966 786 4030 auctoritas
807 3965 896 4053 plus,
913 3985 1012 4051 quam
1035 3964 1070 4027 in
1089 3960 1159 4027 unit

116 4069 193 4133 anni
212 4090 352 4148 moram,
369 4068 471 4131 valuit
487 4090 494 4130 ε
512 4068 546 4130 in
564 4089 663 4153 quem
679 4067 733 4154 Sp.
751 4065 938 4129 Postumius
957 4063 1099 4127 Albinus
1114 4060 1159 4126 Mi

116 4192 216 4260 gnus,
230 4172 265 4235 L.
284 4169 478 4258 Calpurnius
493 4170 529 4232 C.
546 4170 582 4233 F.
597 4170 633 4232 C.
652 4169 692 4234 N.
710 4166 784 4231 Piso
798 4165 981 4245 Caesonius,
1002 4181 1082 4230 sunt
1101 4162 1159 4229 des

151 4381 167 4443 5
185 4383 234 4428 tv.
250 4382 302 4429 le.
312 4382 378 4447 Eplt.
395 4408 431 4419 -
444 4380 568 4431 Plutarch.
582 4382 608 4428 in
621 4382 707 4431 Caton.
722 4397 776 4445 cap.
793 4381 843 4435 52,
860 4390 884 4427 et
895 4378 1055 4449 Apnpluheg.
1067 4379 1159 4427 -llo

115 4459 204 4523 Odyss.
218 4462 259 4520 X,
278 4478 302 4510 v.
319 4461 380 4523 ⁴9⁵·
401 4488 436 4498 -
453 4460 542 4526 Polyb.
552 4460 619 4527 apud
633 4459 747 4519 suidam,
763 4460 790 4508 in
804 4458 924 4511 ἀΐσσουσι.
