2594 4980
331 109 385 175 IN
415 109 525 175 LOC.
553 107 646 175 lilli-
675 109 721 173 Ll
755 111 967 178 lilVlANl.
1122 116 1176 182 rsit

10 242 23 281 ².
133 227 236 312 tique
260 231 444 317 transfugiis
473 253 628 307 suorum,
656 254 760 315 ucquc
792 233 949 293 mortibus
984 238 1185 316 mutabatur,

10 334 52 415 lag,
127 351 225 412 qaum
238 350 376 420 utroque
389 331 489 395 modo
501 354 656 419 maguum
669 331 814 418 quotidie
824 354 999 398 numerum
1008 339 1185 418 amitteret,

125 443 209 496 unta
228 433 290 513 jam
312 435 345 498 vi
363 434 577 514 necessitatis,
596 450 634 497 ut
651 434 747 497 etiam
766 433 920 498 cndavera
938 436 1070 522 quidam
1090 440 1123 501 in
1141 442 1185 503 ci·-

10 534 58 621 tsl
122 526 198 597 barn
218 550 449 602 converterent.
465 539 509 602 At
524 536 579 599 ille
593 536 742 622 'querelas
758 535 896 599 aliorum
913 535 1028 618 irrisu,
1045 539 1183 603 aliorum

10 680 14 693 ·
120 638 320 703 mutuabit
345 652 404 702 aut
428 658 508 703 nece
529 653 769 727 prosequutus,
797 638 831 701 in
856 638 1037 702 miserrima
1057 641 1184 707 civitate

23 738 28 746 ’
120 738 293 817 modam
307 740 347 804 iis
360 739 484 806 artibus
499 740 673 821 retinebat,
687 739 807 827 quibus
820 741 873 803 rix
889 742 1063 829 quisquam
1080 759 1185 832 tyran·

10 835 28 919 t·
119 850 237 905 nomm
252 841 286 905 in
305 841 490 906 beatissima
504 857 662 907 uteretur.

23 938 30 947 '
151 932 311 1009 Xxvul.
328 942 393 1008 Sed
410 943 530 1008 talibus
548 944 704 1008 nimirum
724 966 808 1032 opus
829 961 896 1026 est,
917 966 1021 1032 quum
1042 947 1183 1034 populos

119 1029 169 1098 dit!
188 1042 295 1109 felices
310 1044 352 1109 ad
366 1045 537 1110 interitum
553 1061 647 1110 vocat
662 1046 806 1110 humana
822 1048 932 1110 omnia
947 1063 1058 1116 rotans
1072 1071 1181 1112 rerum

117 1131 310 1212 instetbilitas.
325 1148 440 1235 Itaque
453 1171 494 1212 ne
506 1149 627 1213 Grecis
640 1149 774 1236 quidem
791 1149 878 1236 (nam
893 1166 926 1214 et
940 1151 1059 1214 horum
1076 1167 1181 1214 matu·

10 1236 12 1241 ’
117 1244 257 1311 meent
270 1247 421 1335 exitium)
437 1248 587 1314 meliores
604 1264 661 1314 aut
676 1248 884 1338 sapientiores
902 1250 1017 1315 codem
1034 1269 1181 1341 tempore

10 1356 19 1379 '
115 1333 273 1437 Pfihcipes
289 1350 391 1415 litere.
412 1353 497 1417 Nam
513 1364 546 1415 'et
560 1352 601 1415 ab
617 1352 667 1417 his
684 1352 806 1416 bellum
824 1354 992 1418 achaicum
1011 1355 1075 1418 hoc
1093 1376 1181 1418 annu

10 1456 15 1479 ¹
113 1452 282 1549 &pensum
295 1467 358 1534 est,
369 1474 438 1540 quo
451 1455 552 1518 totius
565 1454 699 1519 Graeoiae
715 1455 844 1519 libertas
858 1454 1053 1544 deflagravit.
1068 1459 1179 1521 Causae

112 1532 201 1647 linis
211 1552 249 1617 ab
261 1553 390 1634 injuriis
406 1572 439 1619 et
453 1557 583 1621 avaritia
596 1556 845 1622 Atheniensium
859 1574 953 1638 ortae5
964 1580 1044 1644 quas
1059 1538 1179 1621 deinde

109 1642 275 1742 &vitatum
290 1656 427 1721 aliarum
442 1659 536 1724 variis
552 1660 742 1750 ambagibus
759 1659 912 1748 implicati
928 1659 1092 1746 principes
1109 1682 1179 1722 ma-

10 1768 15 1799 ³
103 1751 181 1849 l‘ffe
204 1757 348 1823 vecordia
370 1777 567 1849 exceperunt
585 1776 822 1849 auxeruntque.
849 1761 999 1848 Oropiis,
1022 1775 1178 1848 utsupra

103 1831 265 1940 ffiximus,
280 1861 403 1925 mulcta
419 1860 609 1945 debebatur,
625 1885 723 1949 quam
740 1863 781 1926 ab
796 1861 1051 1927 Atheniensibus
1067 1863 1176 1927 achai-

98 1954 189 2020 cum
199 1962 373 2026 concilium
385 1983 425 2026 ex
438 1963 592 2027 mandato
605 1980 737 2035 senatus
749 1963 875 2027 romani
890 1962 1028 2027 debebat
1038 1965 1175 2053 exigere.

96 2034 140 2105 A*
182 2059 319 2152 Oropios
348 2061 546 2128 atheniensis
578 2065 720 2153 populus
749 2064 845 2127 etiam
873 2064 1023 2152 pluribus
1051 2065 1176 2145 injuriis

91 2139 257 2251 ΨΜ,
272 2165 468 2231 Achaeorum
483 2166 656 2255 implorare
670 2166 768 2230 fidem
784 2166 910 2255 coegit:
931 2167 1004 2252 qui,
1021 2165 1078 2228 ubi
1095 2164 1176 2229 ami·
1268 2170 1271 2175 ’

87 2254 185 2328 “fia
201 2280 233 2331 et
248 2268 429 2332 reverentia
449 2267 656 2332 nobilissime
674 2267 812 2331 civitatis
835 2254 1087 2347 cunctabantur,
1105 2266 1176 2329 Me·

83 2352 263 2431 ”ssddam
279 2367 566 2451 lacedemoniam,
583 2370 642 2457 qui
663 2384 733 2431 tum
750 2383 870 2456 praetor
882 2366 1075 2429 Achaeorum
1092 2382 1176 2450 erat,

76 2456 265 2535 Pbunisso
277 2469 392 2537 decem
406 2472 620 2552 talentorum,
636 2471 669 2534 in
684 2469 878 2534 sententiam
892 2489 984 2531 suam
994 2465 1173 2534 adducunt

72 2535 171 2632 ωε
182 2572 305 2638 socium
320 2591 428 2661 opens
444 2571 667 2660 mercedisque
683 2571 903 2652 Callicratem,
920 2585 1038 2633 notum
1056 2585 1173 2656 poton·

69 2650 236 2759 ‘Qque
247 2673 388 2738 amicitia
397 2695 550 2755 romana,
563 2672 729 2739 adsciscit:
744 2673 778 2736 hi
791 2670 979 2761 perficiunt,
994 2687 1032 2735 ut
1043 2672 1173 2760 Oropiis

66 2754 259 2866 ²{lulium
275 2775 495 2862 promittatur.
519 2772 619 2858 Quod
640 2774 698 2839 ubi
719 2774 760 2839 ad
780 2796 942 2839 summam
961 2764 1076 2838 inutile
1093 2775 1173 2851 fuit,

63 2857 95 2903 ¹¹
103 2860 319 2940 muninus
331 2877 502 2964 pemniam
517 2876 557 2941 ab
567 2876 697 2966 Oropiis
708 2877 814 2965 exegit
823 2874 1035 2958 Menalcidas,
1045 2877 1173 2964 sibique

61 2954 246 3040 ¹“uinus

156 3071 270 3140 xxix.
297 3076 394 3141 Unde
420 3079 550 3143 ulturus
576 3080 743 3144 hominem
767 3081 969 3161 Callicrates,
996 3080 1170 3144 abeuntem

60 3160 292 3261 “lflpstmtu
311 3179 436 3269 legibus
457 3204 550 3246 reum
574 3182 665 3265 iacit,
681 3181 768 3270 quod
785 3181 1094 3245 Lacedoemombrwn
1111 3180 1172 3245 Ro·

61 3260 192 3338 ''²⁴1m
200 3275 333 3368 kgntus,
345 3293 381 3345 ut
390 3282 762 3372 acbcuofoederictbitas
773 3282 830 3348 illa
841 3286 1038 3363 exoneretur,
1052 3276 1170 3346 suranco

65 3368 206 3444 *With
223 3384 435 3450 contenderat.
459 3388 530 3452 Hoc
552 3388 733 3476 periculum
758 3401 796 3450 ut
813 3400 934 3450 evertat
954 3383 1170 3463 Menalcidas,

68 3448 195 3567 pino
213 3484 502 3575 megalopolitam,
522 3491 700 3554 successori
723 3511 803 3570 suo,
824 3490 883 3552 tria
902 3488 958 3552 dat
980 3510 1019 3551 ex
1037 3486 1171 3573 oropioo

76 3562 168 3642 ¹¹¹0
186 3583 352 3653 latrocinio
376 3590 511 3673 talenta,
533 3608 566 3656 et
585 3593 627 3656 ab
651 3615 710 3673 eo,
735 3593 809 3656 licet
826 3592 935 3655 invitis
954 3589 1095 3670 Achaeis,
1112 3589 1171 3654 eti·

153 3775 279 3838 timu.
295 3788 383 3835 mun.
394 3815 428 3824 -
441 3789 530 3853 ruys
547 3789 612 3854 apua
625 3788 757 3839 vastum.
776 3789 837 3852 -s
856 3789 977 3837 xxvia.
994 3787 1043 3835 m.
1061 3789 1168 3843 mvn,

108 3861 129 3893 ²
137 3863 193 3910 ἦ*
202 3870 302 3922 Pansam
313 3872 340 3919 in
350 3871 472 3922 Achaicis.
