2594 4980
260 739 317 807 IN
346 736 468 807 LOC.
494 738 593 804 LIB.
619 734 794 804 LXXVI
825 736 1051 808 LIVIANI.
1117 736 1187 833 733

119 858 375 945 Hannibalisque
391 857 499 940 exitu,
516 877 678 944 quorum,
695 854 771 918 lieet
789 876 806 918 a
822 855 985 943 plerisque
1001 857 1101 922 ltaliae
1113 883 1190 948 geu·

120 960 208 1022 tibus
216 958 458 1039 adjuvarentur,
473 958 507 1020 in
521 957 627 1020 alieno
644 956 714 1019 solo
728 955 918 1021 bellantium
932 958 997 1022 cito
1008 978 1190 1027 consenue-

119 1059 161 1125 rit
179 1060 359 1141 exercitus,
376 1057 581 1139 difficilibus,
599 1058 675 1122 licet
690 1056 780 1122 haud
799 1081 818 1122 a
836 1060 977 1124 maximo
1000 1061 1188 1149 intervallo,

118 1162 365 1250 supplementis.
1152 1165 1156 1172 ’

165 1265 256 1328 ΧΧΙ.
273 1265 351 1327 Haec
364 1263 475 1326 omnia
490 1263 585 1326 vitari
602 1284 698 1351 posse
718 1262 858 1326 maximo
874 1286 950 1327 cum
967 1266 1191 1334 emolumento

119 1367 283 1455 sperabat,
302 1366 329 1429 si
350 1365 488 1429 vicinam
504 1364 566 1428 sibi
586 1363 695 1427 Asiam
712 1379 895 1452 occuparet.
915 1365 996 1428 Eam
1020 1390 1088 1430 rem
1105 1392 1190 1456 quo·

120 1488 184 1554 que
200 1468 357 1530 facturam
370 1465 497 1529 animos
508 1464 621 1528 italicis
638 1465 733 1529 sociis
744 1488 754 1546 ;
767 1481 865 1552 atque
876 1466 921 1529 ita
933 1465 1092 1532 diuturno
1104 1469 1191 1535 bello

118 1569 211 1631 atteri
226 1589 321 1655 posse
338 1567 437 1630 Italiae
446 1566 550 1647 vires,
567 1582 605 1630 ut
618 1589 743 1654 neque,
759 1567 787 1631 si
799 1589 912 1632 rursus
929 1569 1190 1661 conjungantur,

118 1668 211 1734 valde
224 1670 290 1733 sint
302 1669 363 1733 sibi
378 1669 498 1732 Iuturae
514 1667 746 1733 formidabiles.
763 1668 846 1732 Sane
858 1670 994 1734 consilio
1009 1671 1087 1736 huic
1097 1674 1192 1738 Insti-
1271 1680 1277 1690 '

119 1772 175 1853 tit,
191 1793 379 1859 quanquam
393 1769 504 1834 omnia
520 1768 616 1858 legati
636 1769 884 1858 pollicerentur,
901 1784 934 1835 et
950 1793 969 1834 e
984 1772 1092 1836 Ponto
1111 1775 1191 1840 faci·
1221 1821 1222 1825 ,

119 1873 184 1935 lem
202 1872 236 1934 in
255 1871 426 1935 Thraciam
446 1870 616 1949 trajectum
639 1868 869 1952 ostenderent3
886 1871 1028 1938 Thraces
1041 1896 1142 1962 porro
1159 1893 1192 1942 et

119 1973 206 2062 ipsos
218 1972 341 2038 bellum
357 1972 512 2038 Romanis
526 1973 631 2037 facere
646 1995 654 2036 ε
671 1972 792 2036 horum
811 1995 875 2060 ope
889 1997 949 2063 per
965 1975 1190 2043 Macedoniam

119 2091 153 2139 et
168 2075 289 2140 vicinas
302 2074 451 2164 regiones
466 2074 578 2162 paucis
593 2072 709 2138 diebus
724 2073 766 2138 ad
783 2074 914 2138 lonium
926 2099 1015 2141 mare
1028 2081 1191 2167 penetrari

119 2198 226 2264 posse.

163 2277 271 2341 XXII.
289 2275 405 2365 Neque
427 2275 485 2341 diu
505 2291 677 2340 cunctatus
699 2277 877 2341 exercitum
901 2278 1073 2362 conducit,
1092 2283 1190 2346 Ario·

118 2379 291 2442 barzanem
308 2398 345 2443 ac
360 2377 574 2443 Nicomedem
589 2399 699 2466 reges,
717 2378 854 2442 alterum
873 2379 1093 2468 Cappadocia,
1109 2384 1191 2448 alte·

119 2504 193 2545 nim
212 2481 363 2571 Bithynia
379 2495 560 2545 exacturus.
575 2478 656 2555 Sed,
674 2495 850 2566 antequam
869 2479 933 2544 hoc
951 2480 1075 2545 bellum
1090 2504 1191 2571 expo-

119 2600 232 2666 natur,
255 2606 322 2671 quo
343 2606 443 2672 regna
467 2582 528 2644 ista
548 2580 639 2660 jure,
665 2579 786 2666 quibus
810 2578 931 2643 finibus
955 2596 1027 2643 tutu
1050 2581 1191 2658 fuerint,

121 2707 267 2773 quasque
281 2684 430 2747 nationes
447 2681 613 2768 urbesque
628 2680 804 2744 habuerint
822 2681 1033 2771 insigniores,
1051 2685 1192 2749 enarrari

24 2793 29 2801 “
120 2808 226 2875 operae
239 2785 381 2873 pretium
394 2783 510 2864 fuerit,
525 2780 744 2846 mithridatica
758 2781 843 2846 bella
854 2783 1005 2866 lecturis,
1017 2806 1089 2872 quae
1102 2786 1192 2851 haud

119 2903 315 2977 postremam
324 2884 468 2949 historiae
482 2906 623 2947 romanae
633 2898 775 2972 partem,
790 2883 874 2947 illius
886 2883 1020 2971 quidem
1033 2886 1106 2971 aevi,
1117 2909 1192 2953 con·

120 2989 270 3052 stituunt.
291 2985 463 3072 Quidquid
480 3001 640 3049 terrarum
656 2986 757 3074 longo
780 3000 886 3048 tractu
903 2985 988 3049 inter
1003 2987 1190 3061 Heracleam

119 3105 153 3154 et
168 3091 423 3179 Trapezuntem,
442 3086 568 3150 nobiles
588 3086 700 3167 urbes,
722 3085 842 3149 Euxini
865 3084 1019 3151 fluctibus
1041 3089 1191 3174 alluitur,

118 3192 161 3255 ab
177 3215 217 3256 eo
231 3190 313 3254 mari
325 3189 575 3278 appellationem
588 3186 676 3276 apud
692 3204 816 3252 veteres
828 3202 959 3253 nattum
975 3206 1039 3272 est,
1053 3206 1092 3255 ut
1101 3192 1191 3256 Pon·

119 3289 172 3357 tus
188 3307 368 3356 vocaretur.

164 3394 289 3458 XXIII.
312 3391 451 3479 Propius
468 3390 656 3454 Heracleam
671 3390 830 3478 Bithyniae
849 3390 1064 3471 conjunctum
1083 3394 1191 3459 Ponto

120 3518 258 3585 regnum
275 3494 355 3577 fuit,
370 3492 412 3557 ad
427 3490 665 3581 Propontidem
679 3490 865 3557 deflectens.
882 3493 927 3557 At
941 3493 1100 3558 orientem
1116 3518 1190 3560 rer·

119 3618 176 3659 sus
186 3592 391 3682 Cappadocia
404 3593 439 3656 in
451 3591 687 3657 mediterranea
702 3615 917 3681 procurrens,
930 3593 1008 3658 inde
1022 3596 1189 3680 Armenia,

75 3735 84 3744 ·
119 3695 161 3760 ad
172 3694 341 3760 meridiem
353 3696 461 3759 Tauro
473 3710 586 3758 monte
598 3695 800 3759 terminatur.
819 3694 910 3759 Inter
919 3694 1079 3783 Bithynos
1092 3713 1191 3787 atque

120 3796 326 3886 Cappadoces
339 3797 384 3862 ita
398 3820 506 3886 sparsa
518 3813 587 3860 erat
599 3795 739 3878 Galatia,
753 3812 791 3861 ut
803 3795 845 3860 ab
856 3798 1090 3884 septemtrione
1100 3800 1191 3865 Pon·

120 3915 193 3962 tum
209 3915 243 3964 et
259 3898 514 3988 Paphlagoniam
532 3897 754 3984 (Pontienim
769 3921 843 3987 pars
861 3899 958 3963 etiam
971 3900 1191 3991 Paphlagonia

121 4024 181 4066 nec
193 3999 334 4065 absurde
345 4000 470 4064 censeri
482 3998 616 4087 potest),
627 4022 647 4062 a
655 3999 790 4064 meridie
798 4000 972 4089 Phrygiam
980 4001 1193 4089 Lycaoniam·

119 4126 185 4190 que
198 4103 413 4191 contingeret.
431 4101 554 4166 Omnes
569 4101 638 4164 istae
654 4102 803 4190 regiones
823 4101 858 4164 in
876 4099 1000 4165 ditione
1018 4102 1190 4170 Persarum

120 4207 281 4268 luerunt:
302 4226 320 4266 a
344 4195 465 4290 quibus
483 4223 520 4265 ea
541 4224 635 4290 pars,
651 4225 724 4291 quae
742 4219 813 4267 tum
830 4203 1050 4268 communiter
1065 4206 1190 4295 Cappa·

117 4305 212 4371 docia
229 4303 408 4384 dicebatur,
423 4303 457 4367 in
473 4303 554 4368 duas
573 4303 675 4369 divisa
688 4303 913 4393 praefecturas,
927 4320 1040 4392 postea
1055 4306 1190 4372 totidem

152 4497 170 4561 S
182 4499 268 4546 xxss.
281 4496 334 4547 ttv.
345 4495 413 4560 Epit.
