2594 4980
243 733 296 800 IN
325 731 435 799 LOC.
460 729 554 796 LlB.
582 727 751 795 LXVIII
780 726 996 796 LIVIANI.
1082 723 1151 796 563

92 870 236 929 caturus3
254 851 428 938 paucisque
450 850 483 911 in
503 864 680 935 conspectu
703 848 846 911 hostiurn
868 848 981 936 positis
1001 848 1150 914 taberna-

91 954 189 1033 culis,
213 951 342 1015 excitari
367 950 476 1038 ignes,
503 950 583 1012 strui
605 950 742 1029 vallum,
764 950 921 1038 lignatum
942 950 1038 1014 etiam
1066 953 1152 1022 exire
1212 980 1215 986 ·

91 1054 248 1144 quosdam
259 1053 372 1131 jubet:
386 1052 508 1115 interea
521 1051 599 1114 solvi
614 1052 769 1133 sarcinas,
786 1052 1153 1140 deponi,onera,dese1i

90 1155 220 1219 ordines
236 1177 273 1216 ac
290 1153 381 1241 signa
398 1168 493 1218 vetat.

134 1257 213 1322 LIV.
226 1259 274 1320 lta
286 1254 414 1343 decepti
428 1255 572 1336 Cimbri,
586 1254 664 1318 dum
682 1254 794 1318 stativa
811 1255 874 1318 illic
887 1255 1077 1320 habiturum
1089 1258 1154 1321 Ro·

91 1380 223 1421 manum
237 1371 371 1446 putant,
386 1357 444 1443 ipsi
459 1379 592 1443 quoque
608 1357 718 1420 castris·
732 1378 846 1446 capere
862 1358 988 1438 locum,
1007 1374 1039 1422 et
1050 1381 1155 1422 neces·

92 1459 171 1521 saria
193 1481 232 1522 ex
258 1458 391 1546 regione
419 1456 624 1536 circumjecta
651 1480 690 1522 eo
717 1475 907 1522 convectare
931 1460 1154 1525 instituerunt.

92 1559 193 1642 Quod
218 1559 274 1622 ubi
303 1559 424 1622 factum
455 1559 632 1646 proconsul
660 1558 906 1643 animadvertit,
935 1561 1155 1650 majoremque

91 1662 298 1725 Cimbrorum
312 1676 437 1748 partem
452 1682 510 1746 per
521 1681 614 1747 agros
630 1683 784 1748 sparsam,
797 1659 905 1724 subito
919 1660 1043 1725 eductis
1054 1661 1155 1750 copiis

92 1779 124 1825 et
139 1785 267 1827 amnem
288 1759 532 1840 transcendere,
549 1777 581 1824 et
599 1777 702 1825 castra
722 1761 866 1824 hostium
891 1762 1021 1825 turbare
1037 1762 1154 1850 potuit.

94 1866 205 1945 Quum
229 1863 349 1928 deinde
374 1863 537 1926 marianus
563 1864 721 1926 exercitus
744 1864 900 1942 venisset,
925 1861 1155 1927 transflumen

92 1968 208 2029 iterum
227 1983 329 2030 castra
346 1981 452 2045 mota,
471 1981 509 2028 ut
528 1966 616 2029 Italia
631 1963 810 2052 Cispadane
827 1964 868 2027 ab
883 1964 1027 2028 hostium
1044 1965 1156 2028 incur·

92 2068 238 2132 sionibus
253 2084 323 2132 tuta
337 2082 429 2132 esset.
741 2073 743 2076 ’
1052 2086 1054 2091 ·

136 2169 202 2232 LV.
226 2168 275 2232 Ibi
294 2171 329 2233 L.
345 2167 487 2232 Cornelii
514 2168 610 2232 Sullae
635 2167 784 2255 praeclara
812 2189 911 2254 opera
935 2169 1072 2249 exstitit,
1098 2162 1156 2256 qui

92 2270 239 2333 infensus
255 2270 444 2356 invisusque
459 2268 563 2332 Mario
579 2269 621 2332 ad
638 2271 679 2351 Q.
691 2271 843 2333 Catulum
859 2292 894 2333 se
909 2272 1110 2351 contulerat,
1124 2284 1158 2334 et

94 2370 240 2434 maximis
258 2370 444 2458 quibusque
463 2369 560 2433 rebus
577 2370 617 2434 ab
636 2392 676 2433 eo
699 2374 886 2458 praelectus,
903 2372 1059 2437 adversus
1074 2373 1157 2436 inal-

93 2472 184 2559 pinas
206 2488 316 2561 gentes
340 2471 441 2535 multa
464 2493 617 2558 prospera
631 2472 736 2559 praelia
756 2472 883 2535 fecerat.
903 2474 935 2536 Is
957 2489 1045 2552 turn,
1066 2487 1157 2536 arcto

94 2574 216 2660 ubique
233 2588 437 2651 commeatu,
454 2593 557 2658 quum
572 2594 611 2634 ex
621 2594 715 2659 agro,
731 2573 965 2636 vastationibus
984 2573 1157 2654 exhausto,

95 2676 175 2738 tanti
185 2673 292 2738 alendi
307 2673 467 2736 exercitus
483 2688 609 2750 essent,
625 2671 679 2734 tali
691 2672 848 2735 industria
859 2673 942 2758 egit,
959 2689 997 2735 ut
1011 2689 1044 2736 et
1053 2675 1158 2738 Catuli

95 2777 195 2860 copiis
211 2795 375 2837 annonam
390 2772 524 2834 uberem
542 2785 724 2857 praestaret,
741 2788 774 2835 et
788 2772 829 2835 ab
852 2771 902 2834 his
926 2772 1022 2835 etiam
1039 2773 1156 2837 Maria·

96 2898 214 2938 norum
231 2873 390 2937 sublevari
409 2886 530 2959 egestas
550 2888 673 2959 posset,
696 2872 773 2934 hinc
796 2894 928 2959 quoque
950 2873 1052 2937 auctis
1073 2875 1159 2939 inter

96 2976 262 3040 consnlem
282 2991 314 3039 et
328 2974 449 3038 Sullam
463 2972 555 3036 odiis.

141 3079 222 3141 LVI.
241 3076 384 3155 Cimbri,
399 3074 591 3154 conjunctos
605 3072 775 3139 adversum
789 3099 824 3140 se
835 3077 1060 3142 Romanorum
1072 3102 1159 3145 exer·

96 3178 179 3241 citus
193 3179 303 3243 venire
316 3176 492 3265 conspicati
502 3223 510 3257 ,
520 3176 641 3264 legatos
652 3177 693 3242 ad
704 3179 871 3243 consulem
885 3180 1054 3263 miserunt,
1066 3204 1160 3271 agros

97 3281 260 3369 urbesque
283 3281 350 3344 suis
371 3294 405 3343 et
425 3278 560 3342 fratrum
582 3277 713 3343 sedibus
735 3280 927 3347 suffecturas
945 3284 1157 3371 postulantes.

96 3383 265 3448 Teutonos
278 3384 365 3447 enim
379 3381 487 3445 adbuc
502 3381 745 3467 exspectabant,
761 3380 802 3445 de
815 3382 905 3447 clade
919 3384 1048 3448 illorum
1066 3385 1160 3450 nihil·

97 3481 177 3545 dnm
189 3481 371 3563 credentes,
383 3483 476 3561 cujus
488 3481 584 3546 etiam
596 3474 729 3546 nuntios
742 3484 1010 3563 excruciaverant,
1020 3488 1158 3570 Marius,

99 3584 248 3667 quaesito,
271 3606 348 3670 quos
367 3581 545 3668 illisratres
560 3583 722 3647 dicerent?
737 3604 840 3670 quum
861 3585 993 3650 Teutoni
1009 3591 1159 3652 nomina·

99 3700 226 3763 rentur,
243 3682 424 3747 ridentibus
440 3686 497 3771 qui
511 3684 694 3778 aderant,«
704 3683 868 3762 Omittite,
885 3686 1006 3774 inquit,
1022 3688 1156 3752 fratres:

98 3814 109 3836 «
121 3799 234 3848 tenent
245 3783 280 3846 hi
291 3799 454 3870 acceptam
464 3808 483 3848 a
493 3784 587 3849 nobis
599 3801 716 3849 terram
728 3831 737 3863 ,
752 3800 783 3846 et
795 3801 952 3848 arternum
965 3788 1134 3853 tenebunt.
1145 3820 1159 3845 ι

99 3883 184 3946 Turn
202 3883 298 3972 legati
316 3907 349 3946 se
363 3882 505 3949 ludibrio
522 3885 632 3949 haberi
650 3884 841 3966 sentientes,
848 3908 964 3973 poenas
975 3890 1082 3953 Marto
1098 3890 1159 3953 mi·

99 3986 166 4049 nati
195 4000 291 4066 sunt,
319 4008 397 4073 quas
425 3985 552 4050 Cimbris
580 3987 714 4050 daturus
740 3999 816 4048 esset
843 3990 968 4067 statem,-
995 3989 1156 4070 Teutonis,

100 4087 195 4149 simul
210 4100 304 4175 atque
322 4085 503 4174 affuissent.

143 4188 239 4252 LVII.
259 4189 380 4276 «Atqui
399 4187 532 4266 adsunt,
556 4185 662 4274 inquit
682 4185 820 4266 Marius,
845 4207 951 4273 neque
969 4208 1045 4249 sane
1068 4187 1158 4252 civile
1223 4238 1225 4243 .

100 4320 110 4340 ‘‹
123 4290 223 4371 foret,
237 4311 294 4353 ros
311 4289 462 4353 fratribus
476 4288 588 4352 vestris
602 4288 779 4352 insalutatis
793 4285 967 4353 discedere.
982 4319 994 4343 ι
1008 4286 1058 4353 Ad
1071 4289 1157 4377 quod

136 4484 150 4539 t
167 4487 228 4532 nn.
246 4488 329 4536 rme
345 4487 420 4536 son.
434 4489 458 4543 1,
470 4485 494 4534 5.
504 4485 564 4552 -ς
577 4487 628 4536 nv.
644 4486 707 4534 rtur.
717 4485 744 4534 n
756 4485 831 4536 sun..
841 4445 902 4550 .ρς
914 4485 978 4535 nn.
989 4485 1158 4535 stamme

927 4581 995 4652 ts.
