2594 4980
335 704 391 782 IN
422 711 538 793 Loc.
564 711 658 780 LIB.
686 711 776 779 LXI
805 710 1013 780 LIVIANI.
1134 717 1199 798 dol

140 867 153 892 u
168 836 280 900 saltem
296 834 439 898 fraterno
453 830 530 897 casir
544 832 707 908 monitus,
724 831 765 896 ad
779 832 906 897 saniora
920 833 1053 897 consilia
1068 856 1103 898 se
1115 839 1206 899 retu&

140 968 153 992 «ι
167 937 270 1000 lisset!
284 936 366 1000 Nam
378 932 468 1022 quod
478 934 574 998 etiam
584 931 803 997 adolescentes
811 933 930 1014 Flacci,
942 934 1081 1000 aliorum
1093 936 1208 1025 aliquis

141 1069 154 1093 ι
167 1056 339 1117 numerus,
351 1036 449 1098 armis
457 1050 515 1099 aut
526 1033 690 1122 suppliciis
702 1034 841 1116 interiit,
856 1035 973 1100 babeat
986 1058 1062 1101 sane
1072 1038 1208 1121 crimen,

140 1138 243 1201 «siin
259 1136 370 1200 hostes
390 1151 422 1199 et
439 1135 622 1224 proditores
644 1135 755 1223 patriae
774 1136 863 1201 nefas
877 1153 925 1200 est
942 1138 1206 1204 animadvertere.

142 1271 155 1296 α
168 1239 231 1303 Sed
247 1239 311 1302 hoc
321 1237 488 1318 videlicet,
502 1238 566 1301 hoc
580 1239 687 1327 ipsum
704 1254 772 1318 est,
786 1237 876 1326 quod
889 1235 1096 1317 jamdudum
1112 1258 1211 1328 aper-

142 1340 241 1404 «ditis
266 1339 455 1403 hominibus
480 1339 637 1427 quaeritur
658 1363 666 1402 ε
688 1339 848 1428 impunita
870 1340 988 1404 scelera
1010 1364 1089 1422 sua,
1112 1358 1211 1429 atque

141 1443 262 1506 «etiam
276 1441 435 1504 honorata
451 1462 521 1503 esse
536 1439 691 1527 cupiunt,
709 1463 815 1529 eoque
835 1441 1004 1522 nituntur,
1025 1457 1063 1505 ut
1077 1441 1210 1506 seditio-

141 1566 278 1608 «sorum
298 1540 431 1630 quidem
456 1542 577 1604 civium
598 1542 693 1606 etiam
706 1543 845 1606 infelicia
862 1562 938 1606 ausa
958 1542 1110 1607 *vindictae
1127 1545 1209 1609 sola³

142 1676 156 1700 «ι
168 1645 250 1708 tium
269 1642 409 1706 habeant
420 1664 428 1705 :
440 1642 552 1722 bonis,
570 1643 598 1705 si
614 1644 783 1730 quiescant
794 1693 802 1726 ,
815 1667 832 1707 a
845 1645 876 1707 vi
894 1645 1140 1732 improborum,
1159 1646 1209 1711 siu

142 1745 359 1823 «restiterint,
374 1766 393 1805 a
402 1741 532 1822 judiciis
547 1744 727 1831 periculum
745 1762 962 1834 proponatur.

185 1844 302 1909 LXIII.
330 1875 343 1900 α
358 1843 458 1926 Quod
481 1845 557 1932 quia
580 1845 672 1908 vobis
700 1846 877 1910 obscurum
901 1869 970 1911 esse
996 1868 1064 1910 non
1086 1860 1212 1935 po'test,

141 1980 155 2005 «
167 1950 309 2031 Quirites
319 1995 328 2028 ,
339 1969 397 2034 per
409 1947 538 2026 omnia,
553 1969 624 2034 quae
634 1946 726 2010 cordi
740 1970 891 2034 curaeque
906 1963 1000 2028 sunt,
1011 1970 1069 2035 per
1081 1963 1114 2013 et
1127 1970 1214 2013 com·

142 2081 155 2104 n
169 2051 281 2113 munia
303 2048 439 2111 civitatis
459 2047 552 2127 jum,
575 2064 607 2110 et
633 2071 710 2112 suos
737 2071 903 2137 quemque
928 2048 1047 2113 liberos
1072 2073 1151 2132 oro,
1176 2065 1215 2113 ut

140 2176 156 2205 ι
171 2165 284 2212 euntes
299 2151 332 2211 in
351 2148 504 2236 suffragia
523 2171 590 2211 non
612 2147 653 2212 de
667 2150 704 2212 L.
717 2149 851 2237 Opimio
873 2151 973 2236 quaeri
991 2150 1055 2215 ho'c
1070 2152 1213 2232 judicio,

143 2281 156 2306 «ι
170 2249 226 2313 sed
241 2250 419 2313 desummo
434 2249 636 2337 reipublicae,
651 2249 759 2338 deque
774 2250 863 2314 urbis
876 2266 908 2312 et
920 2266 1024 2314 vestra
1041 2254 1214 2318 securitate

143 2353 368 2416 «existimetis.
384 2351 459 2414 Tibi
473 2375 567 2426 ver0,
583 2351 733 2433 tribune,
749 2350 928 2432 denunti0,
943 2367 980 2414 ut
994 2354 1100 2440 pravis
1114 2355 1215 2419 actio·

142 2483 155 2507 «ι
169 2455 265 2518 nibus
277 2455 408 2518 turbare
425 2454 587 2517 civitatem
600 2452 727 2516 desinas
740 2476 748 2516 z
761 2453 852 2540 quod
866 2453 891 2514 si
907 2475 1002 2515 ruere
1016 2456 1213 2541 perrexeris,

142 2587 154 2610 «
168 2556 327 2644 ququuid
340 2555 381 2620 de
397 2554 432 2618 L.
444 2556 575 2641 Opimio
591 2553 663 2634 fiet,
680 2574 787 2640 neque
801 2568 932 2615 senatus
945 2552 1147 2639 reipublice,
1160 2579 1214 2620 ne·

143 2680 233 2743 nque
254 2656 380 2719 senatui
398 2656 513 2720 consul
535 2654 647 2718 deerit.
664 2685 677 2708 ν
693 2654 799 2716 Missis
818 2653 851 2714 in
868 2653 1020 2740 suffragia
1041 2655 1212 2738 tribubus,

143 2759 272 2844 qualem
294 2771 483 2844 optaverant
502 2755 633 2834 Patres,
657 2766 793 2821 eventus
819 2752 901 2832 suit3
928 2774 1029 2837 quum
1050 2753 1213 2820 hortando

143 2856 359 2943 docendoque
376 2854 553 2943 populum,
571 2870 609 2917 ut
625 2853 763 2941 quisque
777 2853 877 2941 gratia
893 2852 1110 2940 facundiaque
1124 2856 1213 2943 apud

142 2958 288 3047 singulos
306 2958 514 3019 universosve
530 2955 690 3042 pollebat,
713 2954 903 3034 evicissent,
920 2970 957 3017 ut
978 2972 1091 3019 contra
1113 2979 1211 3022 suum

141 3063 213 3148 ipse
231 3058 377 3123 studium
392 3057 554 3145 plerisque
569 3055 731 3144 suffragiis
748 3078 841 3118 reum
860 3054 1043 3118 absolverit.

187 3161 321 3224 LXXII.
347 3160 474 3222 Interea
499 3158 532 3220 in
553 3156 664 3221 Galliis
686 3178 736 3219 res
759 3156 799 3219 ab
823 3155 1073 3243 imperatoribus
1093 3162 1212 3224 nostris

144 3263 338 3325 constitutas.
367 3262 426 3324 Cn.
447 3259 608 3322 Domitius
631 3259 714 3321 viam
740 3257 899 3338 munivit,
919 3268 991 3345 quae
1015 3258 1057 3320 ab
1078 3276 1211 3327 auctore

144 3363 286 3424 Domitia
302 3377 351 3425 est
366 3362 532 3449 appellata.
549 3361 739 3448 'Iropaeum,
759 3382 827 3422 rem
842 3359 1030 3424 inusitatam
1049 3377 1142 3426 antea
1157 3387 1211 3428 ro·

145 3461 248 3524 manis
268 3461 430 3541 moribus,
451 3485 490 3526 ex
507 3485 584 3526 saxo
603 3462 739 3543 struxit,
759 3460 970 3549 hostiumque
989 3462 1099 3549 spoliis
1116 3487 1211 3530 exor-

145 3562 242 3624 navit.
259 3563 300 3625 Et
313 3585 354 3625 ne
368 3586 436 3627 uno
448 3580 576 3627 tanturn
590 3563 744 3627 insolenti
758 3564 843 3626 facto
855 3562 1008 3626 morbum
1024 3563 1213 3651 impotentis

144 3663 244 3725 animi
261 3662 429 3751 proderet,
446 3665 618 3754 elephanto
635 3687 694 3752 per
709 3664 908 3751 provinciam
922 3663 1069 3726 invectus
1084 3681 1145 3748 est,
1158 3668 1215 3731 mi·

144 3765 256 3828 litibus
271 3765 363 3851 quasi
373 3765 627 3854 triumphantem
642 3765 859 3853 prosequuris.
869 3765 910 3844 Q.
920 3763 1038 3826 Fabius
1051 3766 1120 3853 ipse
1130 3791 1213 3855 quo·

144 3891 209 3954 que
225 3867 258 3928 in
276 3866 349 3928 Ioco
362 3888 477 3954 pugnae
494 3883 652 3955 tropaeum
669 3890 705 3930 ex
720 3866 825 3952 lapide
838 3863 911 3926 albo
926 3864 1111 3947 constitnit,
1129 3881 1212 3930 tem·

145 3971 263 4056 plaque
287 3966 372 4048 duo,
401 3967 496 4029 Marti
520 3968 678 4047 alterum,
701 3968 839 4031 alterum
859 3965 1010 4046 Herculi,
1034 3967 1212 4032 aedificavit.

145 4068 305 4133 Notabilis
319 4070 352 4130 in
370 4067 433 4130 hoc
444 4067 545 4132 Fabio
560 4089 690 4132 morum
702 4069 855 4148 varietas,
872 4082 904 4130 et
919 4089 991 4130 raro
1009 4068 1084 4131 alias
1103 4091 1214 4132 exem·

181 4280 288 4343 §Lxx
303 4282 355 4329 Cle.
375 4278 406 4326 de
420 4281 487 4327 Orat.
504 4280 540 4335 11,
562 4280 608 4336 31,
628 4290 652 4326 et
665 4279 740 4327 Partis
760 4280 828 4326 Orat.
841 4294 864 4326 c.
879 4279 919 4325 30.
933 4304 968 4313 -
981 4277 997 4340 S
1011 4279 1102 4327 Lxxt.
1117 4279 1169 4329 cie.
1182 4279 1213 4328 de

146 4364 214 4410 Orat.
226 4366 264 4421 ΙΙ,
276 4367 321 4419 34;
333 4379 379 4426 pro
390 4364 477 4420 Sexto,
494 4379 517 4410 c.
530 4364 576 4420 6ι,
591 4374 616 4410 et
628 4379 675 4427 pro
690 4363 806 4418 Fonteio,
818 4379 840 4411 c.
852 4370 876 4416 k.
890 4387 927 4399 —
943 4361 997 4408 Liv.
1013 4357 1080 4425 Epit.
1098 4390 1132 4400 -
1149 4365 1214 4416 mor.

147 4446 200 4507 111,
211 4461 234 4493 a.
248 4473 282 4482 -
293 4449 395 4497 Sueten.
408 4448 435 4496 in
446 4446 539 4497 Neron.
553 4463 576 4496 c.
587 4462 612 4496 a.
623 4473 659 4486 -
671 4447 750 4497 Surb.
763 4446 807 4497 ut.
821 4447 865 4510 IY.
876 4445 976 4493 -Vab
989 4447 1057 4494 Max.
1066 4448 1120 4511 Vl,
1136 4463 1161 4513 9.

270 4543 332 4609 IX.
1001 4538 1047 4610 26
