2594 4980
275 782 281 801 ,
300 713 358 782 IN
387 711 502 781 LOC.
529 713 623 780 Llll.
651 714 724 780 Lll
758 714 970 784 LIVIANI.
1100 714 1168 812 173

91 835 225 914 inisset,
251 835 279 897 is
303 832 524 920 magistratum
544 831 706 919 usquead
733 849 862 921 tempus
885 834 1091 902 comitiorum
1111 860 1166 926 ge-

92 952 190 1001 reret.

138 1035 179 1100 V.
199 1036 306 1124 Igitur
326 1036 452 1110 Diaeus,
468 1035 561 1117 belli,
578 1035 669 1115 cujus
684 1035 809 1124 primus
825 1052 939 1099 auctor
953 1035 1023 1123 ipse
1040 1038 1166 1120 hrerat,

98 1135 377 1201 administratione
395 1152 558 1224 suscepta,
577 1134 762 1224 presidium
775 1137 905 1226 Megara
921 1136 1027 1218 misit,
1047 1139 1088 1202 ad
1103 1140 1166 1203 ho·

103 1237 226 1301 minum
241 1238 340 1302 millia
359 1253 510 1325 quatuor,
527 1237 697 1301 Alcumena
711 1236 810 1318 duce,
824 1238 881 1325 qui
893 1237 1042 1304 videlicet
1052 1240 1169 1305 irrum-

108 1355 231 1423 pentem
251 1339 419 1403 Metellum
440 1338 648 1426 repellerent,
668 1361 767 1427 quern
791 1337 890 1404 modo
909 1363 987 1404 cum
1009 1340 1168 1407 florentis·

114 1437 187 1502 simo
203 1439 344 1503 exercitu
360 1456 479 1527 praetor
495 1439 688 1504 Achaeorum
706 1441 866 1506 Critolaus
879 1443 1041 1508 sustinere
1053 1445 1168 1532 nequi·

118 1557 201 1604 verat.
219 1541 293 1629 lpse
311 1546 412 1630 Argos
428 1541 609 1629 profectus,
628 1539 705 1604 inde
724 1541 831 1606 literae
850 1541 892 1606 ad
910 1565 1024 1607 omnes
1040 1542 1168 1609 Achaiae

123 1640 243 1706 civiutes
263 1641 370 1722 dedit,
395 1654 431 1706 ut
448 1664 491 1705 ex
505 1644 611 1706 vernis
628 1643 675 1707 ad
687 1642 788 1708 nullae
805 1644 969 1709 duodecm
988 1649 1172 1710 mammae

128 1763 180 1805 aim
197 1747 289 1807 armis
314 1742 496 1808 Conatlm
522 1745 718 1808 mitterentur
737 1768 750 1808 :
770 1744 889 1832 quibus
910 1767 1017 1810 vernae
1040 1745 1082 1809 ad
1104 1769 1168 1810 nu·

131 1861 231 1906 merum
247 1866 315 1907 non
332 1859 456 1926 essent,
474 1867 513 1908 ex
528 1844 597 1909 aliis
615 1845 782 1933 mancipiis
800 1847 949 1935 supplere
962 1847 1167 1935 permissum.

133 1943 167 2006 la
179 1968 301 2033 quoque
315 1944 490 2034 descriptio
506 1948 715 2034 inaequaliter,
726 1964 759 2012 et
769 1950 887 2037 magis,
903 1965 941 2012 ut
955 1949 1085 2036 praetori
1102 1949 1170 2036 pla·

136 2063 231 2128 tuerat,
249 2069 348 2135 quam
370 2070 410 2111 ex
431 2048 550 2136 opibus
565 2049 748 2131 civitatum,
769 2051 934 2138 imperata.
956 2050 1056 2134 Quod
1074 2051 1170 2115 etiam

137 2142 169 2205 ab
180 2145 251 2212 bella
272 2147 499 2214 lacedemonia
517 2151 551 2213 in
567 2173 684 2240 magna
706 2149 894 2215 difficultate
911 2151 1103 2240 pecuniaria
1123 2152 1170 2214 rei

138 2249 292 2314 vorabatur
316 2251 515 2339 respublica,
541 2252 918 2340 opulentioresquoque
946 2253 1032 2317 viros
1055 2268 1172 2317 matro-

140 2364 231 2434 wque
240 2352 389 2440 privatim
399 2376 515 2416 aurum
528 2370 765 2443 argentumque
776 2356 923 2419 conferre
934 2355 1050 2444 coegit.
1068 2352 1174 2418 Simul

141 2464 240 2533 ouum,
254 2454 311 2541 qui
328 2469 419 2518 aetate
429 2454 559 2518 militari
575 2471 700 2537 esseut,
716 2478 754 2519 ex
771 2454 890 2520 Achaia
903 2453 1102 2543 Arcadiaquc
1112 2457 1172 2517 Co·

141 2543 407 2619 dathumarmatos
425 2555 613 2637 convenire,
628 2556 733 2635 jussit.

171 2646 212 2715 ll.
228 2655 283 2719 llis
299 2655 452 2720 omnibus
468 2655 624 2720 decausis
639 2658 777 2721 maxima
789 2680 848 2745 per
862 2657 1014 2721 Achaiam
1030 2654 1174 2744 trepida·

143 2743 414 2843 tiananmusque
430 2780 505 2821 cunr
522 2756 747 2844 desperatione
763 2775 870 2822 metue
885 2775 954 2822 erat
971 2782 981 2823 a
999 2779 1106 2846 neque
1122 2774 1171 2820 ta·

143 2862 196 2911 Μ]
212 2855 248 2920 ad
265 2880 342 2921 sana
361 2860 493 2923 consilia
515 2875 665 2946 poterant
676 2859 813 2940 adjicere
835 2859 977 2941 animos;
993 2858 1067 2940 sed,
1083 2858 1174 2945 quod

143 2955 385 3027 tremescunt
411 2960 576 3024 mentibus
600 2961 722 3041 evenit,
743 2959 929 3047 principum
954 2979 1091 3022 suorum
1115 2958 1173 3022 de·

143 3057 262 3122 aarum
290 3058 487 3125 damnabant
509 3061 620 3142 simul,
646 3077 679 3125 et
701 3061 932 3149 sequebantur.
959 3056 1029 3124 Prae
1051 3060 1173 3122 ceteris

143 3140 279 3241 Eleorum,
295 3160 615 3248 Messeniorumque,
631 3179 664 3226 et
675 3161 877 3227 Patrensium
890 3160 1003 3226 llebilis
1013 3177 1083 3225 etat
1097 3183 1176 3226 con·

144 3238 209 3319 ditin
221 3258 267 3322 llli
284 3278 374 3326 metu
390 3263 637 3349 torquebantur,
655 3286 713 3345 nc,
727 3262 769 3326 ad
783 3285 871 3328 mare
884 3262 1176 3351 objectioregioni‘·

144 3338 349 3445 hus‚primum
376 3363 518 3426 consulis
539 3363 692 3427 Mummii
714 3386 789 3429 curn
813 3365 912 3429 classe
932 3363 1090 3428 venientia
1113 3363 1174 3425 im-

145 3461 226 3527 l‘fflut
251 3463 399 3552 excipere
428 3481 631 3553 cogerentur.
656 3466 826 3531 Patrenses
856 3486 931 3530 cum
964 3464 1176 3544 circumjectis

144 3553 258 3643 (illidit,
270 3579 400 3652 accepta
415 3564 520 3629 clades
538 3568 694 3655 fregerat,
715 3589 831 3655 magna
844 3583 935 3656 parte
947 3567 1126 3647 juventutis
1141 3566 1176 3627 in

143 3653 225 3728 lstlio
233 3665 368 3730 amissa:
385 3681 539 3753 tantaque
553 3667 615 3731 illis
628 3668 706 3732 locis
715 3667 938 3733 consternatio
945 3667 1024 3746 hait,
1034 3682 1073 3730 ut
1084 3664 1178 3731 multi

145 3762 229 3824 “wem
246 3764 306 3829 sibi
322 3767 578 3849 consciscerent,
595 3769 628 3832 in
643 3786 778 3856 puteos,
793 3784 852 3832 aut
870 3791 909 3832 ex
925 3769 1107 3857 praecipitiis
1126 3765 1180 3829 de-

144 3842 272 3947 &lienam
293 3866 404 3952 plures
422 3867 608 3932 desererent
627 3871 778 3957 patriam,
797 3891 865 3933 uon
892 3869 989 3956 quia,
1002 3869 1179 3932 ubiritam

145 3959 222 4023 md
239 3982 365 4047 emm,
382 3968 517 4049 scirent,
535 3969 593 4034 ted
610 3970 687 4057 quia
704 3972 785 4036 scire
803 3969 1006 4045 videbantur,
1027 3968 1181 4056 inpatria

146 4059 171 4106 '⁸
181 4071 235 4124 '⁰¹
248 4086 344 4151 posse
358 4067 475 4133 vivere.
489 4070 609 4151 Erant,
628 4072 689 4158 qui-
699 4071 739 4137 ad
752 4075 916 4137 Romanos
935 4068 1181 4161 proficisceban-

147 4153 196 4227 ων
214 4160 260 4225 llll
282 4167 383 4249 alios,
407 4186 444 4233 ut
464 4187 613 4236 auctores
639 4195 797 4239 novarum
823 4197 951 4254 rerum,
975 4186 1182 4251 accusantes3

148 4259 178 4306 Μ
198 4266 377 4354 Pfflpinquls
406 4271 537 4357 quidem
558 4292 710 4361 parcente
734 4293 854 4341 motu:
875 4295 1061 4362 quanquam
1085 4293 1186 4336 nemo

172 4445 221 4508 SV·
234 4466 318 4530 Polyb.
331 4496 366 4506 -
379 4472 479 4523 husan,
