2594 4980
187 795 222 856 L.
247 824 258 846 ι
272 792 361 873 Quid
376 793 462 854 enim
481 793 632 879 posthae,
647 793 774 880 inquit,
792 795 871 857 certi
887 794 980 857 vobis
993 792 1115 881 fidique
1127 794 1235 875 juris·

125 926 157 951 ,ι
171 896 248 974 erit,
270 895 431 975 Quirites,
449 895 474 956 si
493 896 575 982 leges
592 917 653 981 pro
675 895 776 958 salute
793 911 916 979 vestra,
934 911 985 976 et,
1003 893 1093 982 quod
1114 895 1217 960 saluti

142 996 380 1083 «anteponitis,
404 1019 463 1083 pro
485 996 647 1070 libertate,
670 996 877 1060 sanctissimis
902 996 1216 1079 conuenturam,

142 1128 154 1151 ιι
169 1097 225 1159 ubi
240 1098 371 1160 factioni
389 1120 588 1184 paucorum,
602 1098 659 1184 qui
676 1120 813 1186 regnum
829 1099 861 1161 in
878 1100 966 1163 curia
980 1099 1150 1179 obtinent,
1163 1101 1216 1163 ri·

142 1230 154 1252 ι
172 1221 244 1262 sum
259 1201 370 1274 suerit,
383 1200 529 1285 quolibet
541 1216 672 1264 senatus
684 1216 769 1264 nutu
780 1200 957 1264 tollentur?
968 1200 1016 1264 td
1028 1200 1089 1264 tria
1099 1200 1214 1284 millis,

141 1331 154 1354 ιι
168 1301 320 1377 horresco
347 1305 507 1382 referem,
532 1300 571 1363 ad
597 1303 656 1365 tria
680 1302 777 1365 millia
802 1303 920 1365 civium
940 1324 1153 1367 romanorum
1178 1303 1212 1366 in

141 1425 293 1466 «earcere
316 1420 424 1466 necata
448 1420 545 1466 sunt:
567 1426 673 1490 neque
697 1405 819 1468 miseris
845 1420 901 1469 aut
923 1404 1111 1468 innocentia
1133 1426 1213 1484 sua,

141 1520 223 1565 «aut
238 1503 278 1565 ad
296 1504 454 1590 populum
473 1527 646 1569 romanum
666 1522 852 1592 respectus,
874 1528 915 1568 ne
936 1506 1056 1570 Porciae
1075 1504 1211 1593 quidem

140 1636 152 1659 ιι
168 1607 432 1691 Semproniaeque
450 1607 534 1694 leges
552 1607 755 1693 prosuerunt.

185 1706 236 1768 Lt.
254 1737 266 1760 ιι
281 1708 486 1791 Quamquam
500 1706 579 1793 quid
591 1730 652 1797 ego
667 1708 873 1795 Sempronias
886 1708 971 1797 leges
984 1706 1126 1789 advoco,
1138 1732 1214 1797 quie

141 1808 200 1868 «in
220 1808 289 1893 ipso
307 1824 439 1870 auctore
456 1811 579 1871 violatae
596 1810 700 1872 sunt?
721 1811 757 1873 C.
776 1809 981 1890 Gracchum,
1003 1812 1055 1873 Τι.
1072 1809 1213 1875 Gracchi

141 1939 152 1960 ι
166 1906 286 1984 filium,
304 1910 337 1969 P.
355 1910 493 1972 Africani
509 1926 680 1997 nepotem,
692 1911 811 1974 iterum
827 1911 996 1975 tribunum
1011 1911 1130 1998 plebis,
1144 1935 1214 1977 sum

141 2040 153 2063 ι
168 2010 252 2097 leges
270 2009 444 2073 defendere
460 2035 525 2073 non
541 2029 737 2099 potuerunt,
754 2034 821 2098 quo
836 2013 945 2076 minus
960 2011 1146 2093 inauditus,
1164 2013 1216 2077 in·

141 2110 334 2190 «defensus,
354 2113 423 2175 sine
441 2112 581 2193 judicio,
604 2113 673 2175 sine
688 2113 781 2194 jure,
806 2114 875 2176 sine
894 2135 984 2176 more
1006 2129 1213 2178 mactaretur.

142 2214 224 2276 «His
253 2215 340 2275 enim
367 2215 479 2278 hostiis
505 2214 813 2301 superbissimorum
840 2215 1013 2278 hominum
1039 2212 1215 2280 crudelitas

141 2314 311 2402 agatides:
339 2339 445 2402 neque
476 2315 595 2402 gratior
622 2315 735 2378 cadere
761 2316 891 2378 victima
914 2330 1027 2379 vestrae
1055 2314 1215 2379 libertatis

142 2446 153 2466 ι
167 2416 316 2477 hostibus
332 2417 455 2502 potuit,
469 2439 565 2502 quam
582 2416 637 2501 qui
653 2439 723 2479 eam
735 2415 890 2479 adversus
903 2416 1128 2503 impotentiam
1142 2416 1216 2480 illo·

142 2547 153 2567 ιι
168 2539 242 2578 rum
262 2518 520 2580 constantissime
544 2533 732 2581 asseruerat.
756 2521 864 2605 Atque
887 2518 984 2597 hujus
1004 2517 1135 2604 quidem
1152 2518 1216 2582 viri

140 2649 152 2669 ιι
166 2619 262 2680 vitam
283 2618 412 2680 delendi
432 2620 522 2680 omni
540 2641 602 2706 ope
616 2634 826 2706 oportuerat:
843 2616 899 2681 sed
917 2616 951 2681 id
967 2617 1119 2705 quidem,
1136 2620 1216 2705 quia

139 2752 152 2773 ιι
167 2721 251 2782 fatali
275 2720 413 2807 quadam
440 2720 703 2783 consternatione
727 2719 978 2808 praetermissum
1004 2735 1071 2797 est,
1097 2718 1214 2782 saltem

140 2852 152 2874 ιι
167 2822 296 2897 ulcisci,
316 2845 381 2884 non
402 2823 501 2909 magis
521 2822 639 2908 ipsius,
661 2843 759 2908 quem
777 2821 1013 2907 qualiscunque
1030 2819 1135 2882 exitus
1159 2841 1214 2883 se-

142 2925 231 2985 «mel
257 2925 346 2986 malis
369 2924 522 2987 omnibus
544 2923 709 3002 liberavit,
729 2945 828 3010 quam
845 2937 950 2984 vestra
967 2920 1216 3007 liberorumque

142 3057 154 3078 ιι
167 3044 349 3088 vestrorum
370 3028 511 3089 interest.

186 3128 254 3189 Lll.
279 3158 290 3181 ιι
306 3128 389 3207 Quis
414 3127 500 3187 enim
521 3126 655 3211 posthac
677 3124 815 3188 deorum
841 3124 1071 3202 hominumve,
1096 3144 1217 3209 quem·

142 3258 153 3279 ιι
166 3250 264 3313 qnam
290 3227 468 3308 Quiritium
489 3228 523 3288 C.
544 3225 681 3288 Gracchi
700 3225 787 3313 leges
803 3224 1009 3289 invocantem
1031 3224 1133 3304 leret,
1153 3223 1217 3286 nisi

142 3357 153 3380 ιι
167 3328 203 3388 C.
222 3327 404 3388 Gracchum
426 3349 482 3386 sua
502 3326 571 3412 lege
587 3325 652 3389 boc
667 3341 834 3411 tempore,
853 3327 934 3388 etin
952 3326 1015 3388 hoe
1032 3348 1088 3388 reo
1103 3323 1216 3389 vindi-

143 3426 277 3489 «carisr
303 3427 402 3504 Cujus
429 3449 489 3513 ego
516 3426 562 3488 rei
587 3428 729 3489 frontem
754 3425 987 3512 audaciamque
1014 3425 1133 3505 miror,
1158 3424 1218 3513 qui

142 3560 153 3582 ιι
167 3551 252 3606 non,
269 3545 305 3589 ut
323 3528 456 3589 biennio
475 3545 549 3590 ante
564 3527 600 3591 P.
614 3528 787 3615 Popillius,
803 3529 889 3591 ultro
907 3526 1002 3591 cessit
1013 3525 1117 3606 Urbe,
1132 3548 1217 3589 con·

143 3662 154 3684 ιι
167 3646 381 3718 spretumque
399 3647 541 3692 restrum
560 3630 717 3693 reveritus
736 3645 801 3710 est,
819 3652 887 3716 quo
904 3628 957 3691 illc
974 3625 1100 3715 pudore
1118 3627 1218 3691 mise·

143 3732 341 3796 «ricordiam
361 3750 497 3795 vestram
517 3748 602 3795 recte
628 3732 768 3813 meruit3
794 3730 850 3794 sed
873 3731 971 3793 offert
998 3750 1047 3803 se,
1074 3727 1217 3807 assistit,

142 3834 302 3921 «aspicit,
325 3835 563 3921 aspiciturque,
588 3835 642 3897 rix
669 3832 816 3896 molliore
844 3833 959 3912 vultu,
984 3853 1082 3918 quam
1110 3850 1217 3917 nuper

142 3969 153 3990 ιι
169 3937 251 4016 luit,
267 3959 368 4022 quum
379 3937 531 4014 juvenem
548 3935 776 4015 tribunicium,
789 3956 892 4020 quum
907 3954 1018 3996 senem
1033 3931 1217 4017 triumpha·

144 4039 252 4117 «lem,
270 4060 371 4124 quum
392 4036 542 4124 deinceps
557 4061 594 4100 ex
609 4053 716 4101 vestro
735 4058 873 4099 numero
891 4034 1042 4097 cohortes
1055 4032 1216 4094 innocen·

143 4169 154 4191 ιι
170 4141 252 4202 tium
265 4138 549 4218 interficijuberet.
564 4137 753 4225 Responde,
769 4138 804 4200 L.
820 4135 949 4222 Opimi,
963 4155 1033 4221 quae
1049 4132 1107 4196 tibi
1122 4153 1218 4195 mens

178 4341 231 4404 §a
247 4344 298 4389 etv.
313 4345 379 4408 spa.
392 4371 427 4380 -
440 4343 455 4406 5
468 4344 507 4389 n.
523 4343 576 4391 cte.
589 4343 729 4406 pronun.
740 4358 795 4408 cap.
806 4350 830 4396 a.
846 4367 880 4378 -
890 4339 906 4404 s
920 4342 972 4388 nn.
988 4339 1052 4386 nor.
1066 4339 1117 4395 111,
1130 4310 1221 4386 κερ.

144 4426 208 4474 vett.
225 4429 265 4485 u,
279 4429 304 4473 6.
