2594 4980
263 711 316 781 IN
346 711 457 780 LOC.
484 713 577 779 LIII.
606 712 747 780 LXXV
777 715 991 784 LIVIANI.
1093 648 1163 813 7b3

91 831 226 896 -doceri
244 854 358 921 posse,
381 832 409 896 si
424 848 533 896 actum
552 832 693 922 placeret
705 833 757 923 agi
778 856 912 922 :neque
929 857 1059 902 causam
1078 860 1163 922 esse,

93 965 106 988 r
116 956 177 997 cnr
189 955 257 997 non
272 932 370 998 hodie
383 933 509 1022 populo
519 955 658 998 romano
670 935 780 1017 liceat,
795 935 885 1024 quod
896 960 1043 1025 unquam
1056 940 1166 1008 licuis-

92 1050 174 1099 «set.
192 1035 307 1122 Nuper
317 1035 352 1096 in
370 1056 439 1098 uno
454 1033 588 1099 bomine
602 1037 810 1100 continuatos
827 1059 887 1125 per
899 1040 1165 1128 quinquennium

91 1135 302 1199 «consulatus
323 1135 397 1199 satis
416 1134 613 1219 ostendisse,
635 1137 719 1201 nibil
738 1139 773 1201 in
791 1137 843 1202 Iris
863 1141 962 1204 rebus
981 1158 1047 1207 tam
1064 1143 1164 1209 fixum

92 1237 358 1325 «immotumque
370 1237 503 1318 haberi,
516 1253 555 1301 ut
567 1240 687 1302 mutari
698 1262 737 1304 ex
752 1262 848 1305 causa
861 1260 1013 1329 nequeat.
1028 1247 1169 1310 Conces-

91 1370 104 1393 «
115 1363 189 1403 sum
205 1339 339 1404 cuilibet
355 1362 441 1421 esse,
459 1357 498 1404 ut
513 1339 554 1405 de
571 1363 606 1405 se
620 1343 828 1429 quantumvis
846 1345 1017 1434 magnifice
1032 1349 1166 1431 sentiat3

91 1471 104 1495 a
115 1457 358 1505 concessumst
377 1441 587 1524 adversariis,
603 1458 654 1525 ut,
675 1442 702 1506 si
721 1445 840 1526 velint,
860 1468 954 1512 secus
969 1450 1166 1537 opinentur3

93 1575 106 1598 α
116 1541 174 1607 sed
190 1543 225 1607 in
242 1542 400 1607 beneficio
413 1546 527 1632 populi
540 1567 708 1608 summum
722 1545 894 1610 arbitrium
909 1550 1165 1638 relinquendum

91 1673 104 1698 «
116 1643 222 1707 eidem
242 1644 368 1733 populo
389 1667 458 1709 esse
475 1667 483 1709 ε
498 1645 589 1710 hunc
611 1647 734 1735 optime
746 1646 990 1734 judicaturum,
1006 1674 1074 1740 quo
1089 1653 1166 1718 loco

91 1776 104 1799 κ
118 1747 156 1808 C.
172 1747 330 1809 Caesarem
347 1769 417 1810 esse
430 1762 612 1835 oporteat.»

136 1846 282 1911 XLVIII.
305 1849 428 1911 Contra
446 1848 515 1913 haec
537 1849 662 1912 tribuni
688 1850 794 1938 legum
814 1853 955 1916 omnibus
975 1860 1169 1941 argumentis

43 2034 47 2040 ἱ
91 1946 282 2012 ναίἰᾰὼναη
298 1951 519 2014 auctoritateret
531 1950 723 2040 allegabant
739 1952 881 2040 ‹Populi
899 1970 989 2018 certe
1003 1954 1172 2044 haudqua-

91 2080 104 2103 «
118 2072 218 2137 quam
242 2049 435 2141 ambiguum
456 2051 509 2131 jus
534 2073 624 2133 esse,
640 2075 701 2117 neo
724 2053 808 2120 illud
828 2070 970 2143 patrem
987 2057 1025 2119 C.
1043 2058 1168 2123 Cesum

94 2150 284 2242 «indigere,
312 2170 371 2217 aut
393 2175 561 2241 quoquam
586 2153 666 2235 alio,
689 2152 832 2219 tribunis
854 2155 959 2219 saltis.
983 2155 1048 2220 Sed
1069 2157 1167 2222 nullis

93 2253 187 2318 «aliis
208 2255 241 2317 in
263 2256 369 2320 causis
388 2279 482 2344 aeque
503 2254 707 2320 manifestam
732 2278 802 2321 esse
818 2256 932 2346 populi
952 2260 1166 2342 sententiam,

91 2378 214 2443 «quam
238 2358 272 2421 in
297 2357 424 2447 legibus
448 2356 610 2434 ferendis,
634 2357 761 2446 quoties
786 2380 949 2422 consensu
967 2357 1166 2443 jubeantur3

92 2489 105 2512 «ι
117 2474 187 2522 tum
202 2460 290 2533 enim
306 2458 348 2524 ad
361 2460 583 2523 maturitatem
598 2457 713 2539 judicii
728 2457 882 2522 accedere
893 2458 1101 2523 concordiam
1114 2484 1170 2526 vo·

10 2582 15 2594 ·
93 2558 260 2624 «luntatIs.
278 2560 409 2644 Quibus
428 2561 528 2649 igitur
544 2582 620 2624 vere
640 2561 682 2623 sit
700 2559 922 2646 propositum,
939 2561 1166 2628 auctoritatem

93 2663 230 2750 «populi
248 2663 351 2742 tueri,
372 2664 411 2725 iis
435 2678 510 2724 ante
526 2660 637 2723 omnia
655 2659 887 2740 laborandum,
903 2676 941 2722 ut
959 2661 1067 2750 legum
1081 2680 1167 2728 sarta

93 2777 267 2848 «tectaque
282 2760 324 2825 sit
339 2760 514 2826 veneratio.
533 2761 612 2823 Esse
627 2775 736 2822 autem
751 2761 857 2849 leges,
874 2783 946 2848 quae
961 2763 1167 2852 magistratus

93 2894 105 2916 «ι
118 2861 234 2926 ordine
247 2863 318 2951 capi
331 2862 468 2951 gerique
475 2860 628 2941 jubeant,
640 2882 748 2947 neque
759 2860 899 2925 liberum
910 2862 1030 2950 cuique
1041 2864 1167 2947 sinant,

95 2964 268 3051 *protinus
287 2963 328 3027 ab
342 2960 461 3025 infimis
474 2961 516 3025 ad
531 2984 678 3024 summos
695 2961 865 3027 transilire.
883 2962 948 3027 Has
967 2980 1023 3028 aut
1040 2987 1168 3031 servan·

95 3063 175 3128 «das
189 3064 363 3146 omnibus,
380 3079 437 3128 aut
450 3060 652 3150 abrogandas
666 3062 700 3125 in
715 3062 905 3126 universum
919 3084 1008 3148 esse3
1024 3082 1081 3129 aut
1093 3089 1167 3155 pro·

95 3167 206 3230 «lecto
218 3164 412 3231 solvendum
425 3163 572 3253 legibus,
585 3163 644 3251 qui
657 3163 839 3227 contrahas
853 3164 1077 3253 magistratum
1092 3188 1168 3231 con·

95 3269 264 3357 «cupiscat
284 3284 399 3332 :extra
419 3267 488 3330 haec
508 3265 592 3329 nihil
616 3288 705 3348 esse,
726 3265 816 3353 quod
840 3265 910 3330 lieri
928 3267 1009 3332 citra
1026 3267 1109 3348 juris
1133 3286 1167 3334 et

96 3372 227 3460 «legum
241 3370 393 3435 omnium
409 3368 622 3433 abolitionem
637 3384 745 3454 qumt.

141 3473 258 3536 XLIX.
272 3503 290 3549 7ιι
300 3473 383 3537 Sane
396 3494 500 3562 pauca
513 3470 659 3558 exempla
672 3468 790 3534 adduci
802 3492 917 3558 posse‚·
930 3469 966 3534 in
977 3468 1097 3558 quibus
1110 3486 1168 3536 aut

97 3575 164 3640 «ob
181 3597 311 3639 causam
327 3575 490 3664 exceperit
502 3574 629 3662 aliquos
645 3574 807 3661 populus,
823 3588 882 3636 aut
899 3595 959 3662 per
973 3571 1167 3661 impruden-

97 3709 110 3731 a
120 3677 198 3740 tiam
214 3676 409 3741 affectumre
423 3677 532 3765 lapsus
547 3675 748 3754 conniverit;
770 3673 828 3739 sed
841 3673 971 3738 infinito
985 3697 1057 3738 esse
1073 3675 1167 3762 plura

97 3810 110 3833 a
120 3794 320 3842 serratarum
330 3778 460 3868 legum,
475 3794 509 3843 et
520 3777 648 3864 quoties
662 3777 725 3840 tale
735 3774 859 3863 aliquid
871 3790 1033 3839 tentatum
1050 3774 1167 3856 luerit,

97 3911 110 3934 a
122 3880 257 3944 minime
276 3881 383 3968 quieta
407 3880 540 3944 comitia
563 3878 673 3942 fuisse.
695 3877 874 3965 Nunquam
889 3877 990 3966 igitur
1005 3874 1168 3956 defuisse,

98 4013 111 4036 «
122 3983 300 4070 presertim
314 4005 355 4047 ex
368 3982 504 4071 collegio
520 3979 712 4061 tribunitio,
729 3979 786 4067 qui
804 3977 1017 4042 immoderata
1034 3976 1171 4064 cupien-

99 4115 112 4138 «
123 4082 212 4147 tibus
228 4084 424 4148 resisterent.
441 4081 583 4166 Quodsi
597 4095 739 4170 quatuor
750 4095 808 4143 aut
821 4080 970 4168 quinque
983 4079 1171 4142 consulatus

101 4215 113 4239 κ
125 4199 213 4247 extra
227 4183 377 4249 ordinem
392 4183 485 4248 datos
499 4205 596 4247 suum
610 4183 645 4246 in
661 4184 807 4246 favorem
817 4182 947 4246 trabere
958 4181 1063 4245 Caesar
1074 4180 1172 4263 relit3
1216 4260 1218 4265 Ι

101 4301 249 4373 *quanto
269 4285 372 4374 pluris
385 4283 628 4367 estimandum,
645 4283 736 4371 quod
756 4284 791 4347 in
809 4284 956 4349 centenis
973 4282 1097 4371 aliquot
1112 4282 1171 4348 tri·

139 4476 156 4542 5
168 4481 272 4529 mu.
284 4479 340 4530 cte.
352 4479 386 4528 ds
397 4481 507 4544 iltrusp.
517 4480 593 4543 Resp.
607 4493 660 4542 rap.
675 4492 717 4525 ao.

938 4568 1004 4655 46.
