2594 4980
294 728 348 795 IN
381 727 495 793 LOC.
521 725 614 791 LIB.
644 723 810 791 LXXVI
836 722 1052 791 LIVIANI.
1144 722 1214 817 743

137 864 294 938 concepta
307 870 364 934 spe
378 844 551 928 vincendi,
566 861 597 908 et
612 843 813 931 impatientia
826 866 925 907 morae
936 843 1072 909 calidius
1089 845 1214 909 instan-

139 968 222 1033 tem,
238 951 369 1014 servatis
389 947 560 1013 ordinibus
574 946 695 1010 sensim
712 943 896 1010 recedendo
906 946 1067 1034 ‘tantisper
1085 947 1213 1027 tenuit,

137 1051 471 1139 donecNeoptolemo
488 1046 651 1113 retinendi
670 1070 764 1127 suos,
784 1046 953 1134 aciemque
968 1046 1212 1138 redintegrandi

137 1156 279 1242 spatium
298 1169 395 1218 esset.
409 1151 536 1215 Deinde
551 1172 727 1215 conversus
741 1150 776 1212 in
791 1148 918 1213 hostem
926 1148 1101 1238 quadrigas
1118 1151 1214 1215 falce·

139 1273 186 1320 tas
202 1256 356 1335 immisit,
377 1276 443 1317 non
466 1254 537 1317 sine
559 1251 649 1316 clade
671 1252 909 1338 Bithynorum,
932 1267 1084 1315 caeterum
1109 1252 1213 1332 major

139 1378 238 1444 quam
264 1377 324 1443 pro
350 1353 490 1434 damno,
519 1369 727 1417 terrorerat.
752 1350 892 1416 Foeditas
914 1354 1089 1439 spectaculi
1111 1355 1214 1443 magis

139 1480 236 1545 quam
256 1458 303 1520 vis
324 1456 484 1537 hostium,
508 1455 650 1518 turbavit
672 1452 822 1535 ordines,
844 1476 947 1541 quum
970 1454 1081 1518 calidis
1103 1455 1213 1519 adhuc

138 1558 328 1623 vulneribus
350 1557 528 1636 semineces
551 1556 655 1637 viros,
672 1554 774 1619 divisa
796 1578 952 1644 corpora,
972 1571 1105 1620 truncos
1121 1573 1211 1620 artus

140 1661 173 1722 in
193 1660 297 1723 multo
313 1659 472 1747 sangnine
484 1657 640 1740 volutari,
653 1657 792 1721 aliorum
808 1656 954 1721 membra
968 1657 1069 1723 hastis
1081 1674 1138 1723 aut
1152 1658 1212 1723 lal-

139 1762 233 1825 cibus
247 1758 406 1824 curruum
425 1759 522 1822 rotari
541 1775 723 1823 cernerent.

183 1863 270 1927 LIII.
291 1861 472 1924 Perterritis
485 1860 661 1925 Archelaus
678 1883 696 1924 a
715 1859 840 1941 lronte,
857 1860 1094 1950 Neoptolemus
1111 1864 1214 1927 etAr-

140 1964 261 2026 cathias
283 1962 479 2042 recollectis,
502 1963 559 2049 qni
581 1963 748 2052 fugerant,
772 1985 790 2026 a
816 1978 907 2051 tergo
934 1962 1127 2029 incubuere.
1146 1966 1212 2029 Diu

140 2081 249 2130 tamon
268 2066 414 2153 utrisque
429 2065 576 2129 restitere
588 2063 736 2153 Bithyni,
750 2063 874 2143 donee,
888 2064 1050 2151 plerisque
1064 2064 1210 2129 cadenti·

140 2166 218 2247 bus,
236 2165 430 2231 Nicomedes
452 2167 567 2230 solutis
587 2165 758 2231 ordinibus
775 2166 864 2230 abiit.
883 2165 1077 2254 Fugientem
1097 2168 1129 2230 in
1149 2169 1211 2232 Pa·

140 2267 346 2357 phlagoniam
367 2268 497 2356 sequuti
514 2284 608 2349 sunt,
625 2268 681 2356 qui
697 2282 898 2354 potuerunt3
915 2283 1047 2331 caeteros
1066 2269 1211 2356 praelium

140 2369 296 2450 confecit,
308 2386 365 2433 aut
377 2369 410 2432 in
422 2384 616 2457 potestatem
628 2368 759 2433 victoris
768 2367 901 2433 tradidit
912 2368 1079 2455 captivitas
1090 2392 1098 2434 :
1111 2386 1212 2435 castra
1256 2362 1260 2371 ¹

140 2491 273 2557 quoque
289 2493 366 2534 cnm
380 2469 518 2558 pecunia
530 2469 718 2534 Nicomedis
731 2486 824 2556 capta
839 2484 927 2532 sunt.
943 2470 1019 2532 Haec
1032 2492 1143 2559 pugna
1158 2492 1212 2534 ro-

141 2592 254 2635 manos
271 2573 369 2636 ctiam
386 2570 486 2635 duces
503 2570 592 2635 haud
606 2570 814 2634 mediocriter
832 2571 1029 2652 commovit3
1048 2571 1139 2657 quod
1155 2593 1213 2659 per

140 2671 307 2758 expeditos
324 2688 453 2735 tantum
469 2687 503 2733 et
518 2672 659 2758 equites,
676 2693 780 2757 quum
797 2671 901 2759 gravis
917 2687 1089 2735 armaturae
1108 2673 1212 2737 robur

140 2769 284 2852 abesset,
298 2793 367 2834 rem
385 2786 507 2834 tantam
522 2771 703 2834 consectam
721 2793 807 2852 esse,
823 2770 911 2834 nulla
924 2772 1073 2835 locorum
1090 2796 1213 2863 oppor-

142 2871 297 2950 tunitate,
311 2871 402 2933 nullo
421 2870 565 2934 hostium
584 2894 692 2934 errore
709 2871 882 2952 adjuvante
902 2872 1075 2956 Ponticos,
1093 2898 1135 2937 nc
1149 2899 1212 2940 nu·

142 2994 232 3034 mero
252 2971 385 3059 quidem
400 2994 510 3059 aequo,
527 2971 584 3035 sed
600 2971 737 3036 consilio
752 2971 875 3036 ducum
890 2989 923 3035 et
938 2974 1057 3038 virtute
1071 2975 1210 3040 militum

141 3073 327 3137 cernebant.
356 3073 508 3160 Captivos
535 3072 633 3136 adse
658 3072 817 3137 adductos
843 3073 1047 3138 Mithridates
1063 3076 1213 3141 'comiter

141 3176 274 3257 allatus,
291 3174 408 3238 viatico
427 3174 503 3237 dato
522 3173 644 3238 dimisit
662 3174 816 3253 domum,
834 3191 871 3237 ut
889 3173 975 3237 inter
993 3175 1085 3238 initia
1102 3199 1212 3240 rerum

142 3277 254 3340 utilem
274 3277 451 3341 clementiae
472 3277 588 3339 famam
613 3276 805 3363 acquireret.
824 3277 916 3340 Circa
933 3276 1048 3340 eadem
1067 3293 1212 3368 tempora

140 3379 298 3459 Thraces,
315 3378 371 3466 qui
390 3400 456 3440 non
474 3378 545 3441 sine
559 3377 636 3441 dolo
656 3376 854 3441 Mithridatis
866 3375 1091 3441 Macedoniam
1104 3402 1213 3466 popu-

141 3481 307 3562 labantur,
323 3503 473 3570 magnam
491 3480 528 3542 iis
549 3479 627 3542 Iocis
646 3501 684 3542 ex
704 3478 851 3542 vastitate
869 3477 987 3541 famem
1008 3495 1040 3541 ct
1057 3481 1213 3545 frumenti

140 3583 303 3646 caritatem
324 3583 521 3663 effecerunt,
536 3580 641 3644 donec
654 3605 672 3643 a
686 3596 824 3668 praetore
840 3578 1039 3643 Macedoniae
1056 3581 1091 3644 C.
1102 3580 1213 3644 Sentio

141 3685 294 3771 superati,
305 3706 380 3747 cum
392 3707 467 3772 rege
480 3707 541 3747 suo
553 3683 703 3747 Sothimo
712 3682 753 3746 ad
763 3683 881 3770 patrias
893 3681 984 3746 sedes
998 3699 1211 3749 reverterunt.

175 3873 191 3938 §
206 3877 270 3923 LIII.
283 3874 314 3922 U.
331 3875 361 3923 C.
377 3875 444 3931 (tom
464 3876 494 3923 A.
513 3874 541 3923 C.
558 3876 599 3922 88.
612 3900 648 3911 —
662 3873 730 3922 Curt.
746 3875 791 3929 tv,
808 3875 848 3922 15.
865 3900 900 3910 —
919 3874 1027 3939 Appian.
1044 3873 1157 3922 Mithritl.
1176 3901 1211 3911 -

142 3958 216 4006 niod.
227 3959 350 4022 ap.Valea.
362 3987 396 3995 —-
405 3959 458 4007 niv.
469 3959 535 4022 Epit.
548 3986 581 3994 -
592 3958 645 4006 Cic.
653 3960 723 4004 Verr.
737 3959 786 4011 111.
799 3958 841 4019 93.
852 3984 887 3993 -
896 3957 962 4005 Plut.
973 3958 1000 4006 in
1010 3957 1076 4005 Sulla
1082 3974 1155 4022 „cap
1168 3974 1211 4005 aa.

141 4069 174 4077 —
189 4045 298 4099 otocv,
313 4046 351 4089 18.
