2594 4980
10 39 1280 335 u

795 330 799 338 .

319 733 374 803 IN
402 734 516 802 LOC.
543 735 636 803 LIB.
662 737 766 804 LXV
797 738 1020 810 LIVIANI:
1128 743 1202 845 483,

180 853 286 919 ΧΧΧ.
310 843 411 918 Multa
428 854 546 919 deinde
565 858 713 921 nuntiata
731 857 901 947 prodigia:
920 861 986 923 avis
1003 861 1200 928 incendiaria

135 955 202 1018 visa
225 956 258 1017 in
277 955 385 1038 Urbe,
407 957 562 1044 buboque
585 975 778 1046 conspectus
804 960 927 1042 fuerat,
950 964 1038 1024 etin
1061 962 1204 1031 latomiis

135 1055 236 1121 homo
245 1056 286 1120 ab
298 1057 433 1121 homine
448 1057 574 1122 adesus.
589 1058 642 1122 Ob
653 1059 716 1124 hoc
731 1060 916 1148 prodigium
931 1085 989 1150 per
1002 1063 1133 1151 triginta
1149 1066 1201 1130 in-

135 1181 259 1248 genuos
277 1159 432 1247 patrimus
448 1175 481 1223 et
498 1160 682 1241 matrimus,
704 1160 904 1249 totidemque
921 1162 1080 1250 virgines,
1097 1165 1130 1227 in
1148 1166 1202 1229 in-

134 1260 204 1323 sula
222 1260 356 1325 Cimolia
376 1260 599 1325 sacrificatum.
617 1261 744 1325 Nursiae
762 1263 908 1351 geminos
923 1264 1039 1327 mulier
1057 1265 1200 1353 ingenua

133 1377 314 1448 pepererat,
324 1361 462 1449 puellam
478 1363 632 1426 membris
646 1353 800 1425 omnibus
813 1364 962 1451 integris,
973 1387 1113 1452 puerum
1125 1366 1197 1429 alvo

132 1478 281 1549 patente,
298 1478 336 1526 ut
354 1464 544 1527 intestinum
563 1464 819 1551 conspiceretur,
836 1465 1015 1551 posteriore
1033 1481 1124 1554 parte
1144 1488 1199 1530 so-

133 1563 214 1644 lida,
228 1565 284 1651 qui
300 1587 380 1630 voce
397 1565 492 1628 missa
510 1566 682 1654 exspiravit
701 1587 708 1629 :
728 1567 809 1630 lacte
830 1589 961 1654 quoque
981 1567 1030 1630 bis
1052 1592 1091 1632 eo
1111 1592 1199 1639 anno
1220 1584 1227 1593 ’

132 1666 232 1751 pluit;
254 1683 286 1729 et
310 1665 542 1730 inundationes
570 1689 694 1755 magnae
720 1667 880 1730 luerunt:
906 1684 939 1730 et
964 1667 1219 1736 intumescente¹

131 1763 237 1847 Pado,
251 1783 283 1830 et
299 1768 435 1830 Aretino
451 1781 582 1855 stagno,
597 1768 699 1832 multa
714 1767 887 1832 hominum
903 1768 1001 1833 millia
1015 1771 1107 1858 aquis
1121 1787 1200 1836 sunt

131 1866 259 1933 obruta.

174 1971 297 2034 XXXI.
311 1971 424 2054 Quum
435 1971 552 2036 deinde
564 1973 715 2036 consules
726 1972 766 2037 de
777 1973 952 2061 provinciis
964 1989 1111 2038 senatum
1122 1997 1198 2041 con·

130 2069 319 2152 suluissent,
336 2095 408 2160 quae
427 2072 564 2138 decretre
582 2074 659 2161 ipsis
677 2074 817 2158 luerint,
838 2075 872 2138 in
889 2075 1046 2158 obscur03
1065 2077 1196 2159 Q.·Me-

130 2169 206 2232 tello
225 2172 397 2259 imperium
416 2174 450 2237 in
469 2173 624 2239 Numidia
645 2192 855 2264 prorogatum
878 2198 967 2257 esse,
990 2194 1116 2241 certum
1138 2194 1196 2244 est.

130 2271 215 2352 Quia
240 2290 348 2339 tamen
370 2277 541 2340 interfecto
559 2277 593 2340 in
612 2277 767 2364 Hispania
784 2277 893 2340 Pisoni
912 2279 1103 2342 successisse
1121 2278 1197 2344 Gal·

128 2371 202 2435 bam
221 2373 313 2463 lego,
336 2377 505 2440 consulem
522 2377 677 2458 Galbam,
698 2377 742 2441 ob
760 2379 914 2467 gravioris
932 2378 1016 2442 forte
1036 2380 1112 2444 belli
1137 2381 1198 2444 mi·

127 2495 184 2536 nas
200 2492 341 2558 exortas,
358 2501 398 2541 eo
417 2479 553 2557 missum
570 2479 702 2542 inclinat
719 2479 845 2542 animus
863 2496 900 2541 ut
915 2479 1044 2543 credam
1062 2504 1070 2543 :
1090 2504 1197 2569 neque

126 2575 203 2640 levis
221 2594 270 2641 est
287 2580 428 2666 suspicio
448 2601 487 2642 ex
505 2578 602 2642 rebus
620 2593 733 2665 postea
749 2580 913 2665 sequutis,
931 2579 1052 2643 Scauro
1069 2581 1197 2645 consuli

125 2678 324 2762 provinciam
343 2679 479 2743 Galliam
495 2679 650 2741 evenisse.
665 2680 819 2741 Lustrum
839 2678 972 2741 tertium
989 2695 1022 2742 et
1039 2681 1197 2767 sexagesi-

126 2798 216 2839 mum
244 2779 295 2840 his
320 2777 509 2842 consulibus
534 2776 705 2840 conditum
732 2799 817 2854 esse,
835 2777 1008 2863 capitolina
1034 2801 1196 2845 marmora

125 2876 350 2941 demonstrant
372 2901 380 2941 :
403 2899 576 2941 censorum
608 2877 742 2940 nomina
774 2877 985 2963 ignorantur,
1014 2879 1073 2942 nisi
1103 2879 1195 2967 quod

125 2979 167 3060 Q.
184 2978 321 3042 Fabium
338 2978 600 3067 Allobrogicum,
623 2980 659 3042 C.
676 2976 835 3056 Licinium
856 2977 971 3042 Getam
991 2979 1091 3043 luisse
1113 3003 1193 3045 con·

123 3097 314 3144 sentaneum
330 3096 388 3146 est.
409 3079 526 3145 Getam
542 3079 721 3167 enimpost
736 3079 916 3143 censoriam
931 3095 1042 3143 notam
1060 3080 1101 3145 ad
1116 3104 1193 3147 oen·

122 3205 230 3245 suram
253 3183 437 3270 pervenisse
457 3204 554 3269 supra
574 3182 712 3246 relatum
733 3197 782 3245 est
805 3204 813 3244 :
837 3196 871 3244 et
890 3179 998 3245 fornix
1026 3183 1192 3264 fabianus,

119 3284 208 3361 juxta
221 3286 339 3373 regiam
351 3285 487 3348 inSacra
496 3284 548 3346 via
559 3298 767 3347 constructus
779 3305 888 3364 arcus,
900 3282 1035 3346 sabianae
1046 3306 1191 3350 censum

121 3394 374 3450 monumentum
387 3403 451 3460 est,
469 3385 564 3448 etiam
581 3400 686 3449 statua
699 3384 894 3473 Allobrogici
905 3385 996 3464 juxta
1008 3386 1123 3473 posita.

164 3487 303 3551 XXXII.
321 3488 481 3556 Ceterum
506 3487 574 3550 haec
596 3504 630 3551 et
655 3487 715 3551 alia
738 3488 807 3567 ejus
831 3489 908 3550 anni
931 3487 1069 3551 obscura
1092 3502 1191 3571 sunt3

120 3585 241 3648 Metelli
258 3603 345 3675 gesta
361 3588 529 3652 Sallustius
548 3589 581 3652 in
597 3588 671 3653 luce
686 3588 873 3668 collocavit,
891 3610 989 3675 quem
1009 3589 1069 3652 nisi
1089 3574 1211 3654 habe·⁸

119 3709 245 3767 remus,
271 3708 379 3773 neque
403 3690 513 3774 plura,
541 3711 649 3778 neque
673 3690 828 3769 certiora,
855 3693 954 3776 quam
976 3688 1017 3752 de
1038 3690 1189 3777 reliquia,

118 3788 234 3850 afferre
256 3808 435 3873 possemus.
458 3790 561 3877 Igitur
583 3791 762 3880 Iugurtha,
781 3806 936 3853 renovato
957 3789 1059 3872 bello,
1084 3813 1190 3878 quum

117 3888 166 3967 vi,
184 3886 311 3967 fraude,
324 3890 478 3976 pecunia,
494 3913 608 3954 omnes
621 3907 720 3978 atque
734 3891 845 3954 omnia
857 3908 997 3955 versaret
1010 3906 1107 3978 atque
1122 3891 1191 3955 vol·

117 4005 222 4070 verat,
246 3989 376 4053 tandem
395 3990 607 4055 Vaccensium
625 3992 787 4080 principes
811 3990 853 4055 ad
877 3990 1093 4054 occidendum
1116 3981 1193 4056 Me?

117 4091 184 4153 telli
202 4091 389 4178 praesidium
412 4091 552 4180 impulit.
577 4095 674 4156 Certo
693 4092 764 4175 die,
787 4093 844 4180 qui
862 4093 961 4156 festus
980 4114 1187 4180 peromnem

116 4192 256 4257 Africam
280 4194 407 4258 lascivia
431 4209 463 4257 et
486 4194 640 4257 conviviis
660 4192 744 4267 duci·
757 4208 988 4273 consueverat,
1010 4214 1115 4279 eoque
1138 4209 1187 4258 te·

150 4402 165 4467 S
180 4407 264 4453 XXX.
278 4406 386 4471 Appian.
397 4407 470 4471 Hiap.
481 4431 515 4446 ·-
527 4403 543 4471 S
554 4407 652 4455 xm.
665 4406 783 4454 Marmor.
791 4406 899 4471 Capitol.
909 4431 944 4442 -
954 4406 1032 4470 Supra
1042 4405 1125 4466 ant,
1140 4423 1184 4467 aq.

127 4511 151 4520 ·-
162 4488 262 4536 Peslian.
273 4491 300 4537 Iu
310 4491 380 4538 Verr.
391 4492 424 4538 II.

948 4583 1008 4653 31.
