2594 4980
122 770 187 843 190
292 740 999 814 J0.FnE1NSHEM11'stJPP1AEM.

158 866 312 932 XXXIX.
338 867 423 954 Ergo
447 865 646 938 Demetrius,
665 864 840 943 majoribus
860 864 984 930 auxiliis
1003 888 1085 955 opus
1104 890 1160 934 esse

115 992 266 1048 cernens,
283 968 491 1031 Ptolemaeum
513 965 763 1028 philometorem
780 963 911 1054 Egypti
926 988 1036 1056 regem
1049 970 1158 1033 excitat.

116 1073 311 1157 Quanquam
332 1069 418 1130 enim
439 1068 465 1130 is
487 1066 583 1130 liliam
602 1064 786 1130 Alexandro
806 1086 942 1129 uxorem
961 1065 1107 1150 dederat,
1121 1082 1159 1131 ts·

116 1196 208 1253 men,
222 1172 288 1236 sive
300 1171 445 1234 infensus
460 1189 595 1256 genero,
609 1167 674 1229 sive
688 1166 888 1229 occasionem
900 1165 1075 1231 invadendi
1085 1168 1158 1257 regni

116 1276 263 1339 viciniam
282 1273 410 1360 plexus,
430 1291 505 1332 cum
527 1266 714 1356 ingentibus
733 1264 935 1353 pedestribus
955 1266 1158 1355 equestribus·

117 1398 180 1462 que
193 1374 294 1460 copiis
307 1373 338 1433 in
353 1371 475 1458 Syriam
490 1368 596 1450 venit,
610 1384 764 1453 tanquam
780 1388 900 1455 genero
917 1368 1082 1455 suppetias
1094 1368 1158 1432 latu·

115 1499 188 1540 rus:
203 1476 312 1560 itaque
325 1472 467 1534 civitates
479 1470 509 1533 ei
521 1484 640 1557 portas,
653 1484 691 1531 ut
700 1468 814 1543 amico,
830 1469 1032 1556 aperiebant,
1043 1470 1157 1550 jubente

116 1574 315 1653 Alexandro,
328 1573 394 1635 sive
410 1570 560 1638 credebat
574 1571 730 1634 sinceram
745 1571 846 1634 soceri
861 1586 1003 1635 mentem
1015 1594 1097 1648 esse,
1107 1572 1156 1635 sire

116 1672 752 1767 simplicitatesuaputabatilliusobligari
760 1669 1155 1763 fidemetpudnremposse:

116 1781 178 1844 nisi
197 1796 303 1842 tamen
322 1774 577 1839 dissimulatione
598 1774 659 1837 ista
675 1773 800 1836 occasio
821 1774 1028 1860 quaerebatur
1044 1772 1155 1840 tollendi

116 1905 173 1971 per
189 1879 339 1956 insidias,
354 1899 452 1963 quem
468 1876 590 1939 viribus
606 1898 672 1939 non
688 1890 755 1939 erat
770 1875 946 1962 repellere:
962 1898 1040 1940 nam
1056 1893 1087 1941 et
1101 1896 1154 1965 qua

115 1999 252 2071 sequuta
267 1996 359 2058 sunt,
377 1979 460 2041 banc
476 1978 693 2065 suspicionem
706 1976 914 2041 vehementer
927 1976 1097 2043 affirmant.

129 2096 133 2104 '
160 2083 227 2146 XL.
248 2081 359 2163 Quum
377 2080 463 2142 enim
484 2077 657 2166 AEgyptius
675 2100 733 2167 per
751 2080 887 2141 Azotum
910 2094 944 2143 et
958 2081 1083 2168 ioppen
1098 2076 1153 2165 (uli

114 2183 271 2249 lonathan
290 2182 336 2259 ei,
349 2179 534 2242 ludaeorum
548 2178 631 2260 dux,
643 2177 799 2265 occurrit)
812 2179 1011 2244 Ptolemaida
1023 2180 1152 2257 venisset,

117 2285 248 2349 firmatis
270 2281 418 2370 praesidio
441 2302 520 2368 quas
538 2281 742 2367 relinquebat
760 2280 915 2357 urbibus,
938 2279 1153 2370 propemodum

115 2388 303 2451 interfectus
315 2400 362 2447 est
378 2382 541 2445 Ammonii
558 2380 653 2463 dolo,
666 2383 722 2468 qui
737 2382 846 2445 omnia
857 2380 944 2469 apud
961 2380 1152 2447 Alexandrum

114 2505 248 2578 poterat.
263 2486 348 2574 Ergo
373 2506 430 2570 per
448 2483 553 2546 literas
572 2483 674 2569 petito
698 2481 739 2545 ad
756 2482 969 2570 supplicium,
988 2506 1049 2547 nec
1067 2480 1153 2548 dedito

114 2589 303 2667 Ammonio,
320 2608 475 2674 generum
492 2585 682 2648 insimulans
696 2586 861 2648 conscium
880 2585 1069 2651 insidiarum
1082 2587 1111 2649 in
1122 2602 1155 2647 rt·

115 2708 174 2780 put
196 2712 292 2753 suum
315 2689 431 2767 luisse,
451 2710 525 2750 eum
547 2687 712 2749 Demetrio
735 2686 918 2751 societatem
940 2688 1156 2773 amicitiamque

114 2791 235 2881 pangit.
256 2789 401 2854 Habebat
417 2787 482 2866 jam
504 2789 536 2851 in
556 2803 716 2875 potestate
733 2803 834 2850 totam
856 2810 945 2850 oram
969 2788 1158 2862 maritimam,
1219 2814 1221 2847 :

115 2894 155 2959 ad
173 2892 351 2958 Seleuciam
373 2912 494 2977 usque,
517 2912 614 2976 quam
633 2902 851 2976 cognomento
873 2887 1011 2952 Pieriam
1033 2900 1158 2953 vocent:

113 2998 190 3062 inde
211 2995 431 3059 Antioclrenos
451 2991 640 3069 sollicitans,
660 3004 692 3052 et
707 2989 794 3076 ipsos
810 2988 991 3053 Alexandro
1004 2990 1114 3071 iratos,
1128 2980 1163 3051 ob

114 3098 232 3162 scelera
250 3094 411 3159 Ammonii
420 3140 429 3172 ‚
439 3093 471 3154 in
484 3107 589 3178 partes
600 3112 673 3154 suas
682 3089 821 3154 attrahit.
836 3089 1057 3155 Commodum
1069 3090 1168 3155 abent

115 3220 189 3261 cum
216 3196 340 3258 meliori
364 3208 454 3279 parte
476 3193 640 3279 copiarum
667 3190 854 3271 Alexander,
875 3208 913 3255 ut
937 3192 1076 3258 Cilicum
1097 3208 1170 3256 uon·

114 3298 236 3376 nullos,
253 3297 309 3382 qui
326 3293 525 3372 deiecerant,
542 3292 581 3356 ad
600 3291 744 3356 officium
760 3293 855 3355 armis
871 3311 1047 3360 revocaret.

158 3397 241 3462 XLI.
267 3395 315 3457 lta
336 3392 484 3455 licentius
510 3393 710 3457 mutantibus
730 3391 826 3456 fidem
850 3394 1081 3475 Antiochenis,
1103 3396 1180 3460 Am·

114 3501 244 3566 monins
263 3499 295 3560 in
316 3494 465 3558 muliebri
484 3495 579 3576 stola,
602 3517 699 3582 quam
720 3493 760 3557 ad
783 3493 1048 3561 dissimulandam
1067 3516 1182 3584 perto‘

112 3626 187 3668 nam
201 3600 364 3678 induerat,
377 3594 567 3660 interficitur
582 3620 589 3660 :
603 3619 686 3659 uxor
695 3595 865 3659 Alexandri
876 3596 916 3659 ad
931 3611 1058 3683 patrem
1074 3594 1184 3665 redit,

113 3705 285 3790 statimque
304 3700 468 3764 Demetrio
488 3700 521 3763 in
538 3699 780 3762 matrimonium
799 3697 945 3763 traditur.
968 3699 1186 3768 Ptolemaeus,

114 3803 317 3870 Antiochiam
335 3803 511 3888 ingressus,
530 3822 548 3863 a
562 3799 684 3887 populo
701 3799 921 3886 militibusque
940 3823 996 3863 rex
1010 3800 1111 3889 Syriae
1126 3822 1187 3863 aa·

114 3907 245 3985 lutatur,
270 3918 319 3981 et,
343 3901 495 3965 omnibus
520 3923 637 3990 magno
664 3900 772 3965 studio
793 3900 1021 3982 tendentibus,
1047 3902 1191 3992 gemino

114 4008 293 4072 diademate
315 4004 465 4091 insignis,
493 4002 661 4088 utriusque
687 4001 776 4089 regni
800 4000 972 4063 dominum
993 4000 1192 4088 profitetur·

115 4107 177 4172 Sed
189 4123 226 4173 ut
239 4120 306 4170 crat
319 4119 432 4167 natura
445 4102 567 4176 bonus,
584 4117 616 4164 et
630 4101 786 4187 aequitatis
799 4122 924 4180 amans,
938 4099 980 4163 ad
997 4086 1194 4165 haecfuturi

43 4211 50 4241 ⁸
115 4232 182 4273 non
203 4204 420 4295 improvidus,
444 4224 550 4288 neque
566 4217 652 4265 recte
674 4223 709 4265 se
731 4200 850 4283 facere,
870 4222 976 4287 neque
989 4199 1193 4290 prudenter,

149 4416 305 4485 snm.
318 4412 419 4476 ioseph.
439 4435 473 4447 -
488 4408 601 4460 Maelrab.
618 4435 653 4448 -
669 4411 756 4459 Zuum.
775 4435 811 4448 -
830 4409 923 4475 sulpic.
939 4413 1020 4460 sever.
1039 4406 1105 4477 -ς
1122 4402 1192 4459 ¹1⁴·

118 4501 219 4563 ptiar,
232 4513 271 4548 rr.
288 4521 323 4534 -
338 4496 440 4560 Joseplr.
