2594 4980
289 660 342 727 IN
374 658 484 726 LOC.
510 658 599 727 LIB.
626 661 751 730 LXVI
784 664 1001 737 LIVIANI.
1108 668 1180 768 509

112 778 282 864 didicerat)
301 779 345 842 ita
363 778 501 865 perculit
519 779 679 844 marianos
697 782 833 863 milites,
851 801 889 849 ut
901 786 968 866 jam
980 792 1100 876 'parum
1119 793 1180 857 ab.

111 896 232 962 essent,
244 881 327 968 'quin
342 878 510 961 hostibus,
527 880 695 969 Jugurthae
708 885 877 970 praeseutia
888 903 920 950 et
932 887 1009 951 dolo
1024 893 1180 971 majorem

110 986 144 1047 in
155 982 291 1047 modum
303 980 511 1063 confirmatis,
528 998 616 1071 terga
630 982 759 1064 dareut;
778 1009 881 1073 quum
895 990 930 1052 L.
940 990 1037 1073 Sulla,
1052 1015 1179 1078 eorum,

110 1110 128 1148 a
150 1086 270 1173 quibus
294 1085 388 1148 initio
413 1106 530 1172 pugnae
552 1085 728 1172 impeditus
753 1087 875 1168 fuerat,
895 1091 1014 1172 victor,
1036 1094 1180 1180 Mauris,

111 1188 260 1275 quicum
277 1186 436 1275 Jugurtha
454 1200 562 1266 erant,
578 1187 732 1274 obliquus
751 1210 821 1253 sese
839 1190 967 1255 intulit:
985 1193 1072 1258 idem
1090 1213 1123 1260 et
1137 1200 1179 1263 ab

111 1291 234 1370 Mario,
253 1289 309 1376 qui
333 1288 395 1350 sibi
417 1288 585 1375 oppositos
608 1288 754 1352 similiter
774 1289 919 1371 fuderat,
939 1292 1073 1359 factum.
1097 1300 1181 1363 boc.

111 1392 192 1455 chus
212 1391 380 1479 evestigio
397 1412 431 1454 se
448 1388 587 1467 conjecit
605 1390 639 1453 in
655 1388 777 1479 fugam.
794 1391 971 1479 Iugurtha,
988 1417 1091 1483 prope
1106 1421 1181 1485 par.

112 1510 177 1556 tam
194 1492 363 1556 victoriam
383 1513 401 1554 e
419 1491 571 1554 manibus
590 1491 671 1578 eripi
688 1492 820 1572 dolens,
839 1493 919 1556 dum
938 1495 1020 1559 nihil
1032 1498 1074 1561 ad
1089 1522 1181 1564 sum·

112 1619 197 1658 mam
214 1594 459 1657 contentionem
476 1593 639 1681 reliquum
658 1592 750 1674 facit,
769 1594 922 1658 omnibus
939 1597 1023 1660 eirca
1037 1599 1180 1683 amissis,

111 1698 163 1759 vix
177 1697 262 1760 inter
278 1697 339 1760 tela
354 1695 499 1758 hostium
516 1695 603 1758 solus
620 1694 746 1783 effugit.
761 1695 879 1785 Magna
896 1696 1015 1762 deinde
1028 1700 1132 1765 cedes
1146 1703 1180 1767 in

111 1798 232 1884 campis
249 1796 436 1883 patentibus
450 1797 528 1876 fuit,
546 1797 722 1885 nonaginta
737 1796 878 1862 millibus
894 1819 1110 1886 armatorum,
1124 1806 1182 1892 qui

111 1899 242 1962 adducti
258 1923 276 1962 a
295 1899 426 1986 regibus
444 1898 586 1978 fuerant,
602 1899 842 1986 propemodum
859 1900 1082 1969 internecione
1099 1909 1186 1974 dele·

112 2003 171 2064 tis:
191 2018 224 2064 et
242 2024 311 2064 rem
330 2001 464 2088 propius
480 2001 700 2082 intuentibus,
718 2001 781 2064 hoc
795 2001 929 2067 demum
945 2007 1055 2093 praelio
1072 2009 1182 2076 debel-

111 2105 210 2166 latum
231 2120 289 2168 est.

157 2207 261 2268 XXX.
287 2205 419 2292 Quippe
443 2205 560 2291 quinto
585 2221 659 2294 post
685 2228 756 2270 eam
781 2230 924 2296 pugnam
952 2209 1021 2293 die,
1045 2214 1139 2304 legati
1164 2240 1183 2280 a

113 2308 241 2369 boccho
257 2306 376 2370 Cirtam
392 2322 570 2387 venerunt,
595 2306 654 2369 ubi
672 2306 794 2371 Marius
811 2309 984 2376 hibernare
1001 2317 1183 2383 constitue·

111 2426 177 2488 rat,
196 2424 358 2496 petentes,
383 2411 432 2472 uti
447 2409 526 2473 duos
545 2404 825 2497 quamfidissimos
844 2411 892 2473 ad
909 2435 1010 2501 regem
1029 2418 1180 2499 mitteret,

110 2511 293 2597 quibuscum
319 2511 358 2572 de
380 2510 552 2574 commodis
567 2508 684 2596 populi
704 2513 832 2573 romani
849 2514 971 2599 suisque
997 2513 1182 2602 loqueretur.

112 2613 201 2674 Missi
219 2629 297 2674 sunt
312 2616 350 2674 Α.
364 2613 504 2675 Manlius
522 2612 665 2697 legatus,
689 2610 724 2672 L.
740 2611 911 2674 Cornelius
926 2612 1013 2675 Sulla
1030 2632 1182 2701 quaestor.

112 2712 161 2772 Ibi
190 2713 296 2789 Sulla,
322 2711 414 2788 cujus
442 2708 602 2773 facundiae
629 2709 770 2772 Manlius
795 2726 887 2773 aetate
911 2713 1001 2797 prior
1026 2732 1181 2798 cesserat,

112 2812 209 2872 verba
225 2814 329 2872 facere
343 2812 473 2897 incipit,
489 2810 654 2873 Bocchum
668 2809 818 2891 laudans,
830 2812 934 2898 quod,
945 2818 1121 2901 pernicioso
1134 2828 1183 2882 er'5

111 2935 180 2974 rore
195 2912 335 2974 celeriter
348 2913 469 3000 abjecto
477 2960 487 2991 ,
498 2912 605 2998 potius
622 2911 796 2973 amatum
809 2910 924 2999 populi
933 2919 1061 2979 romani
1063 2964 1073 2995 ‚
1086 2940 1183 3006 quam

112 3013 235 3099 longius
249 3011 364 3076 bellum
370 3060 379 3090 ‚
398 3025 565 3099 expeteret.
583 3011 661 3100 Ejus
668 3011 784 3098 populi
794 3012 849 3075 hos
862 3035 885 3075 a
890 3017 1048 3104 principio
1065 3041 1180 3101 naeres,

112 3116 180 3178 hoee
193 3118 337 3179 t'rutt'tuta
338 3112 460 3202 fuisse,
478 3127 514 3176 ut
526 3135 625 3201 neque
638 3114 736 3176 armis
749 3135 772 3175 a
786 3136 963 3202 quoquam,
982 3139 1081 3206 neque
1092 3120 1182 3184 bene.

98 3214 189 3303 ficiis
205 3219 463 3305 vincipateretur
472 3238 484 3278 :
498 3214 534 3278 id
545 3217 683 3303 experiri
694 3237 797 3303 regem
806 3215 882 3279 olim
886 3221 1040 3304 potuisse,
1058 3223 1187 3288 sicardi

112 3343 258 3407 curoeque
273 3320 430 3382 habuisset
440 3343 453 3397 ;
476 3317 586 3381 sedne
605 3321 650 3381 sie
671 3318 795 3406 qualem
812 3341 914 3382 serum
932 3343 1011 3402 esse,
1032 3328 1183 3411 quumt'n

112 3445 210 3485 manu
228 3424 331 3500 alsit,
352 3423 568 3485 Romanorum
590 3421 832 3484 benevolentiam
851 3424 955 3508 gratis
976 3421 1089 3514 effetis
1102 3451 1182 3516 pm.

112 3526 230 3586 mereri.

157 3625 280 3686 XXXI.
299 3625 421 3687 Contra
436 3624 506 3687 haec
522 3624 670 3687 Bocchus
686 3646 694 3687 ε
710 3647 775 3687 non
792 3624 865 3687 odio
888 3629 1017 3691 romani
1031 3631 1180 3710 nominis,

113 3725 243 3811 utqui,
268 3725 364 3786 missis
385 3725 520 3787 Romam
543 3724 671 3813 legatis,
693 3728 867 3788 enucleam
886 3741 993 3812 sponte
1006 3732 1180 3817 petivisset,

112 3822 168 3886 sed
180 3821 324 3910 repulsa,
349 3823 461 3887 demde
477 3823 636 3888 nonnullis
651 3824 772 3911 injuria
784 3842 1010 3911 provocatum,
1028 3833 1075 3894 ad
1089 3855 1183 3896 arum

112 3928 306 4013 respexisse:
325 3948 401 3988 num
424 3947 558 4011 agruim
579 3925 662 3989 unde
686 3928 749 4012 ipse
772 3925 967 4014 Iugurtham
991 3932 1181 4019 expulisset,

102 4030 181 4116 jure
197 4026 273 4091 belli
286 4024 536 4112 munufactum
553 4049 653 4115 neque
672 4029 786 4092 mirari
799 4052 988 4119 quemquam
1005 4033 1132 4114 debere,
1156 4038 1187 4100 si

112 4131 237 4193 vastari
249 4151 319 4191 eum
332 4151 353 4189 a
371 4128 479 4191 Mario
486 4130 563 4215 pati
574 4129 735 4215 nequisset.
754 4128 926 4211 Caeterum,
941 4137 971 4196 st'
985 4136 1045 4199 sibi
1056 4149 1185 4224 partem

148 4330 164 4394 5
186 4332 282 4377 XXIX.
301 4329 406 4377 Diodor.
425 4329 509 4393 Eclog.
527 4328 571 4376 lib.
586 4332 707 4379 XXXVI.
730 4359 765 4368 ·-
784 4335 857 4381 Oros.
870 4335 904 4390 V,
923 4334 963 4384 15.
983 4363 1016 4374 -
1036 4332 1140 4407 Diodor.
1159 4353 1184 4391 et

115 4414 221 4477 Appian.
235 4415 301 4479 apud
317 4413 385 4461 nutv.
399 4414 481 4462 Ursin.
493 4441 528 4449 -
540 4413 638 4462 Sallust.
