2594 4980
208 707 275 774 JO.
303 705 501 773 FREINS.
526 705 660 774 SUPP.
682 707 735 774 IN
760 704 873 773 LOC.
893 705 986 773 LIB.
1007 704 1106 774 LXI.
1135 701 1202 804 377

134 915 159 976 l'.
183 878 461 1009 Quuu.ltaliam
481 913 518 976 C.
536 911 678 975 Fannius
697 911 813 974 consul
830 911 1028 999 provinciam
1046 910 1200 995 haberet,

134 1013 254 1102 collega
280 1012 349 1090 ejus
376 1013 436 1074 Cn.
459 1012 623 1076 Domitius
649 1013 682 1074 in
709 1010 842 1075 Galliam
862 1011 985 1099 (Gallia
1009 1013 1097 1076 enim
1121 1012 1200 1078 huic

133 1113 294 1199 evenerat)
311 1115 475 1201 profectus
491 1130 550 1177 est.
568 1113 678 1201 Magni
692 1112 757 1191 jam
775 1129 845 1176 tum
860 1113 892 1175 in
911 1136 948 1176 ea
965 1130 1073 1177 motus
1089 1130 1198 1196 erant,

133 1230 165 1276 ct
179 1215 314 1294 majores
327 1214 473 1301 quotidie
489 1213 711 1302 sperabantur.
726 1214 941 1279 Salluviorum
955 1231 1070 1302 potens
1084 1231 1117 1278 et
1129 1216 1199 1280 bel·
1249 1284 1252 1289 Α

133 1315 229 1378 licosa
250 1317 355 1403 natio,
375 1330 496 1401 tentata
517 1315 616 1403 magis
638 1339 657 1378 a
678 1316 722 1379 M.
739 1315 871 1397 Fulvio,
891 1337 989 1402 quam
1007 1316 1110 1396 victa,
1132 1317 1199 1381 suis

134 1433 166 1479 et
178 1417 359 1480 accolarum
374 1417 475 1503 copiis
494 1416 671 1480 exereitum
689 1414 777 1480 haud
795 1439 878 1506 aegre
893 1432 1103 1504 reparaverat.
1121 1406 1209 1481 Non'

133 1519 231 1605 igitur
245 1518 345 1581 levius
360 1521 395 1582 C.
413 1519 538 1598 Sextio,
557 1519 613 1605 qui
634 1519 829 1606 proconsule
845 1518 1045 1606 provinciam
1063 1539 1197 1606 accepe-

133 1636 198 1700 rat,
218 1643 313 1707 quam
330 1620 482 1683 adversus
494 1619 637 1708 integros
653 1619 775 1683 bellum
791 1619 861 1682 fuit.
880 1618 998 1682 Praeter
1014 1618 1199 1685 immanita-

133 1736 199 1783 tem
224 1722 388 1808 gentium,
410 1721 557 1784 locorum
580 1720 729 1784 obstabat
747 1720 917 1807 asperitas,
942 1741 1048 1806 eoque
1070 1709 1201 1802 mutii,

133 1821 189 1885 sed
202 1823 335 1885 minutis
350 1822 466 1909 praeliis
480 1821 581 1910 pulsi,
596 1845 636 1886 ex
652 1822 734 1885 faciti
749 1822 970 1885 instaurabant
985 1822 1125 1896 bellum,
1138 1818 1200 1884 do·

134 1946 193 1986 nec
206 1925 324 1987 virtute
341 1925 482 1988 simulet
499 1924 699 1987 humanitate
714 1923 805 1987 ducis
821 1924 947 1986 romani
960 1923 1104 2011 mitigata
1118 1945 1202 1986 non·

134 2026 213 2088 nibil
229 2027 403 2113 agrestium
418 2026 591 2088 hominum
605 2027 712 2089 feritas
724 2024 828 2088 cessit.

178 2126 219 2189 ll.
243 2127 348 2188 Locus
369 2142 437 2189 erat
459 2126 568 2190 calidis
591 2144 623 2190 et
643 2127 766 2216 frigidis
789 2125 937 2189 fontibus
957 2123 1122 2213 irriguus,
1143 2119 1201 2188 ubi

135 2225 250 2287 collato
274 2225 357 2313 pede
376 2226 583 2309 dimicatum,
601 2245 633 2291 et
654 2229 771 2309 major,
790 2243 1021 2315 quamantea,
1042 2224 1201 2289 Salluvio-

134 2348 207 2388 rum
223 2343 343 2417 strages
363 2328 433 2392 fuit.
453 2329 538 2393 Usus
557 2329 688 2393 fortuna
704 2331 889 2410 Romanus,
908 2327 949 2391 ad
966 2326 1124 2415 oppidum
1140 2326 1202 2389 ho·

134 2429 232 2490 stium
259 2428 369 2510 duxit,
396 2429 485 2517 quod
510 2431 662 2515 frequens
688 2428 1007 2516 propugnatoribus,
1033 2448 1137 2514 quum
1168 2425 1204 2492 in

133 2545 323 2615 potestatem
339 2529 505 2593 redactum
518 2547 619 2611 esset,
634 2547 667 2592 et
681 2530 796 2616 captivi
811 2529 872 2593 snb
885 2550 1005 2592 corona
1019 2527 1204 2591 'venderen-

136 2645 205 2709 tur,
220 2654 305 2693 unus
327 2653 459 2710 eorum,
479 2631 618 2692 Crantor
645 2630 795 2707 nomine,
818 2628 1048 2715 proconsulem
1071 2627 1206 2711 edocet,

135 2753 252 2817 senqrcr
263 2754 293 2792 se
303 2734 445 2817 partium
467 2751 672 2791 romanarum
679 2728 803 2814 srer'sse,
823 2753 921 2816 eoque
941 2751 1038 2791 causa
1057 2728 1174 2792 multas
1188 2751 1212 2790 a

135 2831 250 2892 cirrhos
269 2836 330 2891 suas
354 2827 577 2908 contumelias,
600 2843 631 2891 et
649 2830 836 2891 detrimenta
862 2852 979 2912 niagno
995 2852 1146 2915 passum,
1170 2845 1206 2894 et

136 2930 304 2993 constabat
315 2952 422 2992 veram
438 2929 662 3017 allegationem
678 2951 758 2992 esse.
770 2929 854 2991 Turn
871 2928 1048 3015 proconsul
1061 2929 1203 3023 allicien-

136 3032 194 3095 dos
215 3031 338 3119 magnis
354 3030 493 3119 praemiis
511 3029 610 3093 duros
623 3030 749 3092 anintos
770 3046 876 3111 ratus,
891 3052 957 3093 non
982 3030 1082 3094 modo
1099 3031 1205 3094 Cran-

135 3148 237 3196 torem
258 3156 332 3196 cum
352 3132 545 3220 propinquis
563 3132 717 3195 omnibus
734 3131 871 3196 libertati
893 3128 1034 3213 restitui,
1051 3132 1206 3219 bonaque

135 3235 171 3296 iis
197 3236 287 3298 reddi
309 3235 425 3314 jubet,
449 3232 504 3297 sed
527 3233 660 3322 insuper
684 3249 875 3322 potestatem
898 3232 1024 3296 homini
1046 3233 1138 3314 sarit,
1165 3246 1218 3298 ex*

133 3338 222 3399 omni
241 3360 378 3400 numero
395 3337 596 3424 captivorum
614 3337 715 3422 capita
731 3351 896 3423 nongenta
914 3333 1081 3398 liberandi.

178 3437 234 3502 lll.
259 3439 399 3502 Hiberna
416 3438 535 3502 deinde
553 3438 586 3501 in
605 3438 696 3519 loco,
717 3437 773 3500 ubi
790 3452 1006 3526 pugnaverat,
1023 3434 1155 3517 babuit,
1170 3451 1203 3499 et

133 3537 207 3621 quia
223 3539 323 3602 otium
340 3541 380 3603 ab
396 3541 489 3604 hoste
507 3556 592 3619 erat,
605 3538 765 3603 moenibus
778 3539 922 3602 excitatis
934 3539 1050 3602 urbem
1063 3537 1207 3600 instituit

133 3636 290 3716 condere,
313 3643 504 3727 voravitque
526 3643 636 3729 Aquas
662 3640 788 3703 Sextias
804 3663 815 3702 .·
835 3662 906 3726 quae
931 3639 1030 3702 hodie
1054 3638 1208 3722 nlanent,

132 3759 315 3824 quanquam
336 3741 460 3803 minore
475 3742 615 3804 fontium
635 3743 736 3821 fama,
750 3763 892 3827 quorum
910 3763 1025 3828 magna
1043 3764 1135 3828 pars,
1151 3763 1209 3805 ca·

130 3838 208 3901 lidas
221 3839 296 3901 olim
313 3863 411 3926 aquas
426 3842 564 3905 fundere
581 3843 690 3921 solita,
705 3840 838 3903 refrixit.
854 3839 969 3903 Valido
985 3839 1105 3907 deinde
1120 3862 1210 3927 proe·

129 3941 211 4003 sidio
239 3963 329 4003 novae
354 3941 427 4002 urbi
453 3943 627 4029 imposito,
650 3963 752 4028 quum
776 3941 850 4002 litus
871 3964 888 4003 a
913 3941 1054 4004 Massilia
1079 3939 1209 4009 ltaliam

128 4060 240 4106 versus
257 4042 440 4122 liberasset,
457 4044 604 4123 remotis,
622 4042 677 4105 ubi
693 4043 799 4117 licuit,
817 4041 857 4104 ad
877 4065 989 4130 passus
1008 4043 1093 4105 mille
1111 4042 1211 4127 quin·

127 4160 259 4231 gentos,
277 4143 332 4205 ubi
350 4142 511 4231 iniquiora
527 4143 598 4207 loca
620 4158 729 4223 erant,
748 4142 788 4209 ad
806 4143 892 4207 mille
906 4166 1019 4232 passus
1039 4142 1207 4226 barbaris,

162 4365 177 4430 s
192 4369 211 4414 l.
223 4367 253 4414 U.
267 4367 294 4414 C.
310 4366 374 4422 ⁶303
391 4368 418 4414 t.
433 4367 460 4423 C,
475 4382 530 4415 raa.
544 4393 573 4404 -
583 4365 649 4413 Flor.
659 4368 714 4426 111,
730 4384 754 4418 a.
771 4395 805 4407 -
818 4368 956 4418 Marcellin.
971 4369 1030 4426 Π,
1045 4382 1088 4432 ²9·
1098 4394 1133 4407 -
1143 4368 1197 4419 biv.

127 4450 192 4512 Epir.
202 4450 306 4497 -vett
317 4453 341 4509 1,
353 4452 440 4501 15.-
448 4451 551 4500 Diodor.
563 4449 629 4515 apud
638 4450 722 4499 Valeo.
