2594 4980
162 762 231 851 580
332 763 398 827 su.
426 759 768 828 rusrrsusnur
796 756 1041 828 surrtsu.

159 900 288 949 senatus
298 882 520 944 auctoritatem
532 895 562 941 et
574 895 783 943 sacrosancta
792 880 959 967 potestatis
968 879 1236 968 prohibitionem

161 989 192 1049 vi
208 984 384 1063 ferebatur,
402 984 433 1044 vi
450 981 585 1068 repellit.

205 1085 262 1148 XI.
280 1085 331 1146 Sic
344 1080 568 1144 Frumentaria
584 1080 656 1169 lege
667 1080 794 1168 Apuleii
810 1080 943 1160 rejecta,
955 1081 1086 1169 Agraria
1096 1097 1235 1167 tamen,

162 1209 227 1250 non
246 1186 315 1248 sine
334 1205 450 1270 magno
467 1181 629 1260 tumultu,
650 1196 683 1244 et
698 1179 834 1244 civitatis
850 1179 1009 1243 dedecore
1027 1181 1150 1268 perlata
1167 1201 1236 1251 est.

160 1287 367 1355 Sanctionem
382 1285 537 1370 Apuleius
549 1279 733 1361 addiderat,
745 1283 793 1345 uti
798 1304 843 1344 ex
852 1303 913 1369 quo
922 1280 974 1343 die
977 1281 1115 1369 populus
1127 1282 1236 1371 Iegem

158 1390 338 1474 accepisset,
355 1389 439 1447 intra
452 1384 534 1446 dcem
547 1385 691 1470 quaenam
700 1395 825 1445 senatus
834 1385 867 1444 r'rt
881 1404 952 1445 eam
954 1381 1105 1469 juraret:
1117 1388 1149 1447 sr'
1158 1390 1236 1472 quis

158 1500 285 1551 senator
301 1508 364 1549 nort
371 1485 528 1573 jurasset,
545 1488 569 1545 is
584 1496 694 1547 senatu
708 1497 896 1560 moreretur,
913 1485 1000 1570 eique
1012 1483 1137 1548 mulcta
1152 1501 1238 1553 esset

157 1591 292 1651 sestertia
309 1589 507 1674 quingenta:
529 1582 661 1670 quidam
680 1606 861 1672 expressum
880 1582 1044 1664 refertmt,
1065 1600 1102 1649 ut
1109 1588 1234 1676 jurare

158 1688 331 1752 eventibus
349 1707 437 1772 aqua
457 1699 488 1748 et
505 1686 575 1770 igni
588 1684 829 1749 interdiceretur.
845 1684 929 1766 Quae
946 1707 1013 1747 non
1031 1700 1096 1749 tatu
1114 1686 1234 1755 firma·

159 1804 268 1853 menta
284 1787 363 1873 legi,
383 1808 481 1871 quam
500 1783 624 1848 insidiae
643 1784 860 1872 prImoribus,
877 1801 911 1849 et
927 1802 1004 1849 ante
1020 1810 1137 1851 omnes
1153 1789 1233 1855 Me·

160 1890 236 1953 tello
253 1888 473 1976 parabantur:
494 1887 587 1966 cujus
603 1885 791 1975 gravitatem
812 1901 846 1949 et
863 1888 1075 1950 constantiam
1095 1889 1124 1951 si
1138 1886 1234 1956 flecti

158 2006 339 2067 recusaret,
352 1989 491 2076 opprimi
507 2009 565 2075 per
578 2008 707 2051 oausam
720 1987 819 2074 spreti
833 1986 914 2067 juris
929 1986 1051 2074 publici
1064 2009 1163 2076 posse
1177 2014 1234 2056 re·

157 2090 289 2155 bantur.
618 2134 621 2141 ·

203 2192 279 2254 XII.
305 2192 431 2253 Interea
456 2188 668 2253 dimittuntur
683 2189 726 2253 ab
743 2189 883 2275 Apuleio
903 2211 962 2276 per
980 2211 1091 2278 agros,
1107 2192 1171 2280 qui
1186 2195 1231 2261 ad

157 2289 243 2353 diem
261 2291 468 2353 comitiorum
482 2290 666 2376 frequentes
677 2304 795 2379 cogant
806 2289 940 2354 rusticas
955 2290 1076 2373 tribus;
1090 2293 1232 2381 mribus,

156 2392 233 2478 quia
248 2391 407 2479 stipendia
425 2390 485 2453 sub
497 2391 601 2454 Mario
615 2392 775 2472 fecerant,
790 2390 979 2456 firmissimis
995 2415 1135 2459 usurum
1150 2420 1232 2485 pro·

155 2494 394 2581 pugnatoribus
419 2491 578 2578 sperabat.
596 2490 761 2573 Comitiis,
780 2512 882 2578 quum
906 2490 948 2554 de
970 2491 1041 2582 Iege
1056 2512 1231 2583 ageretur,

156 2616 261 2680 eaque
275 2617 335 2656 nec
352 2593 483 2656 urbanae
495 2592 582 2679 plebi
594 2592 773 2682 gratissima
785 2608 884 2674 esset,
901 2592 991 2680 quod
1003 2595 1159 2675 majorem
1171 2621 1230 2664 so-

158 2698 283 2759 ciorum
301 2712 333 2758 et
346 2696 435 2757 latini
449 2696 590 2758 nominis
609 2694 767 2759 rationem
782 2693 925 2758 habitam
938 2695 1090 2782 putabat5
1106 2703 1230 2786 reperti

154 2820 197 2863 ex
215 2797 350 2884 collegio
369 2812 463 2875 suut,
480 2797 537 2882 qui
556 2796 619 2884 legi
631 2794 880 2860 intercederent.
901 2797 987 2861 'l'um
1003 2819 1081 2862 vero
1101 2799 1230 2869 furiosa

158 2898 273 2962 exarsit
297 2898 482 2977 contentia,
507 2919 611 2983 quum
630 2918 697 2959 non
717 2894 817 2960 modo
833 2897 1041 2961 tribunorum
1062 2899 1151 2967 inter
1173 2925 1229 2987 se,

156 2998 325 3061 sedetiam
342 2997 508 3059 concionis
525 2994 691 3061 discordes
704 2996 804 3060 animi
819 3014 936 3063 essent.

202 3099 291 3162 XIII.
310 3098 480 3161 Postremo
500 3098 672 3185 Apuleius,
697 3114 872 3185 postquam
895 3099 1123 3167 intercessores
1146 3127 1230 3179 cum

153 3197 305 3265 convicio
323 3200 435 3260 rostris
449 3197 612 3261 deturbati
629 3212 738 3279 erant,
755 3199 859 3287 legem
871 3202 1013 3285 perferre
1028 3205 1145 3292 pergit.
1159 3206 1230 3283 Oc·

158 3299 315 3363 clamatur
328 3323 345 3362 a
361 3299 524 3362 nobilibus
538 3315 571 3361 et
584 3299 716 3363 meliore
730 3315 819 3386 patre
831 3300 960 3388 populi,
972 3316 1082 3368 tonare
1093 3306 1230 3390 Iovem,-

152 3400 249 3488 .qu0d
265 3402 322 3464 ubi
338 3417 422 3465 esset
445 3403 585 3480 factum,
603 3422 680 3463 cum
703 3402 824 3488 populo
844 3402 895 3490 agi
919 3405 1008 3467 nefas
1030 3404 1231 3477 habebatur.

157 3501 207 3564 Ibi
231 3525 308 3565 vero
332 3503 420 3565 velut
442 3501 628 3587 lymphatus
651 3501 697 3564 ira
716 3524 756 3564 ao
775 3499 888 3565 dolore
908 3504 1082 3590 Apuleius,
1107 3528 1233 3598 magna

158 3624 252 3684 voce,
266 3636 278 3659 a
289 3604 357 3665 Iam
371 3601 592 3689 grandinabit,
606 3601 775 3683 exclamat,
791 3603 851 3668 nisi
862 3604 1036 3691 quiescitis.
1047 3637 1060 3665 ι
1073 3605 1128 3673 Ad
1139 3609 1232 3679 hauc

156 3726 269 3768 vocem
292 3725 360 3764 non
385 3702 485 3764 modo
506 3725 656 3767 murmur
672 3719 704 3767 et
719 3704 866 3768 fremitus
890 3706 1091 3771 urbanorum
1112 3727 1231 3796 ortus,

156 3805 381 3869 verumetiam
401 3804 483 3890 togis
507 3805 630 3869 circum
650 3804 783 3869 brachia
802 3807 1003 3889 convolutis,
1022 3810 1179 3898 saxisque
1195 3829 1232 3880 et

154 3904 315 3983 fustibus,
330 3926 402 3990 quae
419 3906 539 3990 cuique
556 3906 618 3969 tela
632 3927 701 3970 sors
718 3904 897 3986 obtulerat,
913 3931 965 3972 res
978 3910 1045 3998 geri
1062 3929 1183 3999 coepta.

200 4006 285 4070 XIV.
303 4005 487 4091 Diffugiunt
498 4022 657 4093 agrestes,
671 4005 799 4092 Apuleii
813 4007 908 4071 factio
921 4031 929 4072 ε
941 4009 1078 4092 deinde,
1095 4034 1232 4083 restam·

153 4110 217 4194 ptis
229 4109 360 4185 animis,
377 4129 394 4167 a
409 4107 492 4169 duce
506 4129 566 4168 suo
581 4103 781 4190 confirmati,
798 4110 952 4196 correptis
968 4127 1002 4176 et
1012 4111 1074 4198 ipsi
1090 4116 1231 4201 paribus

190 4326 205 4388 S
226 4327 271 4372 xl.
291 4330 396 4390 Appian.
412 4353 446 4362 —-
461 4326 586 4375 Plutarch.
600 4354 637 4365 -
649 4328 714 4379 mor.
727 4329 781 4387 III,
799 4331 839 4378 16.
851 4357 887 4368 -
897 4333 1009 4394 ΟΜΝ,
1024 4349 1065 4396 ¹7·
1079 4338 1149 4405 -s
1166 4343 1233 4396 ΧΗ,

154 4410 204 4456 Cic.
219 4424 265 4472 pro
278 4410 344 4455 Sem.
357 4425 411 4472 cap.
427 4412 466 4456 18.
481 4435 516 4444 —-
530 4411 637 4476 Appiae.
651 4438 686 4449 -
702 4409 719 4476 5
732 4412 805 4459 1111.
822 4413 897 4465 Anat.
911 4414 943 4463 da
955 4417 1009 4465 vir.
1021 4418 1056 4468 ill,
1067 4446 1105 4458 ..
1115 4422 1232 4491 Amin·

153 4520 187 4531 κ-
198 4494 242 4538 Lis·
265 4492 329 4553 Epit.
344 4520 373 4526 -
389 4491 509 4538 Plutarch.
