2594 4980
138 746 202 791 roa
293 723 376 789 ‘JO.
403 717 739 788 FREINSHEMII
770 714 1015 784 SUPPLEM.

135 866 240 922 arma,
251 842 319 905 aliis
332 841 411 904 nihil
427 855 541 928 praeter
550 841 632 903 faces
646 860 792 902 accensas
805 836 1004 900 serentibus:
1017 850 1049 900 et
1064 835 1156 901 inoent

136 944 267 1032 quidem
283 943 437 1006 machinae
454 965 520 1006 non
537 956 690 1029 potuere,
706 940 947 1004 accurrentibus
963 938 1004 1002 ad
1019 936 1156 1003 arcendut

134 1046 260 1111 hostem
281 1043 431 1107 Romanis
449 1065 457 1106 ι
477 1042 606 1106 inutiles
626 1058 733 1106 tamen
750 1055 828 1104 sunt
842 1039 990 1120 redditae;
1006 1056 1040 1105 et
1055 1039 1156 1103 militu

133 1147 248 1233 aliquis
266 1167 420 1214 numerus
438 1142 646 1208 desideratus.
670 1146 748 1209 Orta
763 1144 852 1222 luce,
872 1144 1037 1206 Romanos
1056 1142 1156 1229 impeta

134 1250 218 1336 cepit
238 1249 270 1309 in
287 1246 402 1310 urbem
423 1244 668 1333 perrumpendi,
686 1267 750 1332 qua
767 1241 917 1306 nondum
938 1241 1108 1305 commissa
1120 1262 1156 1305 mr

135 1370 246 1416 torum
268 1349 365 1413 latera
386 1346 591 1410 ostentabant
607 1347 684 1427 iter;
710 1368 786 1409 nam
805 1367 911 1408 aream
927 1342 1090 1432 quandem
1105 1343 1156 1407 intr

133 1449 301 1531 videbant,
319 1452 352 1513 in
372 1471 435 1536 qua
448 1448 597 1535 explicari
611 1448 693 1517 acies
708 1464 839 1536 posset:
856 1446 900 1510 ibi
920 1445 1156 1534 Carthaginiem

132 1552 279 1616 instructi
293 1551 436 1631 stabant,
450 1551 578 1615 armatis
590 1550 622 1614 in
636 1552 760 1631 fronte,
776 1566 850 1639 post
863 1550 923 1613 hos
939 1548 1117 1612 inermibus
1129 1568 1156 1611 ot

131 1653 260 1734 locatis,
280 1653 335 1740 qui
353 1653 452 1716 fustes
468 1668 500 1717 et
517 1675 590 1716 saxa
608 1653 780 1741 portabant
798 1675 807 1715 ε
826 1653 948 1715 circum
964 1650 1048 1714 aedes
1064 1670 1156 1738 quoqa

131 1755 250 1818 vicinas
274 1776 427 1842 magnum
450 1753 682 1843 disposuerunt
703 1777 895 1834 numerum,
921 1753 978 1841 qui
1005 1775 1023 1816 a
1045 1750 1156 1816 laterib

130 1856 349 1944 irrumpentes
360 1855 565 1921 incesserent.
578 1859 619 1920 At
630 1856 767 1919 Rotnani
780 1856 879 1944 magis
893 1855 990 1918 etiarn
1001 1853 1066 1916 hoc
1078 1866 1156 1940 spect

131 1955 205 2019 culo
221 1955 463 2037 animabantur,
478 1956 603 2044 pudore
621 1979 752 2044 quoque
766 1957 934 2038 incitante,
951 1976 993 2018 ne
1006 1954 1047 2017 ab
1067 1955 1156 2017 incrn

131 2051 194 2116 hus
209 2055 374 2118 contemni
391 2071 586 2143 paterentur.
605 2058 720 2144 Itaque
740 2057 808 2120 duo
825 2057 948 2120 tribuni
964 2056 1105 2119 militum
1120 2076 1156 2118 cu

132 2153 321 2220 cohortibus
342 2157 488 2221 alacriter
506 2159 687 2222 intulerunt
703 2160 802 2248 signa.
822 2157 885 2222 Sed
905 2158 940 2222 P.
959 2157 1069 2245 Scipio
1091 2155 1156 2221 AEu

131 2255 252 2336 lienus,
270 2279 368 2345 quern
389 2259 424 2322 in
445 2275 556 2347 quarta
572 2261 699 2350 legione
720 2261 890 2324 tribunum
908 2258 1024 2322 consul
1044 2256 1156 2322 Manili

131 2355 324 2439 adduxerat,
334 2359 446 2423 altiore
462 2361 597 2425 consilio
610 2362 656 2424 rei
669 2359 890 2425 difficultatem
904 2381 1051 2439 mensus,
1063 2355 1156 2421 introi

132 2480 207 2522 suos
221 2461 338 2542 vetuit,
356 2478 389 2525 et
403 2462 511 2550 plures
528 2463 561 2525 in
580 2480 684 2550 partes
696 2462 814 2527 divisos
832 2461 915 2524 circa
930 2482 1062 2524 murum
1077 2480 1156 2523 cons

134 2557 196 2620 tuit
209 2580 216 2621 :
229 2582 397 2648 quumque
413 2563 621 2649 pellerentur,
634 2580 671 2629 ut
681 2563 886 2650 praeviderat,
897 2563 1035 2626 Romani
1044 2609 1054 2643 ‚
1063 2559 1156 2648 recipi

131 2657 187 2721 bat
209 2682 279 2740 cos;
298 2661 490 2748 hostemque
512 2663 630 2750 cupide
647 2664 909 2742 incumbentem,
932 2662 1058 2740 objecta
1076 2682 1156 2725 reoet

114 2775 327 2824 armatorum
349 2784 465 2843 manu,
484 2785 502 2825 a
521 2763 746 2850 persequendo
764 2763 953 2827 deterrebat.
976 2765 1040 2826 lsta
1060 2786 1112 2827 res
1130 2762 1156 2826 S«

89 2901 93 2907 -
130 2859 220 2947 pioni
241 2863 344 2949 prima
363 2885 491 2941 earum,
510 2884 589 2950 quas
612 2862 653 2926 ad
675 2863 901 2951 Carthaginem
921 2864 1031 2950 gessit,
1048 2864 1156 2951 patcle

130 2961 172 3026 ad
193 2965 327 3052 gloriam
350 2967 422 3047 iter,
442 2963 533 3052 quod
556 2981 710 3028 eventura
733 2965 850 3028 certius
872 2964 1079 3051 acutiusque,
1100 2987 1156 3052 qua

130 3063 198 3152 ipse
216 3067 345 3146 consul,
359 3064 560 3153 providisset.

176 3166 290 3233 XLIV.
303 3170 346 3231 At
356 3168 519 3230 Romanos
533 3165 671 3254 angebat
684 3181 754 3228 turn
766 3165 847 3227 irriti
862 3167 982 3254 incepti
994 3166 1114 3254 pudor,
1126 3181 1156 3229 tu

130 3265 190 3328 alia
207 3287 274 3329 non
300 3289 399 3354 pauca
419 3264 625 3330 incommoda
647 3289 779 3352 :neque
798 3268 884 3329 enim
901 3268 1031 3357 longius
1048 3290 1067 3330 a
1087 3283 1156 3331 cast

131 3364 172 3427 ad
190 3367 294 3430 varios
318 3388 396 3460 usus
415 3366 623 3430 Hasdrubalis
646 3383 678 3429 ct
698 3367 852 3432 Phameeae
873 3385 978 3431 metus
999 3368 1127 3433 sinebat
1144 3367 1156 3433 t

130 3471 237 3563 gredi;
262 3491 322 3531 neo
342 3468 467 3531 auxiliis
487 3468 661 3532 Masinissae
683 3469 958 3542 sublevabantur:
982 3486 1016 3533 et
1034 3470 1156 3534 Marcia

131 3590 249 3652 castra,
271 3569 429 3635 stantibus
451 3586 484 3633 et
503 3570 760 3658 graveolentibus
780 3573 871 3658 aquis
891 3571 1056 3659 imposita,
1078 3571 1156 3635 morl

131 3673 360 3738 tentabantur:
383 3692 489 3757 neque
511 3671 648 3735 liberum
674 3695 712 3737 ex
735 3672 816 3735 mari
840 3695 971 3736 cursum
993 3672 1156 3737 irmninen¹

130 3776 220 3838 urbis
237 3773 354 3836 moenia
369 3772 608 3860 permittebant.
622 3775 698 3838 Haec
712 3775 746 3837 L.
760 3773 919 3836 Martium
936 3796 975 3836 ea
992 3773 1082 3853 loco,
1095 3795 1156 3860 que

131 3878 242 3940 castris
258 3890 401 3961 ceperat,
416 3875 448 3936 in
467 3896 553 3937 mare
574 3874 745 3937 transferre
766 3872 897 3936 classem
911 3888 1097 3961 coegerunt.
1117 3875 1156 3937 Ca

129 3976 361 4064 thaginienses,
374 3975 559 4056 observato,
575 3975 631 4062 qui
645 3997 851 4039 marerersus
862 3974 999 4055 ferebat,
1009 3975 1156 4039 vehemer

129 4093 244 4158 vento,
261 4077 409 4166 scaphas,
431 4077 599 4141 sarmentis
619 4075 809 4163 stuppisque
823 4075 975 4162 repletas,
992 4073 1054 4137 sub
1075 4076 1156 4138 muri

128 4179 232 4243 donec
250 4178 349 4242 rideri
364 4179 406 4242 ab
420 4178 570 4242 hostibus
586 4199 654 4241 non
670 4193 835 4264 poterant,
856 4175 1049 4241 rudentibus
1066 4194 1156 4265 protr

163 4383 179 4446 S
191 4385 281 4430 xttn.
295 4382 402 4448 Appiae.
416 4383 551 4452 *donar
562 4397 616 4445 cap·
628 4388 669 4441 47·
681 4408 715 4418 ·-—
726 4381 780 4430 liv.
792 4379 858 4446 Epit.
871 4406 905 4418 -
916 4380 968 4431 Cic.
981 4382 1065 4431 5οω
1077 4381 1145 4447 scip.

106 4471 110 4475 '
129 4468 202 4517 Oros.
216 4469 261 4526 tv,
277 4482 318 4516 aa.
