2594 4980
119 748 186 815 180
289 746 357 813 JO.
384 745 727 814 FREINSHEMII
755 744 1000 813 SUPPLEM.

114 840 232 932 deinde
245 864 286 929 ad
304 866 437 928 aliarum
454 863 584 931 urbium
596 864 760 953 supplicis„
774 864 964 931 Thebarum
973 879 1009 933 et
1018 864 1161 935 Cbsldd'u

114 969 230 1033 eversis
239 964 648 1046 urbibus,Chalcidensium
659 965 821 1054 equitibus
829 965 1161 1049 multisocuismdoesti

115 1070 377 1155 Euboeensesque
397 1084 528 1133 centum
552 1067 669 1133 talenta
691 1066 887 1131 Heracleotis
906 1064 1054 1154 pendere
1070 1066 1159 1147 iussi:

115 1173 236 1251 Achaei,
256 1170 395 1237 ducenta
410 1168 670 1234 Lacedaemoniis.
688 1168 752 1237 Sed
767 1169 888 1237 horum
907 1166 1031 1237 deinde
1045 1169 1159 1259 grstia!

115 1272 296 1339 civitatibus
306 1286 436 1336 senatus
446 1272 531 1335 lecit.
541 1273 700 1337 Caeterum
714 1270 847 1338 aliarum
859 1292 1159 1361 quoqueguecuuu

117 1362 265 1451 urbium,
282 1396 355 1461 quse
376 1396 451 1438 curn
469 1372 595 1439 Acbcis
610 1389 792 1454 senserant,
806 1374 924 1439 monio
941 1390 1023 1441 suut
1039 1372 1159 1455 deieuu,

115 1478 212 1551 armis
228 1475 395 1564 ademptis.
412 1475 475 1540 Sed
493 1491 526 1538 et
541 1474 673 1540 donaria
688 1492 873 1562 statuesque
890 1476 1004 1545 mulus
1018 1497 1059 1547 οἱ
1073 1475 1159 1545 drih-

117 1575 204 1640 tibus
220 1578 351 1651 sustulit
362 1576 494 1656 consul,
509 1591 546 1638 ut
561 1591 668 1638 tamen
682 1576 876 1641 consecratis
890 1574 934 1643 sd
943 1576 1159 1645 culmmbe'e

116 1692 207 1740 neret
218 1700 225 1740 :
236 1699 275 1741 ex
288 1676 355 1749 his,
370 1698 507 1764 qumque
520 1674 671 1743 Corinthi
688 1676 818 1741 fuerant
829 1691 939 1764 euplo,
950 1698 1160 1767 na‘mmpt·

115 1790 181 1839 tem
189 1775 434 1864 Philopoemeni,
442 1776 499 1862 qui
505 1775 727 1841 Attoliauxilia
734 1775 994 1859 duxeruudedits
1003 1780 1160 1869 quoehsp

116 1874 234 1941 deinde
249 1893 341 1940 aetatc
356 1893 497 1966 spectata
511 1876 658 1965 Pergami
672 1877 816 1944 fuerunt.

159 1977 233 2041 XX.
258 1980 446 2041 Convenere
470 1977 622 2065 deinceps
641 1978 753 2042 decern
771 1979 884 2069 legati,
904 1982 1079 2051 eonsilium
1094 2002 1162 2047 us·

117 2095 196 2143 natu
211 2080 397 2166 imperatori
417 2076 583 2157 additum,
601 2077 643 2143 ad
658 2102 709 2143 res
726 2078 855 2145 Graeciae
871 2080 1161 2151 consummi·

117 2180 167 2245 bis
177 2184 215 2247 Α.
230 2180 433 2257 Postumius,
447 2196 480 2243 et
491 2182 528 2244 C.
545 2180 755 2268 Sempronius
767 2181 948 2247 Tuditanus
963 2181 1107 2249 hamum
1115 2181 1161 2249 l’t·

119 2299 200 2347 trem
216 2284 384 2363 Mummii,
402 2304 588 2369 quanquam
602 2281 660 2362 sit,
674 2283 733 2369 qui
749 2282 879 2365 referat,
892 2283 993 2348 firisse
1002 2306 1069 2353 nou
1082 2299 1162 2373 putu,

118 2408 221 2472 quum
236 2384 331 2449 etiam
349 2383 389 2447 de
405 2384 459 2470 sp.
475 2382 638 2447 Mummio
657 2382 755 2449 fratre
774 2383 978 2471 proconsulis
994 2384 1041 2455 Μ,
1058 2384 1165 2453 Tullius

118 2484 264 2566 dubitet,
288 2508 386 2572 quem
409 2485 443 2548 in
461 2483 579 2547 Achaia
595 2498 665 2545 tum
681 2483 780 2548 luisse
795 2501 941 2566 constat,
957 2483 1067 2555 frenis
1077 2500 1166 2575 pout

118 2585 275 2674 legatum,
292 2607 390 2672 quam
407 2584 441 2646 in
456 2583 566 2647 decern
584 2583 700 2665 luisse,
716 2583 805 2672 quod
817 2608 885 2649 non
898 2586 986 2653 soliti
998 2602 1104 2657 essem
1112 2606 1165 2653 ιι·

115 2686 202 2765 jores
223 2687 329 2774 legare
346 2687 378 2748 in
401 2685 534 2765 decem,
555 2684 611 2770 qui
630 2684 862 2772 imperatorum
881 2686 1053 2754 necesarii
1067 2700 1166 2753 essem

119 2789 161 2851 Hi
178 2789 234 2852 ubi
248 2804 422 2868 venerunt,
439 2786 604 2875 popularis
621 2803 724 2851 status
740 2786 862 2875 ubique
872 2810 930 2876 per
940 2784 1166 2857 Graedsmsub·

118 2890 203 2955 latus
214 2906 282 2971 est,
299 2887 539 2976 magistratibus
548 2911 587 2952 ex
601 2910 702 2953 censu
714 2889 907 2954 constitutis.
921 2890 1068 2961 libertas
1077 2904 1166 2955 m

118 2992 272 3072 urbibus,
289 3006 322 3053 et
344 3013 410 3071 suae
430 2989 605 3053 decaetero
624 2990 709 3078 leges
730 2990 856 3055 relictas.
877 2990 1055 3081 Vectigalia
1068 2984 1166 3057 deind·

119 3093 288 3179 imposita,
305 3091 644 3178 possessionibusque,
663 3114 742 3179 ques
758 3108 847 3157 extra
863 3090 943 3159 fines
962 3093 1096 3163 urbium
1108 3110 1166 3159 sut·

104 3213 192 3275 'rum
212 3191 329 3253 habere
345 3190 522 3277 locupletes
535 3208 794 3272 consueverunt,
809 3191 1033 3261 interdictum.
1046 3190 1166 3263 (inoffi
1206 3236 1209 3283 i

122 3290 290 3352 nationum
303 3290 336 3350 in
348 3289 480 3369 Achaia,
493 3291 632 3372 Boeotis,
647 3291 928 3374 Phooensibus,et
937 3316 997 3383 per
1006 3294 1165 3363 unium·
1205 3294 1209 3375 l

123 3386 280 3451 Graeeiam
301 3388 419 3450 abolita
435 3411 443 3452 :
457 3411 528 3475 quae
554 3406 660 3455 tumen
684 3408 717 3459 et
733 3394 800 3481 ipsa
821 3396 918 3482 paulo
938 3412 1016 3484 post
1029 3394 1166 3485 wppffl
1206 3382 1209 3435 !

122 3486 291 3553 clementia
308 3503 437 3551 senatus
458 3512 616 3577 recepere.
633 3493 755 3557 Praetor
771 3516 848 3559 saue
860 3498 1038 3582 quotannis
1050 3497 1085 3565 iu
1098 3494 1165 3565 Gn·

121 3588 203 3652 ciam
226 3587 385 3668 mittitur,
408 3589 470 3653 sub
494 3594 636 3657 nominis
658 3595 779 3662 achaici
803 3597 1070 3685 prescriptione,
1092 3593 1163 3685 qais,

122 3709 224 3773 quum
237 3687 270 3752 in
280 3688 454 3776 provinciae
464 3692 604 3761 formum
616 3693 831 3783 redigeretur,
845 3720 946 3784 penes
956 3694 1162 3787 thnospffl·

123 3789 246 3875 cipatus
269 3789 374 3877 gentis
391 3791 506 3858 fuerat.

168 3890 256 3952 XXI.
265 3890 408 3954 Multum
419 3915 458 3955 eo
469 3909 613 3981 tempore
626 3897 751 3985 Polybii
761 3898 863 3963 virtus
874 3916 973 3986 atque
984 3901 1161 3993 grafium*
1207 3886 1209 3957 l

122 3990 217 4079 cipue
230 4014 268 4053 ex
288 3992 393 4056 Africa
409 3994 442 4055 in
460 3994 619 4082 Scipionis
635 3999 790 4080 amicitia,
807 3999 931 4088 proluit
946 4000 1078 4071 Graeciae
1088 4022 1097 4064 ε
1107 4012 1159 4066 uu

123 4107 156 4155 et
174 4116 235 4181 pro
255 4093 505 4182 Philopoemenis
522 4097 724 4181 bonoribus,
742 4101 800 4188 qui
820 4125 880 4191 per
898 4103 1028 4170 Achaim
1046 4100 1162 4169 sirim

158 4303 257 4368 sun.
268 4309 355 4357 matr.
365 4335 401 4344 -
409 4309 489 4358 sms.
501 4338 537 4347 -
550 4313 602 4361 m.
616 4314 682 4379 epu.
700 4342 736 4352 -
752 4317 843 4382 sons.
855 4318 922 4384 spus
933 4320 1015 4371 vam
1025 4345 1060 4361 -
1071 4304 1167 4367 w

124 4391 152 4446 l,
165 4390 231 4437 8.-
241 4393 342 4441 Pausan.
352 4392 502 4441 Corinthiae.
511 4406 536 4444 et
547 4396 648 4445 Achate.
658 4398 754 4447 —Cic
763 4400 791 4447 in
799 4403 870 4451 Vere.
881 4404 927 4461 Π,
940 4420 968 4453 a.
981 4430 1018 4443 -·
1030 4402 1048 4471 ς
1060 4388 1162 4451 Χία*

125 4471 156 4518 ad
170 4474 245 4522 Attio.
260 4477 338 4533 1111,
353 4477 404 4524 liet
415 4478 455 4525 so.
470 4505 505 4514 —
519 4481 620 4529 Pausau.
637 4509 673 4520 —
686 4484 772 4531 Zonar.
