2594 4980
284 695 337 763 IN
367 695 478 763 LOC.
507 697 602 763 LIB.
628 696 771 764 LXXV
799 691 1013 763 LIVIANI.
1101 691 1170 789 715

107 838 182 879 rum
208 815 287 879 fines
311 830 402 880 tanto
430 831 554 880 terrore
576 815 748 896 incubuit,
770 830 808 879 ut
830 815 1013 879 universam
1040 832 1170 904 gentem

107 916 211 981 biduo
229 918 378 1005 proximo
392 917 427 979 in
441 916 538 981 iidem
558 918 727 1005 acciperet.

151 1019 272 1083 XXIV.
290 1017 410 1082 Eadem
425 1033 533 1081 oesttte
552 1019 588 1084 L.
608 1018 714 1098 Sulla,
732 1017 832 1106 esptis
847 1016 889 1081 ad
908 1016 1025 1081 Nolam
1042 1017 1170 1082 Samni·

106 1119 189 1184 tium
217 1120 350 1202 eastris,
374 1143 432 1209 per
448 1120 631 1207 Campaniae
654 1136 783 1184 montes
805 1120 840 1182 in
866 1119 1018 1208 Hirpinos
1045 1120 1170 1200 movit,

107 1242 250 1307 eumque
272 1221 432 1309 populum
457 1221 616 1285 asculanae
639 1220 730 1284 urbis
753 1220 931 1285 calamitate
951 1219 1171 1309 perdomitum

107 1321 238 1409 recepit.
256 1321 508 1403 Asculanenses,
525 1344 628 1409 quum
643 1322 678 1385 in
691 1320 838 1386 eamdem
849 1322 954 1404 diem,
971 1345 1036 1411 qua
1050 1324 1171 1386 Roma·

48 1456 56 1465 a
109 1444 171 1484 nus
195 1421 242 1485 ibi
265 1437 367 1485 eastra
383 1421 544 1509 ponebat,
569 1423 777 1486 Lucanorum
799 1423 916 1488 auxilia
933 1439 1171 1512 exspectarent,

108 1537 236 1610 tempus
250 1521 291 1585 ad
305 1521 550 1587 deliberandum
564 1540 790 1611 poposcerant.
805 1523 907 1606 Sulla,
920 1525 1080 1589 intellecta
1090 1524 1174 1588 frau-

109 1621 169 1704 de,
193 1622 304 1712 legatis
319 1622 450 1712 longam
477 1623 657 1687 orationem
677 1623 780 1704 orsis,
805 1623 889 1687 nibil
903 1647 979 1712 opus
995 1647 1057 1688 esse
1074 1626 1173 1689 otiose

106 1747 245 1788 semrene
263 1724 354 1814 apud
371 1739 538 1814 occupatos
562 1725 732 1812 prefatus,
758 1726 851 1789 umus
876 1725 962 1789 horre
981 1727 1119 1814 spatium
1142 1748 1174 1790 se

107 1824 186 1889 dare
201 1824 292 1890 dixit.

151 1927 256 1991 XXV.
275 1928 403 1993 Interea
423 1928 490 1992 suis
511 1926 567 1992 dat
591 1930 777 2018 negotium,
796 1945 834 1992 ut
851 1951 1000 2019 magnam
1023 1929 1088 1992 vim
1107 1950 1173 1992 sar·

108 2045 296 2092 mentorum
320 2029 495 2119 colligant,
519 2030 724 2116 fascibusquc
746 2030 889 2111 effectis,
914 2029 1109 2094 admoveant
1132 2025 1173 2092 ad

107 2151 257 2209 murum,
279 2129 369 2217 quod
389 2131 416 2193 is
436 2130 537 2195 multa
558 2131 692 2195 materia
709 2148 891 2196 exstructus
913 2131 1031 2195 fuerat.
1059 2132 1172 2212 Quum

107 2230 192 2294 inter
206 2230 275 2294 haec
290 2231 370 2294 hora
384 2233 604 2320 praeteriisset,
620 2233 729 2322 ignem
744 2232 916 2322 supposuit
928 2231 1088 2307 fascibus,
1106 2245 1173 2294 ter-

106 2332 252 2419 ritosque
266 2332 414 2396 obsessos
425 2331 467 2396 ad
477 2331 675 2398 deditionem
688 2333 892 2421 adegit'Nee
903 2355 942 2397 eo
956 2332 1065 2396 minus
1078 2329 1173 2418 diripi

107 2434 266 2522 oppidum
280 2434 391 2516 jussit,
410 2435 477 2499 sive
494 2436 571 2524 quia
590 2434 686 2499 dilata
702 2437 735 2498 in
755 2450 930 2499 extremam
951 2433 1172 2496 necessitatem

106 2533 230 2598 deditio
250 2537 372 2618 fuerat3
393 2536 459 2600 sive
477 2553 607 2624 captum
629 2538 754 2624 potius,
771 2559 869 2623 quam
891 2533 1054 2615 deditum,
1070 2533 1173 2597 videri

107 2637 238 2716 maluit,
252 2652 289 2699 ut
303 2637 420 2701 milites
436 2636 544 2724 praeda
557 2636 724 2716 delinitos,
742 2635 917 2699 benevolos
932 2634 994 2698 sibi
1009 2632 1172 2697 addictos-

108 2759 173 2823 que
189 2735 338 2800 efficeret.

150 2838 272 2902 XXVI.
293 2836 394 2919 Quod
409 2838 436 2901 si
455 2837 537 2901 forte
553 2836 627 2901 ideo
640 2838 703 2902 l'uit
718 2839 751 2901 in
766 2837 827 2901 bes
845 2838 1004 2920 severior,
1022 2852 1061 2901 ut
1078 2853 1173 2900 crete·

108 2961 162 3002 ros
186 2954 275 3004 metu
300 2939 428 3027 parium
452 2939 611 3003 malorum
635 2938 756 3003 adalia
778 2939 912 3003 consilia
933 2955 1082 3029 cogeret,
1106 2961 1173 3001 non

106 3040 170 3105 luit
190 3041 345 3128 opinione
361 3040 478 3104 falsus:
497 3063 573 3104 nam
590 3041 857 3105 Asculanensium
874 3041 1035 3105 calamitas
1052 3040 1174 3105 caeteris

110 3141 231 3231 hirpini
246 3142 387 3207 nominis
401 3141 538 3205 urbibus
555 3131 755 3206 documento
768 3143 848 3223 fuit,
864 3159 919 3226 ut,
935 3142 1082 3207 celeriter
1096 3140 1173 3203 mis-

108 3244 151 3308 sis
167 3246 300 3335 legatis,
324 3245 479 3334 imperata
501 3246 640 3308 facturas
656 3245 855 3309 nuntiarent.
880 3243 944 3310 Sed
961 3261 1069 3308 metus
1086 3258 1174 3322 erat,

108 3369 149 3410 ne
170 3346 317 3411 duriores
339 3371 357 3410 a
383 3347 505 3411 victore
528 3345 732 3410 conditiones
756 3344 965 3409 dicerentur:
984 3343 1106 3408 idcireo
1132 3339 1175 3406 ad

110 3448 320 3537 mitigandam
342 3448 411 3527 ejus
436 3448 535 3529 isam,
562 3448 619 3534 qui
644 3447 734 3510 missi
754 3447 900 3527 fuerant,
921 3446 966 3509 ita
987 3444 1055 3508 iere
1076 3442 1174 3506 verba

109 3549 278 3612 fecerunt:
297 3579 310 3604 ι
321 3550 473 3613 Oratores
487 3572 547 3637 pro
562 3565 657 3638 gente
671 3564 782 3613 nostra
793 3549 960 3628 venimus,
976 3549 1011 3612 L.
1026 3545 1174 3623 Corneli,

109 3664 186 3728 «ut,
203 3647 334 3735 quando
351 3670 422 3712 eam
439 3649 584 3713 stultitiae
602 3672 669 3713 suae
687 3650 836 3738 poenitet,
853 3648 1021 3736 quomodo
1037 3647 1096 3711 tibi
1117 3670 1175 3735 po·

110 3747 277 3836 apuloque
293 3772 429 3814 romano
443 3750 591 3815 satisfieri
609 3766 735 3840 posset,
753 3749 958 3814 disceremus.

153 3849 287 3914 XXVII.
321 3851 408 3914 «Est
433 3852 566 3939 quidem
593 3852 751 3916 nonnulla
776 3852 872 3915 nobis
901 3850 1105 3931 sollicitudo,
1135 3873 1176 3913 ne

109 3950 266 4014 ·lortasse
286 3951 465 4016 recentium
487 3954 607 4016 irarum
629 3975 769 4028 memor,
789 3951 964 4016 vindictam
979 3972 1127 4014 exercere
1141 3948 1174 4012 in

108 4051 308 4132 «obnoxios,
328 4074 426 4139 quam
443 4053 645 4117 elementiam
664 4053 755 4117 malis
773 4077 781 4116 :
799 4051 857 4117 sed
871 4054 944 4140 plus
962 4069 1019 4116 tua
1033 4074 1093 4115 nos
1110 4074 1178 4115 mo·

108 4183 122 4208 ι
132 4150 254 4216 deratio
268 4152 474 4235 consolatur3
490 4173 588 4239 quam
606 4154 682 4241 quia
696 4176 824 4242 semper
837 4155 1001 4235 amavisti,
1020 4154 1175 4241 quoniam

143 4360 159 4426 S
178 4362 274 4410 XXIV.
293 4359 400 4423 Appiuo.
420 4386 455 4396 -
475 4359 576 4408 Sisenna
597 4360 663 4426 apud
686 4362 754 4410 Iton.
772 4376 827 4409 voc.
847 4361 969 4411 Protinus.
989 4388 1024 4398 —
1042 4361 1059 4427 S
1079 4362 1175 4413 xxvi.

109 4447 182 4494 Auct.
196 4444 227 4493 de
236 4444 288 4494 Vir.
300 4443 386 4491 illustr.
400 4459 454 4507 esp.
470 4443 512 4503 75.
524 4470 558 4481 -
570 4444 623 4492 Liv.
637 4445 705 4510 Epis.
