2594 4980
256 716 312 786 IN
342 718 455 785 LOC.
481 717 573 785 LIB.
602 718 731 785 XLIX
759 718 973 807 Lllvtattt.
1077 745 1138 791 101

119 834 197 921 sisque
208 833 426 901 defensoribus
442 838 610 925 negotium
629 838 693 902 sibi
706 840 854 900 futurum
870 841 944 903 ratis
965 865 971 905 :
990 864 1067 930 ergo
1083 844 1141 907 ubi

118 937 185 999 rotis
200 939 289 1001 armis
306 939 464 1003 instructa
485 962 600 1002 manus
618 940 741 1026 ubique
764 962 797 1002 se
818 940 949 1020 objecit,
968 943 1142 1008 fortissime

116 1056 161 1121 pro
173 1038 315 1103 munibus
336 1062 565 1129 propugnans,
582 1040 746 1128 inopinata
762 1062 797 1103 re
811 1043 970 1127 perterriti
984 1061 1141 1110 retroces-

117 1153 201 1201 serunt
216 1163 224 1203 :
242 1157 394 1205 renovata
418 1140 537 1205 deinde
560 1142 790 1228 impressione,
816 1162 891 1203 cum
919 1143 1019 1205 nihilo
1042 1147 1141 1234 magis

117 1237 302 1323 profecissent,
323 1243 601 1332 Carthaginienses
622 1241 753 1329 quidem
771 1240 952 1305 confirmati
976 1260 1051 1306 sunt
1074 1246 1142 1307 ani-

117 1338 170 1403 ruis.
176 1342 316 1407 Consules
328 1360 438 1408 autem
452 1359 541 1407 metu
552 1343 777 1424 Hasdrubalis,
789 1345 846 1430 qui
860 1367 878 1406 a
893 1360 983 1433 tergo
996 1345 1142 1431 ipsorum

117 1458 188 1524 supra
197 1442 358 1529 paludem,
374 1444 461 1509 haud
478 1446 574 1534 longe
588 1470 606 1509 a
624 1445 796 1526 Romanis,
815 1468 889 1508 cum
909 1446 1050 1509 exercitu
1066 1468 1144 1509 con·

117 1537 221 1624 sederat,
232 1543 309 1608 bina
321 1561 355 1609 et
367 1546 429 1633 ipsi
444 1563 546 1610 castra
561 1547 687 1610 munire
701 1563 779 1610 sunt
794 1548 950 1635 aggressi;
968 1548 1003 1611 L.
1021 1548 1142 1611 Marcio

117 1660 187 1727 rupta
198 1645 343 1732 paludem
366 1648 428 1711 sub
446 1649 604 1713 moenibus
625 1648 730 1728 urbis,
748 1649 858 1713 Manio
876 1650 909 1712 in
934 1649 1002 1736 ipsa
1019 1648 1142 1712 cervice

117 1736 228 1811 uenus
242 1747 282 1813 ad
298 1750 519 1813 continentem
535 1750 611 1830 viae,
626 1750 746 1815 vallum
762 1749 964 1827 jacientibus.

147 1842 225 1915 tut.
235 1850 296 1913 Per
306 1873 363 1915 eos
375 1849 444 1914 dies
453 1852 490 1915 L.
503 1851 660 1932 Marcius,
672 1851 829 1915 machinis
841 1872 923 1938 opus
934 1871 1002 1913 esse
1011 1847 1142 1931 videns,

116 1948 221 2012 mtrriae
234 1949 392 2014 caedendae
408 1974 503 2015 causa
519 1951 669 2039 paludem
686 1952 817 2031 trajecit.
839 1950 903 2015 Sed
923 1951 1085 2014 immissus
1100 1950 1141 2013 ab

116 2037 279 2115 Hasdrubale
287 2052 456 2139 praelectus
464 2053 611 2140 equitum
621 2053 835 2134 Himilc0,cui
845 2053 1008 2116 Phamaeas
1018 2073 1141 2139 cogno-

117 2160 253 2227 nlttr,tcer
258 2152 402 2234 juvenis,
416 2153 457 2217 ad
468 2154 662 2242 quingentos
677 2177 806 2234 eorum,
816 2154 873 2241 qui
882 2155 915 2216 in
926 2175 1022 2242 opere
1032 2169 1140 2229 erant,

116 2244 216 2331 ⁰⁰tldit,
227 2274 380 2339 armaque
396 2255 496 2318 multa
513 2253 626 2341 (cujus
643 2256 688 2318 rei
705 2255 840 2342 penuria
856 2254 993 2319 maxima
1009 2270 1078 2317 tum
1095 2254 1141 2316 la·

115 2334 238 2415 balant
259 2352 369 2440 Poeni)
391 2354 485 2441 cepit.
515 2357 685 2443 Asportata
708 2371 814 2419 tamen
838 2357 976 2420 materia>
1000 2356 1048 2418 vis
1073 2370 1140 2435 est,

115 2460 203 2525 quarta
214 2452 379 2539 parandis,
395 2477 467 2542 quae
477 2454 751 2537 desiderabantur,
769 2457 924 2521 machinis
940 2455 1139 2520 sufficiebat:

115 2544 274 2626 quibuscum
294 2556 413 2620 iterum
431 2557 535 2621 adorti
551 2574 630 2621 sunt
647 2559 762 2622 urbem
779 2558 876 2621 ambo
894 2557 1062 2636 consules,
1079 2557 1139 2619 ite·

115 2659 220 2738 mleque
233 2680 266 2721 re
277 2658 396 2721 infecta
407 2657 641 2739 discesserunt;
651 2658 772 2744 quippe
782 2657 948 2737 Manilius,
959 2656 1014 2742 qui
1028 2671 1140 2720 eterra

116 2758 303 2843 erepebat,
323 2782 425 2844 quum
442 2782 559 2845 magno
579 2759 688 2820 labore
707 2759 759 2819 vix
776 2758 883 2820 loricae
898 2758 1055 2844 oppositae
1069 2778 1141 2843 par·

116 2854 161 2911 lm
174 2853 343 2938 dejecisset,
361 2858 441 2920 nihil
455 2858 537 2921 ultre
551 2872 675 2921 tentare
693 2880 807 2937 ausus,
824 2857 984 2920 abscessit.
1003 2859 1037 2919 L.
1055 2857 1142 2919 Mar-

116 2942 177 3030 dffl,
187 2974 332 3045 aggerare
346 2958 489 3045 margine
508 2958 632 3045 paludis
648 2958 737 3038 juxta
751 2958 914 3047 linguam,
934 2978 1000 3043 quo
1014 2956 1086 3044 plus
1100 2955 1141 3018 ad

116 3050 243 3121 urrunsa
251 3057 469 3122 admovendas
478 3073 562 3122 esset
572 3059 681 3146 spatii,
692 3058 776 3122 duos
786 3058 934 3124 adhibuit
944 3073 1037 3121 vastae
1049 3056 1142 3120 molis

115 3145 214 3237 ⁸¹letes,
229 3181 372 3246 quorum
389 3159 500 3222 altera
518 3181 573 3223 sex
589 3159 731 3223 millibus
746 3158 892 3247 peditum
909 3158 1143 3246 impellebatur,

116 3242 199 3319 illua
215 3259 378 3323 navalibus
400 3261 494 3324 sociis
514 3284 522 3324 ε
540 3261 590 3324 his
608 3260 749 3349 praelecti
771 3261 969 3340 triremium,
986 3261 1142 3325 militibus

117 3346 208 3422 tribuni
227 3377 395 3450 praeerant.
415 3362 468 3425 Sic
486 3363 570 3426 inter
590 3362 713 3426 diversa
733 3384 850 3451 genera
870 3362 1144 3451 oppugnantium,

117 3454 281 3525 *udatone
298 3462 453 3525 virtutem
475 3462 677 3543 stimulante,
697 3486 770 3550 pars
793 3464 899 3551 aliqua
924 3463 1009 3526 muri
1030 3464 1143 3541 cessit,

118 3549 201 3628 ”lim
213 3561 364 3627 interiora
379 3563 468 3626 urbis
486 3564 758 3650 conspicerentur.
777 3562 839 3627 Sed
854 3565 925 3651 plus
942 3562 1051 3625 auxilii
1066 3564 1143 3624 Car·

118 3640 337 3740 lipsiensibus
351 3664 386 3727 in
398 3664 582 3729 animorum
596 3662 811 3744 firmitudine,
825 3686 922 3750 quam
936 3664 968 3726 in
985 3663 1146 3726 moenibus

117 3738 170 3817 frit.

147 3846 242 3927 lllffl,
260 3866 414 3954 Repulsis.
421 3888 517 3955 ergo,
535 3867 590 3953 qui
604 3867 710 3931 conati
725 3866 851 3929 fuerant
868 3865 1063 3953 irrumpere,
1082 3862 1147 3926 col-

115 3934 209 4052 ΚΜ
218 3966 300 4028 muri
311 3983 433 4054 partem
445 3984 545 4031 noctu
555 3968 733 4031 instaurare
741 3982 928 4053 coeperunt:
943 3963 1059 4029 deinde
1070 3986 1148 4027 con-

113 4042 238 4145 ΨΜ),
258 4088 365 4154 neque
382 4084 512 4131 noctem
530 4069 621 4155 operi
639 4066 803 4146 sufficere,
824 4088 931 4152 neque
954 4077 1098 4127 recentes
1115 4078 1148 4124 et

113 4142 184 4217 ”¹¹⁰⁸
199 4163 296 4231 adhuc
317 4192 428 4233 muros
444 4172 667 4233 Romanorum
690 4167 848 4233 machinis
869 4166 1015 4228 resistere
1036 4184 1152 4250 posse,

109 4240 142 4307 'd
155 4250 206 4322 ¹¹2³
220 4268 467 4358 corrumpendas
483 4272 687 4358 eruptionem
700 4292 759 4357 per
772 4269 881 4331 ruinas
900 4266 1062 4349 recerunt,
1079 4262 1148 4329 aliis

132 4430 150 4495 5
161 4439 223 4503 ¹1¹1·
233 4457 317 4511 bonan
326 4460 477 4525 -Appiau
488 4486 524 4499 ·-
536 4458 552 4525 S
565 4462 647 4509 XLII.
660 4460 746 4506 Zonar.
762 4475 783 4503 e·
800 4463 839 4513 tt·
851 4481 886 4492 -·
897 4450 1003 4523 Apelt-¹¹·
