2594 4980
154 715 210 784 IN
237 713 347 783 LOC.
374 716 466 782 LlB.
495 715 566 783 Lll
594 716 805 787 LIVIANI.
944 718 1010 815 195

93 859 98 895 e
117 837 304 923 prolapsus,
324 836 600 924 magnitudinem,
620 860 717 924 quam
733 838 864 902 tortum
879 839 1008 905 adstru-

93 939 145 999 uis
161 937 304 1000 consiliis
324 938 481 1024 sacrisque
503 940 598 1026 coepit
620 937 777 1003 demoliri.
798 941 858 1005 Sed
883 942 1009 1009 duabus

104 1039 202 1103 rebus
219 1039 356 1134 graviter
377 1037 523 1128 impegit,
543 1039 634 1127 quod
651 1055 683 1103 et
703 1040 897 1128 despiciebat
915 1067 1010 1128 suos,

93 1140 262 1229 ¹weregrinis
279 1140 421 1229 legebat,
445 1158 482 1204 ut
498 1143 635 1229 quisque
651 1142 757 1230 aliqua
774 1164 807 1206 re
825 1144 1010 1230 excelleret,

93 1264 162 1305 suas
177 1243 312 1305 virmtes
328 1241 536 1330 impudenter
544 1243 716 1324 jactarent,
734 1259 766 1306 et
775 1244 883 1331 inepte
896 1245 1011 1331 praedi-

93 1344 190 1432 egias.
212 1343 285 1405 Non
309 1359 373 1406 tam
393 1345 534 1432 proclive
556 1361 605 1407 est
628 1344 738 1424 bono,
755 1367 853 1431 quem
870 1346 1013 1432 sequiori

93 1493 102 1525 ,
116 1445 255 1507 similem
268 1446 317 1507 sui
329 1447 432 1508 aulam
444 1445 570 1509 efficere
582 1462 714 1532 :sponte
726 1447 859 1510 ferimur
875 1446 907 1510 in
921 1445 1012 1511 dete·

93 1547 227 1609 irtutum
240 1547 424 1609 exercitatio
444 1545 581 1610 difficilis
598 1564 661 1622 est,
678 1547 773 1610 etiam
790 1570 866 1612 cum
879 1549 1013 1636 praemio

93 1763 144 1810 tur
154 1748 336 1826 Demetrio,
349 1747 491 1810 bominis
504 1749 653 1836 regisque
664 1746 809 1811 officium
820 1750 1014 1838 negligenti,

93 1870 181 1929 uere,
196 1848 253 1935 qui
270 1848 369 1936 magis
384 1848 550 1936 magisque
565 1848 761 1935 praecipitem
772 1847 813 1911 ad
823 1871 919 1936 prava
932 1849 1015 1912 facta

93 1938 159 2038 mre
171 1964 313 2039 agerent.
327 1949 464 2012 Maxima
478 1971 543 2036 prae
554 1950 674 2013 caeteris
686 1950 875 2013 auctoritate
885 1951 1017 2015 Lasthe-

99 2099 109 2131 ,
129 2072 198 2114 non
222 2050 282 2113 levi
303 2051 420 2114 merito
435 2049 562 2117 reducti
578 2051 611 2113 in
634 2051 754 2113 avitum
773 2051 889 2114 solium
905 2053 1014 2141 regis:

93 2151 238 2214 ernetn'us
255 2152 349 2213 etiam
367 2151 399 2212 in
416 2150 552 2238 publicis
566 2150 678 2214 edictis
690 2167 815 2238 patrem
830 2175 946 2215 vocare
961 2175 1015 2216 so·

93 2250 255 2314 rarissimis
276 2252 366 2340 regni
386 2252 522 2339 negotiis
545 2254 748 2338 praefecerat,
767 2254 835 2340 ipse
853 2252 893 2316 ad
909 2255 1015 2318 otium

93 2368 169 2418 tates
180 2354 358 2442 applicabat
368 2355 531 2434 animum,
547 2356 643 2418 etiam
653 2356 841 2418 meretriciis
850 2356 1015 2445 amoribus

112 2455 243 2542 Quippe
258 2454 407 2542 Myrinen
430 2455 587 2536 Samiam,
611 2478 683 2543 quae
702 2478 839 2544 corpore
855 2473 1015 2544 questum

98 2557 145 2620 ita¹
155 2557 289 2645 diligere
306 2556 487 2636 dicebatur,
505 2573 542 2619 ut
556 2558 635 2620 nihil
650 2558 683 2618 in
700 2579 801 2647 regno
815 2558 1015 2647 precipuum

93 2673 149 2722 tter
168 2657 316 2722 diadema
336 2658 486 2737 haberet,
500 2659 533 2721 in
551 2659 671 2722 caeteris
685 2657 773 2721 haud
792 2659 926 2722 inferior
941 2660 1015 2747 My-

93 2775 186 2824 tenus
202 2777 294 2824 esset.
650 2839 652 2842 y

93 2859 234 2923 isthenes
245 2860 353 2949 igitur,
368 2860 470 2922 bomo
481 2881 597 2947 pravus
609 2875 642 2921 et
654 2861 854 2938 temerarius,
864 2861 1016 2939 juvenem

93 2962 115 3025 is
134 2978 166 3024 et
182 2961 452 3024 assentationibus
465 2961 583 3048 impelli
598 2960 721 3024 facilem
737 2960 880 3047 primum
898 2960 938 3024 ad
953 2963 1017 3026 tol·

93 3062 230 3142 emedio,
244 3065 299 3150 qui
310 3062 465 3126 adversati
479 3063 507 3124 ei
518 3061 672 3145 fuissent,
689 3061 842 3148 impellit:
855 3080 930 3125 mox
944 3076 1016 3150 per·

95 3179 147 3241 ut,
160 3180 364 3227 exauctorato
377 3163 556 3226 domestico
568 3162 686 3242 milite,
700 3161 927 3226 tantummodo
941 3165 1019 3226 Cre·

93 3267 307 3354 gcaeterisque
319 3267 523 3345 insularium,
536 3265 591 3351 qui
603 3264 732 3351 sequuti
741 3285 816 3327 eum
827 3265 860 3326 in
872 3264 1016 3327 militiam

93 3415 97 3448 ‚
115 3368 274 3455 stipendia
291 3382 493 3456 praestentur.
509 3367 552 3430 Ea
569 3388 619 3429 res
640 3387 705 3427 non
728 3364 827 3428 modo
844 3366 1018 3452 plerosque

93 3466 200 3532 dolore
213 3467 461 3531 conrmodorum
473 3482 658 3553 ereptorum
671 3465 797 3546 urebat,
813 3465 870 3528 sed
885 3466 1017 3552 reliquis

93 3568 142 3631 ovi
160 3590 221 3631 nec
236 3567 394 3656 probandi
412 3567 547 3653 exempli
562 3566 749 3645 videbatur3
766 3566 841 3652 quia
855 3567 1018 3654 prioribus

105 3666 146 3731 ad
167 3667 355 3731 seruandam
371 3668 455 3755 vulgi
478 3667 754 3745 benevolentiam,
775 3667 869 3729 etiam
889 3668 921 3730 in
939 3689 1017 3756 pace

93 3771 215 3833 ssercitus
232 3786 423 3833 consuetum
444 3770 555 3830 fuerat.

93 3869 273 3934 Accedebat
297 3886 329 3932 et
356 3870 487 3932 saevitiae
507 3867 641 3944 odium,
665 3887 732 3954 quo
755 3867 861 3954 ipsum
887 3888 1018 3954 quoque

101 3971 230 4034 vincere
253 3970 430 4035 ridebatur.
454 3971 556 4059 igitur
579 3970 794 4049 Antiocheni,
817 3991 960 4056 pronum
978 3966 1019 4030 ad

93 4094 129 4136 ies
141 4095 259 4162 genus,
274 4095 341 4135 non
354 4071 410 4135 diu
421 4088 598 4159 temperare
611 4071 725 4133 animis
735 4085 928 4159 potuerunt,
939 4069 1018 4157 quin

93 4175 224 4262 totisque
238 4173 480 4238 contumeliosis
499 4172 698 4235 Demetrium
713 4171 914 4234 lacesserent.
930 4171 1019 4233 Con·

93 4380 163 4445 seph.
175 4383 239 4429 x111
249 4416 256 4437 ,
271 4382 295 4427 8.
305 4364 340 4416 ζ
351 4379 455 4426 Diodor.
464 4376 530 4441 apud
540 4337 672 4424 Valetium
683 4401 718 4411 -
732 4372 815 4421 Nicol.
830 4374 942 4422 Demeae.
955 4373 1020 4440 apud

93 4477 104 4508 t.
112 4464 182 4512 1111.
199 4491 234 4500 -
253 4462 321 4527 §LL
336 4462 439 4510 Di0dor.
449 4489 483 4498 -
495 4460 596 4524 loseph.
608 4487 642 4496 -
657 4457 790 4536 ilerodian.
804 4456 849 4505 lib.
861 4458 894 4506 11.

784 4547 843 4618 13.
