2594 4980
304 711 357 782 IN
387 711 501 781 LOC.
528 710 621 782 LIB.
649 710 1034 783 Lx1xu1vrsu1..
1118 707 1191 793 585.

127 834 242 914 armis,
260 833 457 897 adversarios
477 833 550 896 loco
572 833 719 921 pellunt:
737 831 789 895 lex
801 829 932 919 Agraria
949 853 1008 918 per
1027 832 1095 896 vim
1113 854 1190 921 per.

127 938 241 999 fertur.
259 935 350 998 Nihil
362 957 429 997 non
447 932 566 996 horum
581 932 621 996 de
635 932 770 997 consilio
788 930 930 995 consulis
949 929 1042 995 Marii
1056 933 1191 1022 gereba-

128 1053 183 1100 tur
198 1059 206 1100 :
221 1037 313 1124 isque
335 1036 369 1099 in
391 1051 525 1116 senatu,
548 1056 617 1122 quo
640 1035 740 1125 magis
762 1030 980 1097 adversarium
1003 1032 1190 1121 illaquearet

128 1135 229 1218 dolis,
253 1137 355 1202 multa
374 1137 408 1200 iu
430 1137 569 1225 speciem
591 1137 631 1200 de
652 1138 834 1225 impotentia
853 1135 1020 1200 Saturm'ni
1036 1151 1189 1222 questus,

128 1235 259 1319 adJecit,
274 1260 373 1327 neque
382 1260 413 1300 se
415 1238 621 1326 juraturum,
639 1260 738 1327 neque
751 1237 863 1318 alium,
878 1237 932 1326 qui
943 1233 1192 1325 saperet,sactu·

128 1359 198 1401 rum
215 1341 417 1402 existimate:
433 1361 501 1402 uun
519 1338 705 1402 dubitanter
723 1337 809 1402 idem
826 1337 868 1403 de
886 1360 920 1403 se
940 1337 982 1420 Q.
996 1335 1195 1417 Numidicus

128 1437 339 1503 confirmavit.

171 1539 245 1605 XV.
262 1541 324 1605 Sed
341 1541 530 1628 neutiquam
545 1564 602 1629 par
618 1542 750 1629 utrique
765 1542 798 1605 in
818 1540 933 1606 eodem
946 1563 1098 1605 sermone
1109 1538 1193 1605 fides

128 1656 204 1704 erat.
224 1641 354 1705 Metello
368 1642 480 1707 timere
498 1660 609 1730 turpe,
624 1644 754 1707 mentiri
771 1659 876 1710 morte
892 1643 983 1732 pejus
996 1634 1191 1709 videbanui

127 1740 265 1822 Μανίας,
287 1740 498 1807 honestarum
520 1744 639 1807 artium
659 1743 767 1825 rudis,
785 1759 818 1808 et
831 1744 989 1808 atrocium
1005 1743 1188 1809 belluarum

127 1865 219 1906 more
235 1857 361 1907 tantum
378 1843 418 1908 ad
437 1844 622 1909 nocendum
635 1846 814 1909 instructus
831 1845 979 1936 ingenio,
999 1843 1079 1933 quid
1094 1843 1194 1931 polli-

126 1960 273 2026 ceretur,
291 1956 348 2009 dut
366 1944 534 2033 quomodo
548 1951 688 2011 servaret
696 1946 871 2034 promissa,
887 1945 969 2009 nihil
986 1944 1078 2033 pensi
1086 1942 1193 2007 habe-

126 2042 191 2108 bat.
205 2044 340 2108 Vultum
353 2069 391 2109 ac
404 2046 501 2110 verba
514 2045 652 2137 lingere,
665 2047 792 2130 fallere,
807 2047 966 2136 pejerare,
979 2044 1069 2134 quod
1084 2044 1189 2110 deter-

125 2141 211 2203 rimo
236 2144 354 2230 cuique
379 2146 658 2233 promptissimum
687 2164 753 2230 est,
781 2164 881 2213 artem
911 2162 1012 2236 atque
1032 2142 1189 2211 virtutem

126 2240 349 2307 arbitrabatur.
367 2245 428 2308 Die
451 2247 587 2332 quinto,
604 2270 703 2335 quam
723 2265 834 2337 rogata
851 2250 903 2316 lex
925 2265 1013 2330 erat,
1035 2249 1194 2313 tribunus

126 2339 235 2405 Patres
250 2342 480 2425 adjutandum
495 2348 528 2411 in
543 2365 647 2413 rostra
664 2365 767 2415 vocat.
786 2349 908 2415 Marius
920 2352 974 2415 vix
990 2350 1104 2438 quinta
1122 2342 1197 2425 diei]

125 2457 215 2528 parte
236 2444 360 2531 reliqua
380 2462 528 2512 senatum
549 2448 674 2536 trepide
696 2449 801 2538 cogit3
824 2451 995 2538 verbisque
1012 2449 1053 2514 de
1067 2450 1137 2539 lege
1156 2465 1192 2519 et

123 2542 333 2624 jurejurando
347 2546 455 2628 lactis,
474 2552 591 2612 uenisse
607 2550 665 2611 sibi
682 2552 717 2611 in
736 2563 867 2613 mertum
881 2550 926 2612 ait
943 2548 1067 2612 salubre
1087 2551 1188 2612 consi·

125 2643 222 2722 lium,
244 2669 283 2707 ne
295 2644 385 2731 plebs
403 2648 531 2710 irritata
550 2648 661 2711 turbas
680 2648 751 2726 det,
772 2655 802 2711 εἰ
805 2647 922 2736 jurare
941 2661 1063 2712 senatus
1084 2647 1188 2713 nolit:

125 2765 245 2806 censere
245 2746 426 2832 jurandum
439 2750 473 2809 itt
493 2747 591 2833 legem
597 2795 608 2826 ,
623 2747 773 2834 siquidem
785 2746 843 2810 tes
854 2760 928 2812 esset
941 2772 952 2815 .·
966 2750 1013 2811 ita
1025 2748 1188 2837 deceptam

125 2857 277 2928 agrestem
292 2843 523 2910 multitudinem
542 2848 623 2912 Urbe
635 2849 792 2910 amoveri:
805 2870 904 2936 neque
916 2846 1066 2934 relt'gtbrte
1078 2870 1187 2937 quem.

125 2967 222 3033 quam
235 2947 300 3034 ejus
312 2947 474 3012 servandoe
484 2947 560 3035 legis
571 2946 743 3034 adstnbgi,
761 2970 857 3034 quam
864 2999 874 3030 ,
882 2971 945 3037 per
958 2951 1024 3013 vt'rrt
1034 2963 1065 3014 et
1074 2962 1189 3014 corrues

125 3050 265 3135 ampicm
278 3047 394 3128 betam,
408 3050 485 3113 Jove
495 3062 622 3113 tonante
634 3062 798 3114 constaret.

169 3150 258 3215 XVI.
281 3150 398 3237 Neque
422 3148 477 3215 die
496 3166 682 3233 cunctatus,
705 3173 809 3239 quum
835 3172 932 3216 nemo
955 3152 1186 3241 responderet,

125 3249 273 3313 Patribus
291 3251 439 3340 angustia
456 3253 611 3340 temporis
622 3266 655 3316 et
670 3252 835 3317 atrocitate
853 3253 901 3316 rei
914 3253 1051 3318 turbatis
1066 3276 1103 3319 ac
1120 3269 1185 3319 stu·
1228 3327 1231 3333 .

123 3351 294 3439 pentibus,
315 3351 357 3415 ad
378 3353 526 3417 serarium
544 3353 665 3444 pergit,
683 3353 740 3417 ubi
756 3352 865 3433 jurare
886 3370 1061 3442 quaestores
1083 3356 1184 3421 moris

124 3467 192 3514 erat
206 3453 415 3542 :primusque
432 3456 581 3520 omnium
594 3455 629 3518 in
643 3455 745 3544 legem
758 3455 855 3535 jurat.
872 3453 965 3520 ldem
981 3478 1083 3544 quum
1100 3456 1185 3522 inter

124 3551 273 3638 plausum
296 3569 328 3617 et
350 3556 597 3621 exsultationem
621 3556 786 3643 presentis
807 3554 981 3645 plebeculae
998 3557 1092 3621 amici
1113 3557 1186 3639 eius

124 3653 290 3735 fecissent,
313 3658 419 3721 caeteri
442 3657 594 3745 deinceps
614 3656 654 3719 ad
678 3679 782 3720 uuum
802 3678 917 3721 omnes
937 3674 1027 3722 metu
1052 3654 1187 3746 sequuti

124 3770 212 3818 sunt.
224 3755 319 3819 Unus
331 3757 415 3822 inter
425 3774 476 3823 tot
491 3759 650 3847 primores
667 3756 707 3839 Q.
719 3757 868 3821 Metellus
884 3755 996 3821 firmus
1009 3758 1182 3823 immotus·

124 3878 188 3943 que
208 3857 243 3919 in
262 3859 421 3921 sententia
438 3859 598 3945 perstitit:
614 3880 681 3921 non
703 3857 800 3922 minis
817 3856 1012 3940 tribunitiis,
1030 3857 1184 3947 vulgique

124 3956 260 4043 strepitu
276 3957 407 4020 territus
429 3959 557 4041 animo,
572 3980 638 4023 non
656 3957 920 4046 propinquorum
937 3959 1186 4046 amicorumque

123 4056 276 4146 precibus
295 4057 447 4122 mollitus.
470 4059 587 4140 Aiunt,
611 4057 830 4122 discedentem
851 4058 942 4138 foro,
970 4080 1045 4123 curn
1070 4080 1183 4146 prose·

124 4159 300 4246 quentibus
322 4159 365 4222 ita
385 4157 583 4247 disputasse,
603 4175 641 4224 ut
653 4181 786 4248 peccare
795 4181 969 4248 pravorum
989 4163 1182 4246 ugentorum

122 4283 184 4323 esse
194 4258 332 4340 diceret;
345 4257 539 4346 rectesacere
549 4263 614 4324 sios
619 4259 758 4349 pert‘culo
763 4309 774 4342 ,
784 4260 970 4348 vulgarium
979 4285 991 4331 .·
1001 4276 1038 4326 at
1048 4263 1185 4352 emisa

159 4449 243 4513 ΒΗ.
256 4450 306 4499 nto
316 4449 383 4515 apud
392 4451 473 4500 Vsles.
486 4477 519 4488 -
532 4452 637 4516 Appisn.
650 4477 685 4489 ·-
699 4450 820 4501 Plutarch.
