<?xml version="1.0" encoding="UTF-8"?>
<!DOCTYPE html PUBLIC "-//W3C//DTD XHTML 1.0 Transitional//EN"
    "http://www.w3.org/TR/xhtml1/DTD/xhtml1-transitional.dtd">
<html xmlns="http://www.w3.org/1999/xhtml" xml:lang="en" lang="en">
 <head>
  <title>
</title>
<meta http-equiv="Content-Type" content="text/html;charset=utf-8" />
  <meta name='ocr-system' content='tesseract 3.04.00' />
  <meta name='ocr-capabilities' content='ocr_page ocr_carea ocr_par ocr_line ocrx_word'/>
</head>
<body>
  <div class='ocr_page' id='page_1' title='image "./titusliviuspata00freigoog_0383.png"; bbox 0 0 2594 4980; ppageno 0'>
   <div class='ocr_carea' id='block_1_1' title="bbox 146 657 1031 753">
    <p class='ocr_par' dir='ltr' id='par_1_1' title="bbox 146 657 1031 753">
     <span class='ocr_line' id='line_1_1' title="bbox 146 657 1031 753; baseline -0.003 -28"><span class='ocrx_word' id='word_1_1' title='bbox 146 660 215 753; x_wconf 77' lang='lat'>392</span> <span class='ocrx_word' id='word_1_2' title='bbox 319 661 388 725; x_wconf 77' lang='lat' dir='ltr'>ll).</span> <span class='ocrx_word' id='word_1_3' title='bbox 417 663 442 725; x_wconf 87' lang='lat' dir='ltr'>F</span> <span class='ocrx_word' id='word_1_4' title='bbox 448 660 756 728; x_wconf 62' lang='lat' dir='ltr'>scissuram</span> <span class='ocrx_word' id='word_1_5' title='bbox 785 657 1031 726; x_wconf 79' lang='lat' dir='ltr'>SUPPLEM.</span> 
     </span>
    </p>
   </div>
   <div class='ocr_carea' id='block_1_2' title="bbox 143 774 1219 4104">
    <p class='ocr_par' dir='ltr' id='par_1_2' title="bbox 144 774 1219 1146">
     <span class='ocr_line' id='line_1_2' title="bbox 145 774 1219 867; baseline -0.005 -23"><span class='ocrx_word' id='word_1_6' title='bbox 145 782 264 859; x_wconf 87' lang='lat' dir='ltr'>aciem,</span> <span class='ocrx_word' id='word_1_7' title='bbox 278 782 394 843; x_wconf 76' lang='lat' dir='ltr'>milites</span> <span class='ocrx_word' id='word_1_8' title='bbox 406 781 653 861; x_wconf 76' lang='lat' dir='ltr'>cohortabatur,</span> <span class='ocrx_word' id='word_1_9' title='bbox 663 778 745 867; x_wconf 91' lang='lat' dir='ltr'>quid</span> <span class='ocrx_word' id='word_1_10' title='bbox 760 777 829 842; x_wconf 88' lang='lat' dir='ltr'>fieri</span> <span class='ocrx_word' id='word_1_11' title='bbox 840 780 876 840; x_wconf 91' lang='lat' dir='ltr'>in</span> <span class='ocrx_word' id='word_1_12' title='bbox 890 799 999 865; x_wconf 76' lang='lat' dir='ltr'>pugna</span> <span class='ocrx_word' id='word_1_13' title='bbox 1008 775 1121 855; x_wconf 82' lang='lat' dir='ltr'>vellet,</span> <span class='ocrx_word' id='word_1_14' title='bbox 1133 774 1219 840; x_wconf 79' lang='lat' dir='ltr'>edo·</span> 
     </span>
     <span class='ocr_line' id='line_1_3' title="bbox 145 877 1218 968; baseline -0.003 -24"><span class='ocrx_word' id='word_1_15' title='bbox 145 882 248 944; x_wconf 82' lang='lat' dir='ltr'>celat.</span> <span class='ocrx_word' id='word_1_16' title='bbox 268 882 471 968; x_wconf 74' lang='lat' dir='ltr'>Diligentiam</span> <span class='ocrx_word' id='word_1_17' title='bbox 491 883 731 968; x_wconf 78' lang='lat' dir='ltr'>consiliumque</span> <span class='ocrx_word' id='word_1_18' title='bbox 753 879 897 944; x_wconf 79' lang='lat' dir='ltr'>consulis</span> <span class='ocrx_word' id='word_1_19' title='bbox 919 880 1034 965; x_wconf 82' lang='lat' dir='ltr'>ingens</span> <span class='ocrx_word' id='word_1_20' title='bbox 1056 877 1218 957; x_wconf 78' lang='lat' dir='ltr'>victorie,</span> 
     </span>
     <span class='ocr_line' id='line_1_4' title="bbox 144 977 1217 1069; baseline -0.002 -25"><span class='ocrx_word' id='word_1_21' title='bbox 144 997 177 1044; x_wconf 87' lang='lat' dir='ltr'>et</span> <span class='ocrx_word' id='word_1_22' title='bbox 198 998 318 1066; x_wconf 89' lang='lat' dir='ltr'>quanta</span> <span class='ocrx_word' id='word_1_23' title='bbox 343 1005 380 1044; x_wconf 85' lang='lat' dir='ltr'>cx</span> <span class='ocrx_word' id='word_1_24' title='bbox 399 1006 438 1044; x_wconf 89' lang='lat' dir='ltr'>eo</span> <span class='ocrx_word' id='word_1_25' title='bbox 461 983 555 1044; x_wconf 86' lang='lat' dir='ltr'>hoste</span> <span class='ocrx_word' id='word_1_26' title='bbox 575 999 665 1069; x_wconf 84' lang='lat' dir='ltr'>parta</span> <span class='ocrx_word' id='word_1_27' title='bbox 683 1003 853 1068; x_wconf 77' lang='lat' dir='ltr'>nunquam</span> <span class='ocrx_word' id='word_1_28' title='bbox 871 979 995 1059; x_wconf 81' lang='lat' dir='ltr'>fuerat,</span> <span class='ocrx_word' id='word_1_29' title='bbox 1010 977 1217 1065; x_wconf 72' lang='lat' dir='ltr'>approbavit.</span> 
     </span>
     <span class='ocr_line' id='line_1_5' title="bbox 146 1080 978 1146; baseline 0 -2"><span class='ocrx_word' id='word_1_30' title='bbox 146 1080 198 1144; x_wconf 78' lang='lat' dir='ltr'>Ad</span> <span class='ocrx_word' id='word_1_31' title='bbox 216 1080 356 1143; x_wconf 82' lang='lat' dir='ltr'>ducenta</span> <span class='ocrx_word' id='word_1_32' title='bbox 371 1083 467 1144; x_wconf 90' lang='lat' dir='ltr'>millia</span> <span class='ocrx_word' id='word_1_33' title='bbox 487 1081 653 1145; x_wconf 82' lang='lat' dir='ltr'>Gallorum</span> <span class='ocrx_word' id='word_1_34' title='bbox 668 1084 768 1146; x_wconf 74' lang='lat' dir='ltr'>finisse</span> <span class='ocrx_word' id='word_1_35' title='bbox 780 1082 978 1146; x_wconf 80' lang='lat' dir='ltr'>referuntur.</span> 
     </span>
    </p>

    <p class='ocr_par' dir='ltr' id='par_1_3' title="bbox 144 1179 1219 2589">
     <span class='ocr_line' id='line_1_6' title="bbox 190 1179 1216 1270; baseline -0.003 -25"><span class='ocrx_word' id='word_1_36' title='bbox 190 1183 285 1245; x_wconf 69' lang='grc' dir='ltr'>ΧΠ.</span> <span class='ocrx_word' id='word_1_37' title='bbox 311 1186 357 1246; x_wconf 82' lang='lat' dir='ltr'>Ex</span> <span class='ocrx_word' id='word_1_38' title='bbox 373 1185 438 1263; x_wconf 87' lang='lat' dir='ltr'>his,</span> <span class='ocrx_word' id='word_1_39' title='bbox 452 1186 508 1270; x_wconf 92' lang='lat' dir='ltr'>qui</span> <span class='ocrx_word' id='word_1_40' title='bbox 524 1185 715 1264; x_wconf 89' lang='lat' dir='ltr'>minimum,</span> <span class='ocrx_word' id='word_1_41' title='bbox 727 1199 861 1249; x_wconf 81' lang='lat' dir='ltr'>centum</span> <span class='ocrx_word' id='word_1_42' title='bbox 876 1183 991 1270; x_wconf 82' lang='lat' dir='ltr'>viginti</span> <span class='ocrx_word' id='word_1_43' title='bbox 1005 1179 1104 1244; x_wconf 76' lang='lat' dir='ltr'>millia</span> <span class='ocrx_word' id='word_1_44' title='bbox 1114 1202 1216 1263; x_wconf 62' lang='grc' dir='ltr'>ωσι,</span> 
     </span>
     <span class='ocr_line' id='line_1_7' title="bbox 145 1281 1219 1374; baseline 0.001 -30"><span class='ocrx_word' id='word_1_45' title='bbox 145 1283 201 1370; x_wconf 91' lang='lat' dir='ltr'>qui</span> <span class='ocrx_word' id='word_1_46' title='bbox 216 1284 411 1369; x_wconf 87' lang='lat' dir='ltr'>plurimum,</span> <span class='ocrx_word' id='word_1_47' title='bbox 426 1302 559 1347; x_wconf 91' lang='lat' dir='ltr'>eentum</span> <span class='ocrx_word' id='word_1_48' title='bbox 574 1287 810 1374; x_wconf 74' lang='lat' dir='ltr'>quinquaginta</span> <span class='ocrx_word' id='word_1_49' title='bbox 824 1285 1017 1371; x_wconf 88' lang='lat' dir='ltr'>interempta</span> <span class='ocrx_word' id='word_1_50' title='bbox 1028 1281 1145 1361; x_wconf 68' lang='lat' dir='ltr'>umis,</span> <span class='ocrx_word' id='word_1_51' title='bbox 1157 1298 1219 1347; x_wconf 87' lang='lat' dir='ltr'>aut</span> 
     </span>
     <span class='ocr_line' id='line_1_8' title="bbox 144 1381 1218 1473; baseline 0.001 -27"><span class='ocrx_word' id='word_1_52' title='bbox 144 1384 236 1470; x_wconf 90' lang='lat' dir='ltr'>aquis</span> <span class='ocrx_word' id='word_1_53' title='bbox 257 1386 430 1464; x_wconf 76' lang='lat' dir='ltr'>suffocata,</span> <span class='ocrx_word' id='word_1_54' title='bbox 448 1385 685 1472; x_wconf 88' lang='lat' dir='ltr'>prodiderunt:</span> <span class='ocrx_word' id='word_1_55' title='bbox 707 1409 768 1450; x_wconf 85' lang='lat' dir='ltr'>nee</span> <span class='ocrx_word' id='word_1_56' title='bbox 790 1385 950 1473; x_wconf 81' lang='lat' dir='ltr'>insignior</span> <span class='ocrx_word' id='word_1_57' title='bbox 969 1382 1104 1446; x_wconf 85' lang='lat' dir='ltr'>victoria</span> <span class='ocrx_word' id='word_1_58' title='bbox 1120 1381 1218 1447; x_wconf 84' lang='lat' dir='ltr'>clade</span> 
     </span>
     <span class='ocr_line' id='line_1_9' title="bbox 144 1485 1218 1571; baseline 0 -25"><span class='ocrx_word' id='word_1_59' title='bbox 144 1485 309 1565; x_wconf 87' lang='lat' dir='ltr'>hostium,</span> <span class='ocrx_word' id='word_1_60' title='bbox 325 1509 421 1571; x_wconf 87' lang='lat' dir='ltr'>quam</span> <span class='ocrx_word' id='word_1_61' title='bbox 439 1488 569 1550; x_wconf 86' lang='lat' dir='ltr'>victoris</span> <span class='ocrx_word' id='word_1_62' title='bbox 586 1489 746 1552; x_wconf 85' lang='lat' dir='ltr'>exereitus</span> <span class='ocrx_word' id='word_1_63' title='bbox 758 1487 980 1550; x_wconf 75' lang='lat' dir='ltr'>incolumitate</span> <span class='ocrx_word' id='word_1_64' title='bbox 993 1485 1073 1565; x_wconf 80' lang='lat' dir='ltr'>fuit3</span> <span class='ocrx_word' id='word_1_65' title='bbox 1087 1506 1129 1547; x_wconf 81' lang='lat' dir='ltr'>ex</span> <span class='ocrx_word' id='word_1_66' title='bbox 1143 1507 1218 1570; x_wconf 93' lang='lat' dir='ltr'>quo</span> 
     </span>
     <span class='ocr_line' id='line_1_10' title="bbox 144 1587 1217 1674; baseline -0.002 -26"><span class='ocrx_word' id='word_1_67' title='bbox 144 1587 261 1649; x_wconf 91' lang='lat' dir='ltr'>milites</span> <span class='ocrx_word' id='word_1_68' title='bbox 278 1589 414 1649; x_wconf 90' lang='lat' dir='ltr'>omnino</span> <span class='ocrx_word' id='word_1_69' title='bbox 430 1588 616 1674; x_wconf 87' lang='lat' dir='ltr'>quindecim</span> <span class='ocrx_word' id='word_1_70' title='bbox 632 1589 739 1653; x_wconf 88' lang='lat' dir='ltr'>amissi</span> <span class='ocrx_word' id='word_1_71' title='bbox 754 1588 950 1651; x_wconf 81' lang='lat' dir='ltr'>referuntur.</span> <span class='ocrx_word' id='word_1_72' title='bbox 963 1587 1046 1650; x_wconf 84' lang='lat' dir='ltr'>Satis</span> <span class='ocrx_word' id='word_1_73' title='bbox 1061 1600 1217 1672; x_wconf 84' lang='lat' dir='ltr'>apparet,</span> 
     </span>
     <span class='ocr_line' id='line_1_11' title="bbox 144 1688 1216 1778; baseline -0.003 -27"><span class='ocrx_word' id='word_1_74' title='bbox 144 1688 255 1751; x_wconf 87' lang='lat' dir='ltr'>subito</span> <span class='ocrx_word' id='word_1_75' title='bbox 273 1688 495 1753; x_wconf 86' lang='lat' dir='ltr'>invadentium</span> <span class='ocrx_word' id='word_1_76' title='bbox 513 1692 638 1778; x_wconf 87' lang='lat' dir='ltr'>impetu</span> <span class='ocrx_word' id='word_1_77' title='bbox 654 1690 918 1778; x_wconf 79' lang='lat' dir='ltr'>perterrefactum</span> <span class='ocrx_word' id='word_1_78' title='bbox 936 1688 1084 1765; x_wconf 87' lang='lat' dir='ltr'>bostem,</span> <span class='ocrx_word' id='word_1_79' title='bbox 1106 1708 1216 1773; x_wconf 92' lang='lat' dir='ltr'>quum</span> 
     </span>
     <span class='ocr_line' id='line_1_12' title="bbox 146 1786 1216 1876; baseline -0.002 -25"><span class='ocrx_word' id='word_1_80' title='bbox 146 1807 177 1851; x_wconf 91' lang='lat' dir='ltr'>et</span> <span class='ocrx_word' id='word_1_81' title='bbox 191 1789 398 1854; x_wconf 90' lang='lat' dir='ltr'>multitudine</span> <span class='ocrx_word' id='word_1_82' title='bbox 416 1814 491 1867; x_wconf 87' lang='lat' dir='ltr'>sna,</span> <span class='ocrx_word' id='word_1_83' title='bbox 509 1808 540 1854; x_wconf 89' lang='lat' dir='ltr'>et</span> <span class='ocrx_word' id='word_1_84' title='bbox 555 1790 744 1856; x_wconf 85' lang='lat' dir='ltr'>transeundi</span> <span class='ocrx_word' id='word_1_85' title='bbox 760 1789 869 1854; x_wconf 84' lang='lat' dir='ltr'>studio</span> <span class='ocrx_word' id='word_1_86' title='bbox 884 1786 1134 1876; x_wconf 84' lang='lat' dir='ltr'>praepediretur,</span> <span class='ocrx_word' id='word_1_87' title='bbox 1153 1808 1216 1849; x_wconf 86' lang='lat' dir='ltr'>ne·</span> 
     </span>
     <span class='ocr_line' id='line_1_13' title="bbox 145 1886 1216 1980; baseline 0.001 -30"><span class='ocrx_word' id='word_1_88' title='bbox 145 1912 209 1976; x_wconf 90' lang='lat' dir='ltr'>que</span> <span class='ocrx_word' id='word_1_89' title='bbox 223 1891 409 1977; x_wconf 85' lang='lat' dir='ltr'>explicatam</span> <span class='ocrx_word' id='word_1_90' title='bbox 423 1894 540 1967; x_wconf 86' lang='lat' dir='ltr'>aciem,</span> <span class='ocrx_word' id='word_1_91' title='bbox 554 1916 662 1980; x_wconf 89' lang='lat' dir='ltr'>neque</span> <span class='ocrx_word' id='word_1_92' title='bbox 677 1893 813 1957; x_wconf 90' lang='lat' dir='ltr'>omnino</span> <span class='ocrx_word' id='word_1_93' title='bbox 827 1891 948 1979; x_wconf 77' lang='lat' dir='ltr'>provisi</span> <span class='ocrx_word' id='word_1_94' title='bbox 961 1889 1100 1977; x_wconf 80' lang='lat' dir='ltr'>parative</span> <span class='ocrx_word' id='word_1_95' title='bbox 1114 1886 1216 1974; x_wconf 79' lang='lat' dir='ltr'>quid·</span> 
     </span>
     <span class='ocr_line' id='line_1_14' title="bbox 147 1988 1216 2081; baseline -0.003 -29"><span class='ocrx_word' id='word_1_96' title='bbox 147 2014 244 2077; x_wconf 90' lang='lat' dir='ltr'>quam</span> <span class='ocrx_word' id='word_1_97' title='bbox 263 1991 303 2053; x_wconf 89' lang='lat' dir='ltr'>ad</span> <span class='ocrx_word' id='word_1_98' title='bbox 320 1994 464 2078; x_wconf 78' lang='lat' dir='ltr'>praelium</span> <span class='ocrx_word' id='word_1_99' title='bbox 484 1994 644 2058; x_wconf 89' lang='lat' dir='ltr'>habuisse.</span> <span class='ocrx_word' id='word_1_100' title='bbox 661 1995 766 2081; x_wconf 81' lang='lat' dir='ltr'>Igitur</span> <span class='ocrx_word' id='word_1_101' title='bbox 783 2014 892 2081; x_wconf 81' lang='lat' dir='ltr'>pugna</span> <span class='ocrx_word' id='word_1_102' title='bbox 908 1989 1093 2054; x_wconf 86' lang='lat' dir='ltr'>cadentium</span> <span class='ocrx_word' id='word_1_103' title='bbox 1110 1988 1216 2076; x_wconf 82' lang='lat' dir='ltr'>magis</span> 
     </span>
     <span class='ocr_line' id='line_1_15' title="bbox 149 2090 1215 2181; baseline 0.002 -29"><span class='ocrx_word' id='word_1_104' title='bbox 149 2113 304 2164; x_wconf 84' lang='lat' dir='ltr'>numero,</span> <span class='ocrx_word' id='word_1_105' title='bbox 325 2114 422 2179; x_wconf 91' lang='lat' dir='ltr'>quam</span> <span class='ocrx_word' id='word_1_106' title='bbox 447 2096 662 2181; x_wconf 84' lang='lat' dir='ltr'>pugnantium</span> <span class='ocrx_word' id='word_1_107' title='bbox 685 2095 821 2173; x_wconf 84' lang='lat' dir='ltr'>robore,</span> <span class='ocrx_word' id='word_1_108' title='bbox 838 2093 914 2156; x_wconf 89' lang='lat' dir='ltr'>satis</span> <span class='ocrx_word' id='word_1_109' title='bbox 938 2090 996 2155; x_wconf 90' lang='lat' dir='ltr'>din</span> <span class='ocrx_word' id='word_1_110' title='bbox 1015 2105 1215 2173; x_wconf 80' lang='lat' dir='ltr'>sustentata,</span> 
     </span>
     <span class='ocr_line' id='line_1_16' title="bbox 148 2191 1216 2283; baseline 0.004 -31"><span class='ocrx_word' id='word_1_111' title='bbox 148 2207 318 2278; x_wconf 81' lang='lat' dir='ltr'>postquam</span> <span class='ocrx_word' id='word_1_112' title='bbox 345 2194 483 2280; x_wconf 87' lang='lat' dir='ltr'>perditas</span> <span class='ocrx_word' id='word_1_113' title='bbox 502 2218 571 2258; x_wconf 87' lang='lat' dir='ltr'>esse</span> <span class='ocrx_word' id='word_1_114' title='bbox 592 2218 644 2259; x_wconf 87' lang='lat' dir='ltr'>res</span> <span class='ocrx_word' id='word_1_115' title='bbox 660 2196 828 2283; x_wconf 88' lang='lat' dir='ltr'>apparuit,</span> <span class='ocrx_word' id='word_1_116' title='bbox 852 2192 893 2257; x_wconf 89' lang='lat' dir='ltr'>ad</span> <span class='ocrx_word' id='word_1_117' title='bbox 915 2208 1050 2280; x_wconf 89' lang='lat' dir='ltr'>pontem</span> <span class='ocrx_word' id='word_1_118' title='bbox 1066 2191 1216 2256; x_wconf 83' lang='lat' dir='ltr'>confusis</span> 
     </span>
     <span class='ocr_line' id='line_1_17' title="bbox 146 2290 1215 2386; baseline 0.004 -31"><span class='ocrx_word' id='word_1_119' title='bbox 146 2290 317 2356; x_wconf 87' lang='lat' dir='ltr'>ordinibus</span> <span class='ocrx_word' id='word_1_120' title='bbox 335 2296 511 2358; x_wconf 86' lang='lat' dir='ltr'>multitudo</span> <span class='ocrx_word' id='word_1_121' title='bbox 528 2299 642 2385; x_wconf 84' lang='lat' dir='ltr'>ingens</span> <span class='ocrx_word' id='word_1_122' title='bbox 657 2298 861 2386; x_wconf 85' lang='lat' dir='ltr'>properavit:</span> <span class='ocrx_word' id='word_1_123' title='bbox 880 2296 937 2383; x_wconf 90' lang='lat' dir='ltr'>qui</span> <span class='ocrx_word' id='word_1_124' title='bbox 960 2294 1045 2359; x_wconf 91' lang='lat' dir='ltr'>mole</span> <span class='ocrx_word' id='word_1_125' title='bbox 1061 2316 1215 2381; x_wconf 83' lang='lat' dir='ltr'>pressus,</span> 
     </span>
     <span class='ocr_line' id='line_1_18' title="bbox 146 2391 1215 2476; baseline -0.001 -20"><span class='ocrx_word' id='word_1_126' title='bbox 146 2391 309 2458; x_wconf 80' lang='lat' dir='ltr'>dissolutis</span> <span class='ocrx_word' id='word_1_127' title='bbox 328 2398 480 2476; x_wconf 86' lang='lat' dir='ltr'>vinctdis,</span> <span class='ocrx_word' id='word_1_128' title='bbox 496 2398 597 2461; x_wconf 89' lang='lat' dir='ltr'>multa</span> <span class='ocrx_word' id='word_1_129' title='bbox 613 2398 786 2461; x_wconf 90' lang='lat' dir='ltr'>bominum</span> <span class='ocrx_word' id='word_1_130' title='bbox 805 2398 904 2461; x_wconf 88' lang='lat' dir='ltr'>millia</span> <span class='ocrx_word' id='word_1_131' title='bbox 922 2394 1036 2461; x_wconf 85' lang='lat' dir='ltr'>mediis</span> <span class='ocrx_word' id='word_1_132' title='bbox 1052 2394 1085 2458; x_wconf 91' lang='lat' dir='ltr'>in</span> <span class='ocrx_word' id='word_1_133' title='bbox 1104 2391 1215 2456; x_wconf 84' lang='lat' dir='ltr'>lluoti·</span> 
     </span>
     <span class='ocr_line' id='line_1_19' title="bbox 147 2495 715 2589; baseline 0.011 -32"><span class='ocrx_word' id='word_1_134' title='bbox 147 2495 209 2558; x_wconf 92' lang='lat' dir='ltr'>bus</span> <span class='ocrx_word' id='word_1_135' title='bbox 229 2498 419 2584; x_wconf 86' lang='lat' dir='ltr'>rapidissimi</span> <span class='ocrx_word' id='word_1_136' title='bbox 435 2501 538 2562; x_wconf 90' lang='lat' dir='ltr'>amnis</span> <span class='ocrx_word' id='word_1_137' title='bbox 557 2501 715 2589; x_wconf 80' lang='lat' dir='ltr'>exposuit.</span> 
     </span>
    </p>

    <p class='ocr_par' dir='ltr' id='par_1_4' title="bbox 143 2596 1216 3997">
     <span class='ocr_line' id='line_1_20' title="bbox 191 2596 1215 2687; baseline -0.001 -27"><span class='ocrx_word' id='word_1_138' title='bbox 191 2599 305 2661; x_wconf 83' lang='lat' dir='ltr'>XLVI.</span> <span class='ocrx_word' id='word_1_139' title='bbox 331 2601 453 2663; x_wconf 81' lang='lat' dir='ltr'>Consul</span> <span class='ocrx_word' id='word_1_140' title='bbox 470 2601 567 2664; x_wconf 88' lang='lat' dir='ltr'>rebus</span> <span class='ocrx_word' id='word_1_141' title='bbox 584 2624 624 2665; x_wconf 82' lang='lat' dir='ltr'>ex</span> <span class='ocrx_word' id='word_1_142' title='bbox 641 2601 740 2666; x_wconf 86' lang='lat' dir='ltr'>animi</span> <span class='ocrx_word' id='word_1_143' title='bbox 761 2602 921 2665; x_wconf 89' lang='lat' dir='ltr'>sententia</span> <span class='ocrx_word' id='word_1_144' title='bbox 940 2596 1215 2687; x_wconf 85' lang='lat' dir='ltr'>procedentibus,</span> 
     </span>
     <span class='ocr_line' id='line_1_21' title="bbox 147 2696 1214 2789; baseline -0.002 -28"><span class='ocrx_word' id='word_1_145' title='bbox 147 2700 241 2762; x_wconf 89' lang='lat' dir='ltr'>etiam</span> <span class='ocrx_word' id='word_1_146' title='bbox 260 2703 403 2789; x_wconf 86' lang='lat' dir='ltr'>corporis</span> <span class='ocrx_word' id='word_1_147' title='bbox 419 2704 586 2767; x_wconf 86' lang='lat' dir='ltr'>sanitatem</span> <span class='ocrx_word' id='word_1_148' title='bbox 599 2727 640 2769; x_wconf 81' lang='lat' dir='ltr'>ex</span> <span class='ocrx_word' id='word_1_149' title='bbox 655 2704 715 2767; x_wconf 86' lang='lat' dir='ltr'>ista</span> <span class='ocrx_word' id='word_1_150' title='bbox 728 2704 796 2768; x_wconf 87' lang='lat' dir='ltr'>acie</span> <span class='ocrx_word' id='word_1_151' title='bbox 814 2703 943 2780; x_wconf 89' lang='lat' dir='ltr'>retulit;</span> <span class='ocrx_word' id='word_1_152' title='bbox 962 2702 1028 2771; x_wconf 79' lang='lat' dir='ltr'>sive</span> <span class='ocrx_word' id='word_1_153' title='bbox 1044 2698 1144 2762; x_wconf 88' lang='lat' dir='ltr'>animi</span> <span class='ocrx_word' id='word_1_154' title='bbox 1160 2696 1214 2760; x_wconf 91' lang='lat' dir='ltr'>in·</span> 
     </span>
     <span class='ocr_line' id='line_1_22' title="bbox 148 2799 1216 2892; baseline -0.003 -28"><span class='ocrx_word' id='word_1_155' title='bbox 148 2804 251 2865; x_wconf 92' lang='lat' dir='ltr'>tentio</span> <span class='ocrx_word' id='word_1_156' title='bbox 270 2820 301 2866; x_wconf 91' lang='lat' dir='ltr'>ct</span> <span class='ocrx_word' id='word_1_157' title='bbox 322 2805 413 2866; x_wconf 84' lang='lat' dir='ltr'>labor</span> <span class='ocrx_word' id='word_1_158' title='bbox 432 2807 590 2869; x_wconf 86' lang='lat' dir='ltr'>hortantis</span> <span class='ocrx_word' id='word_1_159' title='bbox 609 2829 686 2870; x_wconf 87' lang='lat' dir='ltr'>suos</span> <span class='ocrx_word' id='word_1_160' title='bbox 708 2804 843 2892; x_wconf 85' lang='lat' dir='ltr'>dispulit</span> <span class='ocrx_word' id='word_1_161' title='bbox 865 2803 999 2882; x_wconf 84' lang='lat' dir='ltr'>febrim,</span> <span class='ocrx_word' id='word_1_162' title='bbox 1015 2801 1082 2864; x_wconf 86' lang='lat' dir='ltr'>sive</span> <span class='ocrx_word' id='word_1_163' title='bbox 1105 2799 1216 2862; x_wconf 70' lang='lat' dir='ltr'>laetitia</span> 
     </span>
     <span class='ocr_line' id='line_1_23' title="bbox 147 2903 1216 2994; baseline -0.003 -28"><span class='ocrx_word' id='word_1_164' title='bbox 147 2903 286 2966; x_wconf 69' lang='lat' dir='ltr'>victoriae</span> <span class='ocrx_word' id='word_1_165' title='bbox 304 2908 452 2968; x_wconf 82' lang='lat' dir='ltr'>excussit.</span> <span class='ocrx_word' id='word_1_166' title='bbox 472 2909 534 2969; x_wconf 88' lang='lat' dir='ltr'>Res</span> <span class='ocrx_word' id='word_1_167' title='bbox 553 2907 640 2969; x_wconf 88' lang='lat' dir='ltr'>enim</span> <span class='ocrx_word' id='word_1_168' title='bbox 660 2929 737 2970; x_wconf 89' lang='lat' dir='ltr'>sane</span> <span class='ocrx_word' id='word_1_169' title='bbox 753 2928 868 2994; x_wconf 82' lang='lat' dir='ltr'>magna</span> <span class='ocrx_word' id='word_1_170' title='bbox 885 2921 973 2993; x_wconf 82' lang='lat' dir='ltr'>gesta</span> <span class='ocrx_word' id='word_1_171' title='bbox 988 2918 1077 2980; x_wconf 80' lang='lat' dir='ltr'>erat3</span> <span class='ocrx_word' id='word_1_172' title='bbox 1094 2916 1216 2988; x_wconf 89' lang='lat' dir='ltr'>poten·</span> 
     </span>
     <span class='ocr_line' id='line_1_24' title="bbox 148 3003 1214 3092; baseline -0.001 -26"><span class='ocrx_word' id='word_1_173' title='bbox 148 3006 342 3092; x_wconf 79' lang='lat' dir='ltr'>tissimaeqne</span> <span class='ocrx_word' id='word_1_174' title='bbox 358 3009 520 3084; x_wconf 82' lang='lat' dir='ltr'>civitates,</span> <span class='ocrx_word' id='word_1_175' title='bbox 540 3030 607 3069; x_wconf 91' lang='lat' dir='ltr'>non</span> <span class='ocrx_word' id='word_1_176' title='bbox 631 3007 818 3071; x_wconf 88' lang='lat' dir='ltr'>tentandam</span> <span class='ocrx_word' id='word_1_177' title='bbox 842 3007 925 3070; x_wconf 92' lang='lat' dir='ltr'>ultra</span> <span class='ocrx_word' id='word_1_178' title='bbox 948 3007 1112 3069; x_wconf 84' lang='lat' dir='ltr'>fortunam</span> <span class='ocrx_word' id='word_1_179' title='bbox 1135 3003 1214 3066; x_wconf 91' lang='lat' dir='ltr'>belli</span> 
     </span>
     <span class='ocr_line' id='line_1_25' title="bbox 147 3104 1215 3194; baseline -0.003 -24"><span class='ocrx_word' id='word_1_180' title='bbox 147 3124 241 3186; x_wconf 84' lang='lat' dir='ltr'>ratae,</span> <span class='ocrx_word' id='word_1_181' title='bbox 259 3108 353 3169; x_wconf 91' lang='lat' dir='ltr'>bonis</span> <span class='ocrx_word' id='word_1_182' title='bbox 373 3107 615 3171; x_wconf 88' lang='lat' dir='ltr'>conditionibus</span> <span class='ocrx_word' id='word_1_183' title='bbox 634 3109 666 3170; x_wconf 91' lang='lat' dir='ltr'>in</span> <span class='ocrx_word' id='word_1_184' title='bbox 685 3107 783 3170; x_wconf 88' lang='lat' dir='ltr'>fidem</span> <span class='ocrx_word' id='word_1_185' title='bbox 801 3123 960 3194; x_wconf 78' lang='lat' dir='ltr'>acceptae:</span> <span class='ocrx_word' id='word_1_186' title='bbox 979 3130 1018 3168; x_wconf 83' lang='lat' dir='ltr'>ex</span> <span class='ocrx_word' id='word_1_187' title='bbox 1035 3104 1132 3168; x_wconf 87' lang='lat' dir='ltr'>unius</span> <span class='ocrx_word' id='word_1_188' title='bbox 1150 3126 1215 3167; x_wconf 91' lang='lat' dir='ltr'>no·</span> 
     </span>
     <span class='ocr_line' id='line_1_26' title="bbox 148 3205 1215 3295; baseline -0.002 -26"><span class='ocrx_word' id='word_1_189' title='bbox 148 3210 234 3269; x_wconf 89' lang='lat' dir='ltr'>mine</span> <span class='ocrx_word' id='word_1_190' title='bbox 250 3208 367 3268; x_wconf 83' lang='lat' dir='ltr'>Fabius</span> <span class='ocrx_word' id='word_1_191' title='bbox 382 3207 603 3292; x_wconf 69' lang='lat' dir='ltr'>Allobrogicus</span> <span class='ocrx_word' id='word_1_192' title='bbox 615 3207 803 3294; x_wconf 88' lang='lat' dir='ltr'>appellatus.</span> <span class='ocrx_word' id='word_1_193' title='bbox 818 3208 963 3295; x_wconf 83' lang='lat' dir='ltr'>Populos</span> <span class='ocrx_word' id='word_1_194' title='bbox 977 3208 1054 3271; x_wconf 86' lang='lat' dir='ltr'>istos</span> <span class='ocrx_word' id='word_1_195' title='bbox 1068 3205 1215 3293; x_wconf 85' lang='lat' dir='ltr'>reperio,</span> 
     </span>
     <span class='ocr_line' id='line_1_27' title="bbox 146 3303 1213 3395; baseline -0.002 -26"><span class='ocrx_word' id='word_1_196' title='bbox 146 3330 247 3395; x_wconf 88' lang='lat' dir='ltr'>quum</span> <span class='ocrx_word' id='word_1_197' title='bbox 275 3307 394 3393; x_wconf 88' lang='lat' dir='ltr'>duplici</span> <span class='ocrx_word' id='word_1_198' title='bbox 419 3306 507 3367; x_wconf 87' lang='lat' dir='ltr'>clade</span> <span class='ocrx_word' id='word_1_199' title='bbox 530 3307 686 3393; x_wconf 87' lang='lat' dir='ltr'>perculsi,</span> <span class='ocrx_word' id='word_1_200' title='bbox 712 3329 778 3369; x_wconf 92' lang='lat' dir='ltr'>non</span> <span class='ocrx_word' id='word_1_201' title='bbox 803 3324 867 3373; x_wconf 89' lang='lat' dir='ltr'>tam</span> <span class='ocrx_word' id='word_1_202' title='bbox 893 3306 940 3371; x_wconf 89' lang='lat' dir='ltr'>de.</span> <span class='ocrx_word' id='word_1_203' title='bbox 955 3329 1033 3394; x_wconf 85' lang='lat' dir='ltr'>paee</span> <span class='ocrx_word' id='word_1_204' title='bbox 1052 3303 1213 3392; x_wconf 90' lang='lat' dir='ltr'>petenda,</span> 
     </span>
     <span class='ocr_line' id='line_1_28' title="bbox 144 3405 1215 3497; baseline 0.002 -29"><span class='ocrx_word' id='word_1_205' title='bbox 144 3429 241 3492; x_wconf 90' lang='lat' dir='ltr'>quam</span> <span class='ocrx_word' id='word_1_206' title='bbox 259 3406 299 3466; x_wconf 92' lang='lat' dir='ltr'>ab</span> <span class='ocrx_word' id='word_1_207' title='bbox 319 3422 393 3466; x_wconf 81' lang='lat' dir='ltr'>ntro</span> <span class='ocrx_word' id='word_1_208' title='bbox 412 3407 604 3492; x_wconf 88' lang='lat' dir='ltr'>imperatore</span> <span class='ocrx_word' id='word_1_209' title='bbox 623 3422 805 3493; x_wconf 85' lang='lat' dir='ltr'>peteretur,</span> <span class='ocrx_word' id='word_1_210' title='bbox 822 3410 979 3497; x_wconf 85' lang='lat' dir='ltr'>agitarent</span> <span class='ocrx_word' id='word_1_211' title='bbox 995 3422 1088 3495; x_wconf 76' lang='lat' dir='ltr'>(nam</span> <span class='ocrx_word' id='word_1_212' title='bbox 1099 3405 1215 3470; x_wconf 88' lang='lat' dir='ltr'>adhuc</span> 
     </span>
     <span class='ocr_line' id='line_1_29' title="bbox 143 3505 1213 3597; baseline 0.003 -29"><span class='ocrx_word' id='word_1_213' title='bbox 143 3505 338 3592; x_wconf 89' lang='lat' dir='ltr'>proconsule</span> <span class='ocrx_word' id='word_1_214' title='bbox 352 3507 524 3592; x_wconf 89' lang='lat' dir='ltr'>imperium</span> <span class='ocrx_word' id='word_1_215' title='bbox 539 3506 572 3567; x_wconf 92' lang='lat' dir='ltr'>in</span> <span class='ocrx_word' id='word_1_216' title='bbox 588 3507 699 3573; x_wconf 87' lang='lat' dir='ltr'>eadem</span> <span class='ocrx_word' id='word_1_217' title='bbox 714 3510 880 3597; x_wconf 85' lang='lat' dir='ltr'>provincia</span> <span class='ocrx_word' id='word_1_218' title='bbox 896 3512 956 3573; x_wconf 90' lang='lat' dir='ltr'>Cn.</span> <span class='ocrx_word' id='word_1_219' title='bbox 972 3509 1136 3573; x_wconf 89' lang='lat' dir='ltr'>Domitius</span> <span class='ocrx_word' id='word_1_220' title='bbox 1151 3507 1213 3571; x_wconf 84' lang='lat' dir='ltr'>ob-</span> 
     </span>
     <span class='ocr_line' id='line_1_30' title="bbox 145 3607 1214 3697; baseline 0.005 -28"><span class='ocrx_word' id='word_1_221' title='bbox 145 3607 308 3692; x_wconf 82' lang='lat' dir='ltr'>tinebat),</span> <span class='ocrx_word' id='word_1_222' title='bbox 329 3607 457 3670; x_wconf 88' lang='lat' dir='ltr'>tandem</span> <span class='ocrx_word' id='word_1_223' title='bbox 484 3608 526 3669; x_wconf 90' lang='lat' dir='ltr'>ob</span> <span class='ocrx_word' id='word_1_224' title='bbox 553 3610 682 3688; x_wconf 85' lang='lat' dir='ltr'>majoris</span> <span class='ocrx_word' id='word_1_225' title='bbox 704 3612 870 3697; x_wconf 88' lang='lat' dir='ltr'>potestatis</span> <span class='ocrx_word' id='word_1_226' title='bbox 893 3634 1034 3684; x_wconf 83' lang='lat' dir='ltr'>nomen,</span> <span class='ocrx_word' id='word_1_227' title='bbox 1062 3625 1095 3671; x_wconf 91' lang='lat' dir='ltr'>et</span> <span class='ocrx_word' id='word_1_228' title='bbox 1120 3608 1214 3696; x_wconf 87' lang='lat' dir='ltr'>quod</span> 
     </span>
     <span class='ocr_line' id='line_1_31' title="bbox 144 3709 1214 3800; baseline 0.004 -32"><span class='ocrx_word' id='word_1_229' title='bbox 144 3731 256 3770; x_wconf 86' lang='lat' dir='ltr'>verum</span> <span class='ocrx_word' id='word_1_230' title='bbox 270 3709 441 3788; x_wconf 88' lang='lat' dir='ltr'>rebantur,</span> <span class='ocrx_word' id='word_1_231' title='bbox 455 3711 482 3772; x_wconf 92' lang='lat' dir='ltr'>ei</span> <span class='ocrx_word' id='word_1_232' title='bbox 497 3733 530 3772; x_wconf 90' lang='lat' dir='ltr'>se</span> <span class='ocrx_word' id='word_1_233' title='bbox 545 3709 627 3773; x_wconf 85' lang='lat' dir='ltr'>finiti</span> <span class='ocrx_word' id='word_1_234' title='bbox 642 3710 717 3774; x_wconf 89' lang='lat' dir='ltr'>belli</span> <span class='ocrx_word' id='word_1_235' title='bbox 731 3712 867 3800; x_wconf 83' lang='lat' dir='ltr'>gloriam</span> <span class='ocrx_word' id='word_1_236' title='bbox 881 3710 974 3792; x_wconf 88' lang='lat' dir='ltr'>dare,</span> <span class='ocrx_word' id='word_1_237' title='bbox 986 3710 1040 3774; x_wconf 88' lang='lat' dir='ltr'>eui</span> <span class='ocrx_word' id='word_1_238' title='bbox 1057 3709 1214 3773; x_wconf 88' lang='lat' dir='ltr'>illustrio-</span> 
     </span>
     <span class='ocr_line' id='line_1_32' title="bbox 144 3809 1211 3888; baseline 0.004 -17"><span class='ocrx_word' id='word_1_239' title='bbox 144 3833 210 3873; x_wconf 88' lang='lat' dir='ltr'>rem</span> <span class='ocrx_word' id='word_1_240' title='bbox 236 3809 277 3872; x_wconf 90' lang='lat' dir='ltr'>de</span> <span class='ocrx_word' id='word_1_241' title='bbox 301 3834 334 3872; x_wconf 91' lang='lat' dir='ltr'>se</span> <span class='ocrx_word' id='word_1_242' title='bbox 358 3812 524 3874; x_wconf 89' lang='lat' dir='ltr'>victoriam</span> <span class='ocrx_word' id='word_1_243' title='bbox 551 3811 597 3875; x_wconf 91' lang='lat' dir='ltr'>dii</span> <span class='ocrx_word' id='word_1_244' title='bbox 621 3811 803 3888; x_wconf 84' lang='lat' dir='ltr'>dedissent,</span> <span class='ocrx_word' id='word_1_245' title='bbox 827 3812 868 3877; x_wconf 92' lang='lat' dir='ltr'>ad</span> <span class='ocrx_word' id='word_1_246' title='bbox 898 3813 1040 3877; x_wconf 87' lang='lat' dir='ltr'>consulis</span> <span class='ocrx_word' id='word_1_247' title='bbox 1063 3810 1211 3875; x_wconf 80' lang='lat' dir='ltr'>dextram</span> 
     </span>
     <span class='ocr_line' id='line_1_33' title="bbox 143 3911 335 3997; baseline 0 -23"><span class='ocrx_word' id='word_1_248' title='bbox 143 3911 335 3997; x_wconf 82' lang='lat' dir='ltr'>confugisse.</span> 
     </span>
    </p>

    <p class='ocr_par' dir='ltr' id='par_1_5' title="bbox 185 4011 1213 4104">
     <span class='ocr_line' id='line_1_34' title="bbox 185 4011 1213 4104; baseline 0 -28"><span class='ocrx_word' id='word_1_249' title='bbox 185 4013 315 4076; x_wconf 85' lang='lat' dir='ltr'>XLVll.</span> <span class='ocrx_word' id='word_1_250' title='bbox 342 4013 439 4093; x_wconf 91' lang='lat' dir='ltr'>Quod</span> <span class='ocrx_word' id='word_1_251' title='bbox 457 4016 531 4100; x_wconf 87' lang='lat' dir='ltr'>quia</span> <span class='ocrx_word' id='word_1_252' title='bbox 548 4016 660 4079; x_wconf 89' lang='lat' dir='ltr'>Bituiti</span> <span class='ocrx_word' id='word_1_253' title='bbox 675 4017 759 4104; x_wconf 80' lang='lat' dir='ltr'>regis</span> <span class='ocrx_word' id='word_1_254' title='bbox 775 4017 966 4080; x_wconf 88' lang='lat' dir='ltr'>anctoritate</span> <span class='ocrx_word' id='word_1_255' title='bbox 983 4014 1106 4078; x_wconf 86' lang='lat' dir='ltr'>lactum</span> <span class='ocrx_word' id='word_1_256' title='bbox 1123 4011 1213 4077; x_wconf 89' lang='lat' dir='ltr'>dice·</span> 
     </span>
    </p>
   </div>
   <div class='ocr_carea' id='block_1_3' title="bbox 137 4241 1209 4471">
    <p class='ocr_par' dir='ltr' id='par_1_6' title="bbox 137 4241 1209 4471">
     <span class='ocr_line' id='line_1_35' title="bbox 175 4241 1209 4308; baseline -0.001 -18"><span class='ocrx_word' id='word_1_257' title='bbox 175 4242 191 4306; x_wconf 72' lang='lat' dir='ltr'>S</span> <span class='ocrx_word' id='word_1_258' title='bbox 206 4244 294 4290; x_wconf 70' lang='lat' dir='ltr'>XLIV.</span> <span class='ocrx_word' id='word_1_259' title='bbox 306 4242 367 4288; x_wconf 90' lang='lat' dir='ltr'>Plin.</span> <span class='ocrx_word' id='word_1_260' title='bbox 379 4269 413 4277; x_wconf 92' lang='lat'>-</span> <span class='ocrx_word' id='word_1_261' title='bbox 425 4243 532 4305; x_wconf 79' lang='lat' dir='ltr'>Appiam</span> <span class='ocrx_word' id='word_1_262' title='bbox 547 4268 583 4277; x_wconf 90' lang='lat'>-</span> <span class='ocrx_word' id='word_1_263' title='bbox 595 4241 611 4307; x_wconf 70' lang='lat' dir='ltr'><strong><em>s</em></strong></span> <span class='ocrx_word' id='word_1_264' title='bbox 622 4241 700 4291; x_wconf 76' lang='lat' dir='ltr'>m.</span> <span class='ocrx_word' id='word_1_265' title='bbox 715 4244 794 4292; x_wconf 81' lang='lat' dir='ltr'>strab.</span> <span class='ocrx_word' id='word_1_266' title='bbox 811 4244 855 4292; x_wconf 90' lang='lat' dir='ltr'>lib.</span> <span class='ocrx_word' id='word_1_267' title='bbox 866 4245 912 4303; x_wconf 82' lang='lat' dir='ltr'>lv,</span> <span class='ocrx_word' id='word_1_268' title='bbox 921 4261 948 4308; x_wconf 91' lang='lat' dir='ltr'>p.</span> <span class='ocrx_word' id='word_1_269' title='bbox 961 4258 1018 4306; x_wconf 84' lang='lat'>191.</span> <span class='ocrx_word' id='word_1_270' title='bbox 1028 4269 1061 4279; x_wconf 94' lang='lat'><em>-</em></span> <span class='ocrx_word' id='word_1_271' title='bbox 1073 4242 1127 4289; x_wconf 83' lang='lat' dir='ltr'>Liv.</span> <span class='ocrx_word' id='word_1_272' title='bbox 1139 4241 1209 4306; x_wconf 73' lang='lat' dir='ltr'>Epir.</span> 
     </span>
     <span class='ocr_line' id='line_1_36' title="bbox 139 4324 1209 4388; baseline -0.002 -15"><span class='ocrx_word' id='word_1_273' title='bbox 139 4354 172 4363; x_wconf 89' lang='grc'>--</span> <span class='ocrx_word' id='word_1_274' title='bbox 185 4327 257 4373; x_wconf 83' lang='lat' dir='ltr'>Oros.</span> <span class='ocrx_word' id='word_1_275' title='bbox 269 4352 304 4361; x_wconf 91' lang='lat'>-</span> <span class='ocrx_word' id='word_1_276' title='bbox 315 4325 422 4388; x_wconf 81' lang='lat' dir='ltr'>Appian.</span> <span class='ocrx_word' id='word_1_277' title='bbox 434 4324 496 4388; x_wconf 68' lang='lat' dir='ltr'>-S</span> <span class='ocrx_word' id='word_1_278' title='bbox 511 4326 600 4373; x_wconf 77' lang='lat' dir='ltr'>xnvt.</span> <span class='ocrx_word' id='word_1_279' title='bbox 612 4327 643 4374; x_wconf 89' lang='lat' dir='ltr'>U.</span> <span class='ocrx_word' id='word_1_280' title='bbox 656 4326 683 4374; x_wconf 90' lang='lat' dir='ltr'>C.</span> <span class='ocrx_word' id='word_1_281' title='bbox 699 4327 766 4383; x_wconf 75' lang='lat'>6313</span> <span class='ocrx_word' id='word_1_282' title='bbox 780 4331 811 4376; x_wconf 84' lang='grc' dir='ltr'>Δ.</span> <span class='ocrx_word' id='word_1_283' title='bbox 821 4328 850 4377; x_wconf 87' lang='lat' dir='ltr'>C.</span> <span class='ocrx_word' id='word_1_284' title='bbox 865 4327 1084 4376; x_wconf 80' lang='lat' dir='ltr'>121.-1³1in.-</span> <span class='ocrx_word' id='word_1_285' title='bbox 1093 4325 1209 4375; x_wconf 75' lang='lat' dir='ltr'>Marcell.</span> 
     </span>
     <span class='ocr_line' id='line_1_37' title="bbox 137 4408 767 4471; baseline -0.002 -13"><span class='ocrx_word' id='word_1_286' title='bbox 137 4412 194 4467; x_wconf 73' lang='lat' dir='ltr'>tw,</span> <span class='ocrx_word' id='word_1_287' title='bbox 204 4426 245 4471; x_wconf 75' lang='lat' dir='ltr'>ap.</span> <span class='ocrx_word' id='word_1_288' title='bbox 259 4409 362 4455; x_wconf 78' lang='lat' dir='ltr'>-Vell</span> <span class='ocrx_word' id='word_1_289' title='bbox 374 4411 412 4465; x_wconf 91' lang='lat'>11,</span> <span class='ocrx_word' id='word_1_290' title='bbox 430 4424 468 4457; x_wconf 89' lang='lat' dir='ltr'>ro.</span> <span class='ocrx_word' id='word_1_291' title='bbox 483 4408 580 4457; x_wconf 75' lang='lat' dir='ltr'>-val</span> <span class='ocrx_word' id='word_1_292' title='bbox 591 4410 659 4458; x_wconf 77' lang='lat' dir='ltr'>Max.</span> <span class='ocrx_word' id='word_1_293' title='bbox 671 4410 726 4467; x_wconf 74' lang='lat' dir='ltr'>IX,</span> <span class='ocrx_word' id='word_1_294' title='bbox 743 4409 767 4458; x_wconf 85' lang='grc'>6.</span> 
     </span>
    </p>
   </div>
   <div class='ocr_carea' id='block_1_4' title="bbox 0 0 1302 4980">
    <p class='ocr_par' dir='ltr' id='par_1_7' title="bbox 0 0 1302 4980">
     <span class='ocr_line' id='line_1_38' title="bbox 0 0 1302 4980; baseline 0 1"><span class='ocrx_word' id='word_1_295' title='bbox 0 0 1302 4980; x_wconf 95' lang='lat' dir='ltr'> </span> 
     </span>
    </p>
   </div>
  </div>
 </body>
</html>
