2594 4980
145 725 192 798 88
315 731 385 798 JO.
412 729 758 799 FREINSHEMII
790 729 1037 799 SUPPLEM.

143 848 275 915 audacis
291 851 325 913 in
341 850 557 915 humilitatem
570 866 723 916 vertatur.
740 850 839 932 Quod
855 851 950 914 etiam
969 848 1199 940 Carthaginien·
1291 879 1297 883 ··

143 950 234 1016 sibus
256 966 328 1014 tum
348 951 506 1039 contigit:
525 974 629 1038 quum
647 952 734 1015 enim
747 950 935 1039 aliquandiu
951 951 1040 1015 taciti
1055 952 1136 1015 mala
1149 974 1197 1015 sua
1289 993 1297 1002 -

142 1053 423 1134 considerassent,
438 1053 662 1142 indignatione
682 1053 848 1144 deposita,
869 1076 944 1118 cum
966 1054 1094 1142 ploratu
1112 1069 1145 1118 et
1160 1054 1196 1118 la·

142 1156 260 1244 crymis
279 1157 381 1219 vicem
402 1165 493 1219 suam
516 1155 760 1242 liberorumque
779 1170 811 1219 et
832 1155 1009 1244 conjugum
1027 1151 1195 1233 dedebant,

141 1258 308 1345 ipsiusque
328 1258 451 1346 patriae,
473 1273 506 1320 et
523 1257 623 1337 hanc,
638 1257 730 1344 quasi
748 1255 952 1336 audientem,
973 1254 1106 1318 nomine
1118 1253 1196 1318 inro-

141 1359 266 1423 cabant
282 1361 326 1424 At
338 1382 416 1424 vero
427 1356 607 1423 sacerdotes
618 1357 775 1422 vocabula
788 1380 954 1421 sacrorum
968 1356 1193 1443 numinumque
1292 1391 1293 1397 κ

142 1463 241 1542 ciere,
257 1463 334 1550 ipsis
351 1484 499 1549 qnoque,
514 1476 668 1550 tanquam
684 1460 915 1549 presentibus,
931 1480 1140 1523 communem
1152 1457 1195 1520 iu·
1290 1495 1295 1498 ·

140 1564 273 1628 teritum
294 1563 506 1650 exprobrare3
523 1563 710 1650 mixtusque
727 1578 760 1626 et
781 1561 970 1625 miserabilis
990 1561 1098 1625 luctus
1119 1579 1197 1622 nunc
1291 1579 1294 1587 ’

140 1665 279 1752 privatas
302 1665 517 1746 calamitates,
541 1687 630 1729 nunc
651 1664 821 1752 publicas,
838 1663 1097 1752 deplorantium,
1120 1663 1202 1752 ipsos
1284 1681 1296 1696 ·

141 1786 275 1852 quoque
293 1766 457 1829 Romanos
477 1765 621 1829 hostium
641 1765 822 1829 infortunio
843 1764 1033 1852 illacrymari
1049 1775 1204 1854 coegerat.

105 1902 111 1913 ·
141 1866 318 1948 Consules,
336 1883 369 1931 et
393 1867 454 1954 ipsi
476 1889 586 1930 rerum
608 1865 826 1931 humanarum
847 1866 996 1931 instabile
1020 1867 1123 1931 fatum
1148 1887 1213 1957 ge*

141 1984 284 2051 mentes,
298 1991 410 2035 severo
428 1985 536 2036 tamen
553 1968 645 2035 vultu
660 1965 759 2034 finem
776 1985 808 2034 et
825 1967 946 2034 horum
963 1983 1139 2057 questuum
1155 1983 1221 2032 ex·

143 2056 325 2161 pectabant
673 2114 680 2129 ,
1074 2098 1077 2107 ·

186 2172 309 2240 XVIII.
331 2175 448 2241 Poenos
470 2177 547 2258 ubi,
569 2176 717 2240 lamentis
738 2175 901 2263 paulisper
922 2173 1141 2254 cctsantihus,
1156 2179 1232 2235 reb

142 2271 213 2359 ipsa
227 2294 293 2337 suae
307 2278 403 2341 sortis
420 2277 610 2358 admonuit,
625 2276 742 2340 urbem
753 2292 964 2350 exarmatam,
979 2275 1089 2364 copias
1098 2272 1240 2338 dome‘

142 2373 235 2437 sticas
255 2376 366 2459 exiles,
385 2379 517 2443 sociales
540 2378 662 2458 nullas,
679 2400 721 2441 ne
740 2393 868 2466 tempus
889 2375 1024 2465 quidem
1041 2391 1098 2441 aut
1115 2381 1243 2463 sper!1

141 2476 358 2563 parandarum
374 2501 462 2561 esse,
476 2494 590 2542 contra
606 2477 726 2542 liberos
739 2500 833 2560 suos,
848 2501 955 2560 arma,
971 2499 1087 2566 agrum
1101 2476 1138 2539 iu
1152 2489 1250 2563 ptr

141 2580 255 2642 testate
271 2578 437 2653 hostium,
454 2582 676 2642 Romanorum
691 2580 834 2657 navalem
850 2579 1100 2669 pedestremque
1116 2593 1254 2642 exer‘

141 2676 243 2742 citum
252 2679 286 2742 in
299 2679 419 2760 oculis,
431 2678 632 2742 Masinissam
645 2681 680 2742 in
693 2680 865 2762 lateribus,
877 2679 1258 2769 reputantes30miss9

140 2779 263 2844 invidia
287 2781 517 2866 tumultuque,
538 2779 674 2844 infirmis
694 2779 904 2845 adversorum
924 2780 1256 2864 solatiis,-itenm1

81 2910 86 2920 ·
140 2881 182 2947 ad
202 2905 313 2971 preces
340 2881 576 2970 confugerunt5
601 2898 649 2964 et,
676 2883 732 2970 qui
755 2884 962 2970 praesentium
987 2882 1264 2947 nobilissimae

141 3000 228 3066 erat,
247 2987 366 3049 Hanno
386 3000 605 3071 cognomento
627 2982 741 3066 Gillas,
763 2983 933 3071 impetrata
952 2981 1081 3048 dicendi
1097 2984 1195 3047 venia
1214 3014 1261 3057 9

139 3088 183 3151 ita
198 3088 296 3175 coepit
312 3109 320 3149 ε
337 3084 526 3171 «Siquidem
542 3084 657 3149 iisdem
669 3085 709 3148 de
723 3085 820 3148 rebus
834 3085 950 3148 iterare
962 3107 1151 3149 sermonem
1164 3086 1262 3150 fas·

142 3205 234 3269 «est,
250 3209 318 3251 non
337 3208 397 3275 ego
414 3185 454 3248 de
468 3185 541 3263 jure
553 3186 722 3249 vobiscum
737 3186 947 3268 contendam,
962 3187 1119 3270 Romani;
1134 3199 1261 3252 nan

142 3321 155 3347 a
166 3288 201 3354 id
216 3288 350 3377 quidem
369 3287 629 3375 intempestivum
648 3303 697 3350 est
712 3287 836 3350 miseris
855 3310 862 3351 :
878 3286 935 3352 sed
951 3303 1081 3380 tantum
1098 3304 1262 3354 osten‘

144 3390 258 3472 «dam,
273 3391 300 3453 si
315 3386 532 3452 misericordia
547 3389 650 3451 velitis
668 3389 731 3469 uti,
752 3388 833 3452 nihil
847 3404 964 3476 praeter
980 3390 1145 3454 rationem
1161 3407 1265 3455 at‘

141 3515 229 3581 «que
254 3490 409 3554 decorum
434 3489 575 3554 factiuns
598 3512 676 3554 esse.
702 3490 770 3553 Nos
793 3490 880 3554 enirn
906 3489 1020 3554 Aiticae
1040 3492 1260 3577 quondan!

143 3628 156 3653 a
168 3594 331 3680 marisque
346 3591 490 3672 domini,
509 3615 611 3680 quum
623 3592 792 3657 vobiscum
806 3590 848 3654 de
862 3591 998 3678 imperio
1014 3591 1074 3656 diu
1091 3609 1264 3659 certas!

144 3729 157 3755 a
167 3716 291 3774 semus,
309 3717 327 3757 a
343 3693 493 3782 Scipione
509 3694 602 3776 victi,
618 3694 770 3773 classem,
789 3692 997 3780 elephantos,
1013 3694 1138 3759 tributa
1153 3696 1270 3761 de‘

144 3830 157 3855 «
166 3795 274 3861 dimus
289 3818 297 3860 t
311 3817 370 3881 per
382 3794 459 3859 deos
471 3796 580 3884 igitur,
592 3796 732 3882 quitum
743 3794 839 3874 jurati
851 3810 947 3874 sunt,
959 3795 1084 3881 parcite
1096 3797 1195 3861 nobis
1224 3832 1272 3868 q

142 3896 288 3987 «parcite
316 3897 407 3959 famae
432 3896 611 3983 Scipionis,
636 3919 699 3976 ne,
721 3896 826 3958 socios
854 3912 886 3958 et
911 3897 1031 3960 amicos
1053 3899 1271 3964 Romania

143 4032 157 4057 a
167 3997 444 4086 Carthaginienses
458 4000 545 4078 fore,
555 3998 635 4061 falso
644 3995 813 4076 furaverit:
824 4018 930 4082 neque
941 3996 1030 4060 enim
1038 4013 1104 4074 est,
1118 3985 1272 4086 quod

142 4132 156 4158 «
166 4114 279 4165 contra
291 4099 396 4164 lindus
409 4099 497 4164 istud
512 4098 764 4188 peccaverimus,
780 4096 929 4177 tulimus,
944 4096 1116 4181 dedimus,
1130 4099 1270 4164 ieci‘

142 4233 158 4263 ι
169 4224 257 4278 mus,
276 4202 461 4282 omisimus,
479 4197 638 4288 quidquid
658 4197 713 4261 illo
733 4196 1006 4284 comprehensum
1024 4197 1107 4278 fuit3
1126 4220 1264 4286 proe‘

141 4336 156 4362 ι
166 4320 253 4370 terea
268 4302 420 4368 adversus
437 4319 500 4366 tres
516 4322 623 4389 reges,
637 4296 720 4368 duos
736 4295 952 4379 Macedoniae,
968 4319 1074 4362 uuum
1091 4298 1206 4387 Syriae
1229 4333 1258 4369 2

176 4494 564 4565 sumpturos-appan.
