2594 4980
132 674 207 760 oss
302 664 1025 753 Jornemsnnuusnrrusst.

136 801 177 865 da
189 802 314 892 legibus
329 805 447 868 scelera
464 807 577 895 populi
593 826 772 872 consensus
783 802 957 893 evigilaret
968 804 1074 869 Erant
1084 802 1125 869 iu
1138 824 1226 871 cou-

139 906 209 969 sule
222 907 398 994 Calpurnio
419 909 528 971 multae
545 930 736 998 magumque
755 905 901 993 corporis
918 920 951 969 et
968 904 1072 969 animi
1095 904 1222 986 dotes,

129 1007 190 1070 nisi
206 1009 336 1072 avaritia
352 1027 663 1097 corrumperentur:
679 1007 929 1095 compatiens
940 1006 1216 1097 laborum,pro·

128 1107 222 1172 vidus
234 1158 243 1189 ‚
257 1109 412 1200 impiger,
429 1111 552 1174 bellum
566 1112 683 1177 acriter
695 1108 838 1201 parabat.
854 1110 922 1173 lam
940 1130 982 1173 ne
993 1124 1115 1175 senatu
1123 1128 1216 1199 qm

127 1207 204 1274 dem
215 1228 405 1294 cunctante,
417 1215 593 1291 exercitus,
608 1214 712 1304 quiin
721 1211 862 1277 Africam
871 1226 1072 1300 portaretur,
1085 1210 1216 1277 scribi·

128 1326 198 1391 tur3
209 1311 419 1399 stipendium,
433 1331 465 1377 et
475 1316 549 1398 alia,
561 1337 634 1404 quae
644 1314 732 1381 bello
741 1314 816 1378 usui
826 1314 948 1395 forent,
962 1312 1211 1379 decernuntur.

172 1412 263 1477 XIX.
288 1415 365 1477 llaec
385 1415 442 1477 ubi
468 1417 636 1504 Jugurthae
655 1417 753 1505 longe
776 1415 853 1497 alia,
876 1436 974 1503 quam
996 1430 1213 1503 speraverat,

127 1513 220 1576 allata
239 1530 316 1577 sunt
335 1515 431 1600 (nam
449 1533 565 1580 cuncta
583 1518 695 1582 llomae
718 1517 842 1581 venalia
861 1538 931 1581 esse
947 1538 1009 1606 pro
1029 1532 1213 1605 comperto

127 1613 322 1702 habuerat);
347 1618 460 1696 majori
492 1634 583 1682 metu
610 1633 802 1707 correptus,
829 1616 957 1699 filium,
984 1631 1018 1681 et
1044 1632 1213 1706 preterea

126 1714 210 1779 duos
234 1718 414 1782 amicorum
437 1719 477 1782 ad
500 1736 649 1784 senatum
675 1719 785 1784 mittit.
806 1720 865 1785 llis
885 1739 1018 1808 quoque
1038 1736 1213 1809 pmcepta

18 1897 25 1915 ¹
128 1815 240 1881 eadem
257 1817 347 1900 data,
365 1844 437 1907 quae
451 1839 545 1886 antea
559 1822 614 1903 iis,
626 1844 710 1911 qnos
725 1821 908 1908 Hiempsale
923 1820 1095 1885 interfecto
1112 1820 1210 1913 legu-

126 1936 232 2001 rerat,
245 1935 283 1989 ut
304 1922 557 2011 quibuscunque
575 1921 760 1989 volentibus
782 1923 927 2010 accipere
944 1920 1121 2010 pecuniam
1137 1922 1211 1987 lar-

126 2023 284 2111 girentur.
302 2024 366 2087 Sed
383 2026 489 2089 irritas
505 2025 672 2114 iugurthae
690 2022 823 2088 iusidias
841 2021 1008 2113 diligentia
1028 2022 1211 2111 Calpurnii

126 2124 269 2188 consulis
287 2125 414 2190 effecit:
429 2127 503 2214 qui,
521 2127 702 2215 legatorum
720 2124 834 2189 audito
854 2121 1016 2205 adventu,
1031 2125 1210 2193 consuluit

31 2254 39 2269 κ
125 2242 294 2307 senatum,
310 2232 443 2315 reepme
463 2226 615 2291 moem'bus
632 2226 753 2314 legatos
765 2225 937 2312 Iugurthae
952 2224 1128 2314 plastem?
1141 2228 1207 2293 so-

126 2344 220 2392 natus
239 2329 399 2411 decrevit,
413 2333 475 2393 nisi
486 2352 616 2417 regnum
631 2331 792 2419 iusumque
804 2328 945 2392 dedt'tum
963 2330 1135 2409 mariscot,
1155 2334 1214 2397 uti

125 2433 160 2494 io
175 2432 281 2495 diebus
287 2436 445 2520 proximis
457 2433 562 2495 decem
572 2430 674 2496 ltalia
688 2429 881 2493 decederent.

167 2534 241 2598 XX.
266 2535 318 2598 Sic
332 2535 395 2614 illi,
409 2535 506 2598 rebus
519 2532 662 2614 infectis,
671 2530 809 2596 domum
822 2545 1041 2595 revertuntur.
1055 2530 1206 2612 Consul,

126 2635 268 2699 exercitu
284 2637 586 2722 commeatibusque
601 2634 737 2723 paratis,
756 2632 842 2722 legat
856 2632 919 2697 sibi
932 2632 1083 2697 homines
1100 2632 1205 2699 nobi·

126 2734 194 2817 les,
218 2736 380 2826 principes
406 2735 611 2817 lactionum,
638 2756 755 2826 magua
779 2734 813 2798 in
840 2750 955 2799 senatu
984 2733 1206 2815 auctoritate,

127 2861 268 2926 quorum
285 2838 422 2925 opibus,
437 2861 509 2924 quae
531 2836 737 2925 deliquisset,
754 2834 885 2900 defendi
906 2856 1003 2923 posse
1017 2833 1206 2909 arbitraba-

126 2954 202 3003 tur:
220 2940 254 3002 in
277 2939 326 3001 his
353 2955 385 3003 et
408 2940 452 3002 Μ.
473 2938 626 3002 AEmilius
649 2938 789 3002 Scaurus
814 2937 893 3018 fuit,
914 2938 1023 3001 vireo
1046 2937 1204 3029 ingenio,

125 3040 231 3128 iisque
248 3040 412 3119 moribus,
428 3040 555 3127 qualem
573 3060 671 3128 supra
690 3037 929 3126 descripsimus.
949 3040 998 3103 lta
1012 3039 1203 3128 legionibus

123 3162 183 3228 per
200 3141 323 3204 ltaliam
341 3140 504 3227 Rhegium
529 3138 696 3219 deductis,
713 3137 790 3202 inde
810 3139 844 3202 in
864 3140 1021 3223 Siciliam,
1040 3156 1140 3229 atque
1159 3166 1203 3209 ex

123 3243 228 3305 Sicilia
246 3243 281 3304 in
296 3242 437 3304 Al'rimm
456 3240 676 3327 transpositis,
691 3240 808 3304 acriter
825 3239 1015 3307 Numidiam
1031 3242 1202 3332 ingressus

125 3358 192 3421 est,
212 3342 396 3427 multosque
414 3342 576 3427 captivos,
589 3336 688 3430 atque
707 3342 805 3406 etiam
821 3342 920 3408 urbes
940 3344 1066 3433 aliquot
1082 3344 1118 3408 in
1133 3367 1201 3434 po-

124 3458 275 3507 testatem
289 3442 424 3531 redegit.

169 3545 259 3609 XXl.
276 3545 454 3634 Iugurtha,
468 3543 524 3607 ubi
538 3560 656 3633 prater
670 3545 943 3634 exspectationem
958 3569 1048 3612 arma
1061 3569 1201 3613 romans

123 3646 157 3710 in
172 3668 292 3735 regno,
307 3662 340 3709 et
353 3647 437 3709 serio
453 3645 574 3711 bellum
589 3647 657 3737 geri
671 3645 776 3728 ridet,
788 3644 829 3710 ad
843 3648 951 3713 solitas
965 3636 1048 3713 artes
1063 3670 1200 3713 conver·

123 3771 196 3832 sus,
215 3748 336 3838 legatos
353 3749 394 3812 ad
411 3750 578 3814 consulem
593 3749 710 3832 mittit,
722 3748 946 3815 difficultatem
962 3751 1102 3839 suscepti
1118 3750 1200 3817 belli

123 3851 270 3933 ostendi,
287 3853 439 3941 pecunias
459 3853 569 3916 offerri
581 3850 686 3934 jubet.
704 3851 835 3934 Quibus
853 3874 914 3939 pro
934 3851 1034 3916 animi
1051 3851 1103 3916 sui
1114 3850 1199 3919 vitiu

122 3953 215 4017 facile
226 3969 427 4042 expugnatus
438 3954 564 4035 consul,
572 3954 606 4017 in
615 3952 803 4018 societatem
815 3954 1026 4021 consiliorum
1035 3954 1196 4019 Scaurum

123 4052 289 4118 adsciscit:
307 4073 405 4141 atque
426 4056 469 4134 is,
488 4055 562 4118 licet
576 4055 754 4120 acerrimus
769 4070 864 4119 antea
882 4055 966 4144 regis
986 4068 1199 4143 oppugnator

121 4153 253 4234 luisset,
266 4155 491 4244 magnitudine
508 4154 665 4222 mercedis
681 4154 723 4221 ad
742 4156 942 4221 oblivionem
958 4155 1104 4244 pristinae
1119 4156 1196 4244 gra-

122 4256 228 4319 vitatis
245 4257 405 4320 adductus
420 4274 478 4321 est.
493 4258 590 4322 Nulla
607 4280 657 4322 res
677 4258 816 4339 majores
831 4254 983 4322 Numidte
1004 4256 1132 4320 animos
1144 4254 1196 4321 la·

156 4430 282 4497 sxvtu.
294 4436 327 4483 U.
339 4435 367 4481 C.
383 4436 447 4491 6413
462 4437 493 4483 A.
508 4435 536 4484 C.
552 4449 609 4483 tn.
625 4460 654 4475 -
667 4434 765 4485 Sallust.
779 4432 914 4485 -Ciciu
925 4434 1085 4499 Brutumq-
