2594 4980
120 668 185 762 isa
281 666 717 743 serenissiman
749 624 1000 741 soricen.
1042 634 1053 661 “

113 830 125 854 t
139 797 215 886 perii
227 796 321 859 vestri
332 843 341 873 ,
358 794 414 857 sed
428 795 512 856 fame
523 814 560 856 ac
574 793 762 855 necessitate
778 804 932 881 cogente,
948 810 1040 855 erma
1052 810 1113 855 nos
1125 790 1171 854 in·

115 930 128 956 a
138 899 263 978 ‹luisse3
278 919 345 984 quo
360 895 528 974 alimenta,
546 916 619 981 qaia>
633 893 728 957 nobis
745 893 878 957 aricim
892 908 925 956 ct
940 891 1170 980 consanguinea

116 1015 234 1090 «gente
252 999 464 1087 dene-gantur,
485 992 617 1083 quando
636 1014 695 1082 per
712 994 887 1058 amicitiam
898 992 999 1083 potiri
1023 1014 1091 1057 non
1105 1014 1170 1082 pos·

115 1122 269 1179 «sumus,
290 1099 321 1161 vi
343 1114 601 1183 extorqueamus.
625 1096 740 1183 Neque
760 1096 787 1159 si
808 1095 883 1159 belli
903 1095 969 1159 ulla
984 1094 1073 1175 juste
1088 1116 1170 1159 unsa

117 1216 204 1281 «est,
225 1201 293 1263 aliis
313 1200 409 1263 armis
426 1199 544 1262 rectius
561 1198 725 1286 ignoscas,
742 1219 840 1285 quarn
858 1218 930 1284 quc
948 1197 1040 1261 nulla
1058 1195 1171 1285 imperii

116 1317 193 1366 «aut
206 1324 306 1389 opum
321 1300 489 1388 cupidine,
501 1299 729 1364 tantummodo
743 1300 877 1363 extremi
888 1298 976 1363 exitii
987 1296 1170 1389 prohibendi

115 1409 237 1492 «gratia
257 1403 406 1466 sumitur.
430 1402 552 1464 Natura
571 1402 679 1482 enim,
697 1424 769 1491 quae
786 1422 895 1465 rerum
917 1400 1069 1466 omnium
1084 1414 1170 1464 mter

118 1521 237 1592 satque
252 1503 384 1566 domina
393 1518 457 1583 est,
470 1502 545 1567 ideo
559 1503 713 1567 nimirum
729 1518 817 1593 tanta
829 1502 961 1592 frugum
978 1502 1075 1591 copis
1085 1514 1169 1566 terra

118 1607 261 1693 «aliquas
276 1605 406 1686 ditavit,
421 1620 458 1668 ut
471 1604 587 1668 exinde
602 1605 760 1669 sterilitati
772 1605 906 1669 aliarum
920 1605 1074 1668 solatium
1087 1618 1170 1682 eom,

119 1739 131 1764 tt
145 1725 176 1771 et
187 1709 316 1796 populi,
331 1728 414 1794 quos
425 1708 492 1794 ipsa
504 1707 685 1795 genuisset,
695 1705 945 1769 necessariarum
956 1724 1069 1768 rerum
1076 1700 1170 1789 inopia

119 1810 272 1872 ninterire
290 1831 332 1871 ne
349 1818 553 1897 cogerentur.
569 1807 680 1871 Multis
695 1806 760 1886 jam
783 1806 825 1869 ab
839 1806 949 1886 annis,
965 1803 1077 1892 inopia
1095 1822 1170 1867 com·

119 1926 308 1973 «meatuum
331 1909 496 1972 incursare
519 1909 717 1996 provinciam
744 1916 882 1971 vestram
906 1904 1014 1986 soliti,
1037 1922 1170 1992 magnam

118 2036 292 2104 «agrorum
309 2030 431 2102 partem
443 2014 636 2078 vastavimus
650 2037 657 2078 :
673 2036 788 2103 magna
798 2030 889 2101 pars,
904 2024 995 2077 metu
1007 2010 1169 2089 cultorum,

118 2118 245 2181 «otiosa
267 2118 370 2196 jacet,
394 2116 565 2179 remotiora
587 2136 739 2202 quoque,
761 2137 828 2201 quo
844 2136 905 2177 nos
930 2126 1099 2201 penetrare
1116 2126 1169 2172 non

120 2241 333 2305 «possumus,
347 2241 364 2280 a
378 2220 493 2282 vestris
507 2232 540 2281 et
553 2217 717 2280 sociorum
736 2214 928 2280 exercitibus
940 2211 1169 2277 exhauriuntur.

118 2321 268 2382 «Horum
286 2342 350 2381 non
373 2320 544 2382 maximam
558 2319 740 2406 portionem
756 2318 782 2381 si
800 2317 894 2380 nobis
911 2312 1115 2378 incolendam
1126 2308 1169 2373 dc·

118 2419 266 2499 «dentis,
290 2420 356 2499 jam
382 2421 491 2483 omnia
516 2421 584 2482 lraec
609 2418 692 2482 bella
723 2420 906 2507 quiescent,
929 2432 1043 2504 pacata
1062 2412 1170 2501 fidique

117 2550 130 2574 «ι
140 2520 304 2607 provincia
325 2521 417 2583 vobis
441 2523 516 2600 erit,
535 2536 568 2583 et
587 2520 637 2582 his
661 2520 883 2608 apparatibus,
903 2517 962 2581 ubi
983 2516 1059 2605 plus
1083 2510 1169 2604 glor'a

118 2621 414 2707 «praemiorumque
431 2621 613 2707 apparebit,
631 2621 778 2684 utemini.

164 2722 315 2785 xxvtll.
331 2752 343 2776 «
356 2724 469 2809 Neque
479 2724 656 2812 gratantum
669 2723 703 2785 id
714 2720 908 2785 beneficium
920 2719 1106 2807 poscimus:
1117 2732 1171 2802 qut

120 2822 208 2884 «sola
237 2823 393 2885 babemus
420 2844 556 2910 corpora
582 2826 680 2910 alque
704 2834 812 2903 arma,
835 2819 1005 2885 offerimus
1035 2818 1174 2889 invicem,

119 2954 132 2977 «
141 2920 359 3011 omnibusque
377 2924 471 3011 bellis·
485 2924 599 2987 testris
620 2922 737 2985 fortem
759 2920 923 3007 fidamque
944 2942 1079 3009 operam
1096 2936 1178 2983 natt-

120 3023 259 3086 «bimus.
272 3024 308 3085 ld
319 3023 411 3085 vobis
424 3023 534 3085 utilius
547 3022 626 3100 erit,
639 3043 736 3108 quarn
749 3040 807 3108 per
816 3019 921 3084 invios
933 3035 1065 3085 montes
1078 3034 1183 3110 pecora

121 3136 253 3185 «nostra
276 3122 447 3208 consequi,
472 3130 504 3183 et
522 3137 578 3183 aut
595 3119 714 3184 difficili
733 3118 818 3184 bello
839 3120 960 3186 multos
979 3114 1070 3187 vlr‘os
1095 3122 1186 3187 fort&

120 3224 308 3299 «amittere,
324 3239 398 3301 aut,
418 3221 542 3283 etiamsi
557 3222 690 3285 victoria
705 3224 835 3311 quaesita
851 3224 909 3303 sit,
928 3223 1011 3288 nihil
1027 3222 1105 3289 inde
1115 3242 1192 3312 prr

122 3337 195 3384 «ter
216 3344 315 3384 vanos
336 3321 447 3383 titulos
469 3336 502 3384 et
525 3321 653 3386 inanem
677 3324 882 3412 triumphum
905 3340 1085 3413 reportate.
1103 3326 1197 3389 Seu·

124 3422 233 3510 aginta
252 3421 390 3507 amplius
409 3422 486 3484 anni
506 3440 601 3505 sunt,
620 3446 658 3487 ex
672 3447 758 3512 quo,
775 3426 876 3513 pulsis
899 3418 1055 3515 Hispania
1070 3426 1200 3496 rona,

125 3523 267 3585 «nostris
287 3522 481 3586 exercitibus
504 3523 708 3612 ducibusque
728 3528 817 3615 signa
842 3529 992 3591 conferre
1013 3528 1203 3619 coepimus²

123 3640 218 3708 «quae
233 3638 302 3685 toto
313 3645 351 3685 eo
367 3638 513 3712 tempore
523 3644 657 3690 casuum
666 3628 802 3691 varietas
814 3628 928 3708 luerit,
940 3638 1207 3693 commemorare

124 3724 231 3787 «nihil
248 3725 361 3787 attinet
377 3748 384 3788 :
405 3726 468 3788 hoc
482 3727 596 3814 utique
613 3740 704 3790 wirto
727 3728 882 3816 temporis
899 3730 1126 3816 experilnento
1141 3750 1210 3793 co*

124 3827 260 3914 agnosci
278 3826 400 3912 potuit,
418 3844 547 3914 gentem
567 3828 738 3891 lusitanam
757 3844 865 3915 neque
886 3822 1030 3892 exscindi
1050 3828 1210 3899 facilem.

125 3949 255 4014 «neque
269 3928 389 3990 servitii
400 3929 575 4015 patientem
589 3950 668 3994 esse.
685 3930 833 4016 Denique
847 3929 894 3994 sic
911 3929 1082 4012 habetote,
1100 3930 1210 3995 liber

125 4040 248 4092 «tatem
272 4028 366 4090 nubis
384 4029 446 4091 vita
469 4029 667 4112 dulciorem,
693 4030 733 4095 ad
755 4031 852 4094 vitam
875 4048 974 4118 porro
995 4022 1210 4099 ducendam

124 4160 137 4184 r
148 4152 225 4215 agro
241 4141 273 4192 et
288 4128 435 4215 frugibus
457 4152 542 4217 opus
563 4152 631 4195 esse
650 4156 657 4196 :
676 4133 744 4196 haec
762 4134 788 4197 si
807 4133 1000 4213 tribueritis,
1018 4132 1106 4197 illam
1122 4126 1210 4195 reli·

125 4230 281 4316 «queritis
310 4230 477 4312 intactam,
504 4230 565 4293 diis
592 4233 675 4296 bene
701 4233 905 4314 juvantibus,
934 4231 1130 4312 efficiemus,
1155 4238 1210 4292 ne

128 4337 247 4415 «quern
264 4331 426 4393 sociorum
443 4347 627 4398 vestrorum
643 4332 707 4399 fide
723 4351 821 4427 atque
839 4335 958 4400 virtute
976 4351 1051 4400 ante
1070 4332 1205 4401 Lusita·

128 4460 140 4488 »τ
150 4452 209 4495 nos
226 4452 295 4495 esse
311 4430 500 4518 opinemini.
511 4464 522 4488 ν
603 4518 606 4525 ⁴
