2594 4980
307 689 360 756 ru
391 662 504 755 coe.
533 688 626 753 me.
655 687 800 753 nxvu
830 687 1038 785 inviam.
1139 688 1207 762 525

141 824 415 875 exsternaverunt.
443 808 647 886 Confestim,
673 820 712 869 ut
739 822 852 871 eontra
880 808 1002 872 iustans
1026 812 1209 898 periculum

140 911 432 976 consultationibus
449 910 586 990 habitis,
606 908 675 971 tlies
692 908 873 973 loedissImte
892 909 990 973 cladis
1007 911 1134 999 (pridie
1147 936 1209 979 no·

141 1040 196 1078 nas
213 1012 364 1078 octobres
383 1012 471 1097 erat)
485 1029 521 1074 ut
535 1012 620 1074 inter
632 1026 719 1073 atros
733 1009 908 1092 habeatur,
923 1009 1119 1077 decernitur.

184 1117 275 1178 XIII.
295 1117 336 1196 Q.
355 1114 505 1194 Servilio,
527 1114 620 1193 cujus
639 1112 820 1174 temeritate
839 1110 972 1199 perditae
988 1136 1039 1177 res
1058 1116 1207 1194 bierunt,

141 1217 257 1279 frustra
280 1217 409 1303 culpam
431 1216 464 1277 in
488 1216 654 1278 fortunam
679 1215 881 1293 conferenti,
904 1216 1018 1302 populi
1037 1215 1130 1294 jussu
1146 1218 1209 1282 im·

140 1319 284 1404 perium,
307 1319 414 1406 primo
437 1333 510 1404 post
536 1316 751 1404 Tarquinium
768 1337 895 1405 regem,
912 1318 1105 1407 abrogatum
1123 1319 1210 1384 bona

143 1420 372 1505 publicantur:
399 1418 495 1482 datur
516 1419 683 1508 negotium
701 1418 737 1481 P.
754 1418 876 1482 Rutilio
893 1421 1036 1501 consuli,
1054 1437 1091 1483 ut
1107 1442 1209 1486 novos

141 1520 284 1582 delectus
304 1518 431 1583 habeat.
451 1519 521 1582 Ida
538 1521 608 1582 viro
625 1521 887 1608 praestantissimo
904 1521 1117 1586 intentissima
1133 1546 1209 1586 cura

141 1622 338 1702 lactimtum,
352 1621 440 1684 nulla
453 1644 488 1684 re
503 1622 679 1708 praeterita,
694 1644 765 1708 quae
785 1623 836 1684 vel
851 1621 890 1684 acl
909 1622 1093 1712 cogendum
1109 1644 1209 1689 novas

140 1723 264 1810 coplas,
276 1725 327 1786 vel
339 1722 378 1785 ad
394 1723 610 1787 exercendum
624 1741 707 1787 esset
719 1725 817 1788 utilis.
829 1726 911 1788 Nam
928 1740 960 1788 et
973 1723 1096 1808 fitium,
1110 1728 1209 1792 credo

141 1827 181 1906 Q.
191 1825 310 1888 Metelli
325 1825 528 1912 imperatoris
545 1827 595 1888 sui
609 1825 792 1913 exemplum
809 1841 983 1913 sequutus,
996 1850 1099 1914 quum
1115 1828 1208 1891 s'alvis

140 1928 264 2015 legibus
289 1926 409 1989 habere
433 1927 467 1988 in
493 1927 710 1990 contubernio
727 1936 853 2012 posset,
873 1927 905 1988 in
928 1927 1056 2016 legione
1072 1927 1207 1992 militem

141 2030 235 2092 lecit:
254 2045 286 2091 et
302 2050 369 2115 quo
391 2029 507 2108 tironi,
526 2027 679 2092 adversus
700 2026 891 2092 durissimos
912 2030 1208 2095 exercitatissimos·

141 2153 204 2216 que
227 2131 337 2192 hostes
361 2148 565 2219 pugnaturo,
589 2131 661 2217 plus
684 2128 827 2192 audaciae
847 2146 879 2193 et
901 2154 980 2195 usus
1002 2146 1105 2213 esset,
1131 2135 1208 2196 nori

140 2233 258 2318 reperti
285 2248 418 2307 auctor,
446 2233 585 2296 evocatis
611 2233 734 2296 lanistis
760 2254 778 2294 e
806 2231 902 2314 ludo,
932 2256 1030 2321 quem
1056 2234 1208 2298 Aurelius

140 2335 277 2396 Scaurus
295 2333 479 2397 adolescens
500 2333 682 2398 aerlilitatem
698 2336 860 2422 petiturus
875 2334 1036 2424 insignem
1051 2334 1209 2417 habebat,

140 2436 256 2499 milites
280 2436 401 2499 vitandi
422 2453 519 2524 atque
539 2437 700 2500 inserendi
723 2439 805 2499 ictus
829 2436 1031 2500 subtiIIorem
1050 2439 1207 2503 rationem

140 2537 261 2600 docuit.

184 2640 269 2701 XIV.
298 2640 369 2701 Iloc
398 2639 528 2701 initium
556 2637 842 2723 Campidoctorum
871 2637 904 2698 in
936 2636 1129 2700 exercitibus
1153 2660 1207 2701 ro·

141 2740 241 2800 manis
267 2739 349 2817 tuit,
376 2741 431 2824 qui
459 2738 671 2824 sequentibus
703 2736 905 2823 temporibus
935 2738 1034 2825 vulgo
1061 2736 1208 2801 adbiberi

138 2855 398 2900 consueverunt:
416 2855 447 2900 et
464 2839 509 2901 sic
526 2838 661 2901 eflectus
677 2836 729 2898 ille
745 2838 902 2900 exercitus
920 2853 985 2918 est,
1002 2838 1059 2926 qui
1078 2854 1204 2925 postea,

140 2943 176 3002 C.
186 2941 289 3002 Mario
302 2940 455 3019 «lucente,
466 2955 623 3002 terrorem
634 2939 787 3025 Europae,
799 2936 966 3018 Cimbros,
977 2940 1207 3027 Teutonesque

139 3041 285 3104 horribili
305 3039 394 3104 clade
413 3039 594 3129 prostravit.
615 3038 754 3102 Marium
772 3040 877 3119 enim,
894 3040 1042 3102 confecta
1058 3062 1206 3105 commo·

139 3142 217 3205 ‹lum
232 3143 396 3230 provincia
413 3139 584 3221 Numidia,
602 3141 750 3229 regisque
766 3140 933 3229 Iugurthae
947 3141 1129 3227 captivitate
1142 3142 1206 3205 ela-

138 3246 294 3307 rissimum
313 3246 431 3307 famam
446 3243 617 3330 adeptum,
635 3257 788 3328 tanquam
805 3242 940 3305 unicum
956 3242 1130 3305 laborantis
1145 3243 1206 3306 im·

138 3348 216 3431 perii
233 3346 419 3433 praesidium
436 3345 577 3432 populus
594 3364 749 3407 romanus
763 3342 963 3431 respiciebat.
981 3344 1139 3406 Caetemm
1156 3344 1207 3408 lex

138 3448 267 3523 oberat,
289 3464 321 3510 ct
344 3470 416 3534 quae
438 3445 538 3508 creari
561 3444 729 3508 absentem
753 3444 944 3524 consulem,
971 3460 1003 3506 et
1025 3458 1098 3530 quae
1118 3444 1206 3509 refici

140 3548 221 3609 intra
241 3546 436 3611 ‹lecennium
455 3546 593 3609 vetabat.

182 3649 252 3709 XV.
269 3648 333 3711 Sed
355 3630 563 3735 praesentium
589 3661 773 3731 tempotum
800 3644 972 3707 necessitas
994 3643 1091 3725 vicit,
1114 3659 1206 3707 etue

138 3771 187 3812 res
207 3750 342 3811 omnino
360 3772 443 3812 nova
460 3749 643 3824 videretur,
663 3766 768 3831 nuper
784 3745 878 3807 etiam
896 3743 931 3806 P.
948 3745 1119 3807 Cornelius
1135 3766 1205 3807 car·

137 3851 347 3939 tlraginicnsis
372 3850 464 3929 belli,
489 3872 565 3912 mox
591 3848 709 3909 iterum
735 3846 918 3908 numantini
942 3866 1055 3925 causa,
1078 3846 1204 3909 solutus

138 3954 260 4042 legibus
283 3954 398 4014 fuerat.
420 3951 629 4013 Cimbrorum
645 3948 780 4010 victoria
796 3945 953 4034 trepidam
968 3948 1093 4010 Italiam
1110 3947 1204 4010 etiam

137 4055 263 4117 serviles
284 4067 392 4115 motus
412 4053 475 4114 boe
493 4072 580 4114 anno
602 4063 855 4127 concusserunt3
876 4049 991 4128 majori
1014 4064 1121 4110 tamen
1138 4062 1203 4112 ter·

168 4278 184 4340 §¹
199 4281 268 4327 xttt.
284 4280 365 4322 Front.
377 4276 450 4321 strar.
462 4274 507 4324 tv.
525 4287 546 4317 1.
562 4297 596 4305 -
606 4270 688 4317 Valet.
701 4270 804 4317 Maxim.
815 4270 855 4324 ll,
872 4268 895 4317 3.
905 4268 1034 4329 -Vegcu
1047 4268 1090 4327 II,
1108 4268 1151 4317 23.
1169 4296 1201 4306 -·

134 4361 232 4421 §XIIX
248 4360 303 4408 Sall.
317 4357 431 4420 Iugurtb.
450 4383 484 4393 -
502 4357 593 4401 Jrrsrn.
610 4352 778 4407 sat.V111,v.
792 4353 849 4399 250.
872 4379 900 4387 --
917 4351 968 4398 Cic.
982 4369 1028 4414 pre
1047 4352 1099 4415 lege
1115 4354 1202 4404 Manil.

136 4462 156 4486 c.
169 4460 200 4488 ¹ro
269 4445 331 4490 Iler.
344 4444 394 4495 ttt,
406 4442 429 4487 l.
447 4467 477 4475 -
489 4438 550 4485 I'lut
564 4437 590 4482 in
604 4438 667 4484 Mar.
679 4453 700 4484 c.
715 4437 753 4482 ιδ’.
