<?xml version="1.0" encoding="UTF-8"?>
<!DOCTYPE html PUBLIC "-//W3C//DTD XHTML 1.0 Transitional//EN"
    "http://www.w3.org/TR/xhtml1/DTD/xhtml1-transitional.dtd">
<html xmlns="http://www.w3.org/1999/xhtml" xml:lang="en" lang="en">
 <head>
  <title>
</title>
<meta http-equiv="Content-Type" content="text/html;charset=utf-8" />
  <meta name='ocr-system' content='tesseract 3.04.00' />
  <meta name='ocr-capabilities' content='ocr_page ocr_carea ocr_par ocr_line ocrx_word'/>
</head>
<body>
  <div class='ocr_page' id='page_1' title='image "./titusliviuspata00freigoog_0413.png"; bbox 0 0 2594 4980; ppageno 0'>
   <div class='ocr_carea' id='block_1_1' title="bbox 114 668 1113 787">
    <p class='ocr_par' dir='ltr' id='par_1_1' title="bbox 114 668 1113 787">
     <span class='ocr_line' id='line_1_1' title="bbox 114 668 1113 787; baseline -0.007 -18"><span class='ocrx_word' id='word_1_1' title='bbox 114 700 186 787; x_wconf 64' lang='lat' dir='ltr'><strong>tat</strong></span> <span class='ocrx_word' id='word_1_2' title='bbox 290 698 360 767; x_wconf 88' lang='grc' dir='ltr'><strong>ιο.</strong></span> <span class='ocrx_word' id='word_1_3' title='bbox 386 668 1008 768; x_wconf 76' lang='lat' dir='ltr'><strong>rnnthn-ntt&#39;ttsurrunst</strong></span> <span class='ocrx_word' id='word_1_4' title='bbox 1110 712 1113 719; x_wconf 96' lang='lat'>·</span> 
     </span>
    </p>
   </div>
   <div class='ocr_carea' id='block_1_2' title="bbox 112 814 1288 3353">
    <p class='ocr_par' dir='ltr' id='par_1_2' title="bbox 112 814 1246 1523">
     <span class='ocr_line' id='line_1_2' title="bbox 113 814 1196 909; baseline -0.004 -22"><span class='ocrx_word' id='word_1_5' title='bbox 113 819 262 902; x_wconf 78' lang='lat' dir='ltr'><strong>laudata,</strong></span> <span class='ocrx_word' id='word_1_6' title='bbox 277 836 335 883; x_wconf 81' lang='lat' dir='ltr'><strong>aut</strong></span> <span class='ocrx_word' id='word_1_7' title='bbox 350 820 547 909; x_wconf 88' lang='lat' dir='ltr'><strong>reprehensa</strong></span> <span class='ocrx_word' id='word_1_8' title='bbox 563 840 650 899; x_wconf 91' lang='lat' dir='ltr'><strong>esse,</strong></span> <span class='ocrx_word' id='word_1_9' title='bbox 661 830 904 907; x_wconf 78' lang='lat' dir='ltr'><strong>compererunt.</strong></span> <span class='ocrx_word' id='word_1_10' title='bbox 919 814 1030 899; x_wconf 87' lang='lat' dir='ltr'><strong>Quem</strong></span> <span class='ocrx_word' id='word_1_11' title='bbox 1041 836 1196 883; x_wconf 72' lang='lat' dir='ltr'><strong>mm</strong></span> 
     </span>
     <span class='ocr_line' id='line_1_3' title="bbox 114 919 1194 1013; baseline -0.003 -25"><span class='ocrx_word' id='word_1_12' title='bbox 114 944 198 1013; x_wconf 78' lang='lat' dir='ltr'><strong>sepe</strong></span> <span class='ocrx_word' id='word_1_13' title='bbox 207 921 332 1012; x_wconf 78' lang='lat' dir='ltr'><strong>magnis</strong></span> <span class='ocrx_word' id='word_1_14' title='bbox 343 923 509 1010; x_wconf 86' lang='lat' dir='ltr'><strong>suppliciis</strong></span> <span class='ocrx_word' id='word_1_15' title='bbox 522 923 612 986; x_wconf 90' lang='lat' dir='ltr'><strong>luere</strong></span> <span class='ocrx_word' id='word_1_16' title='bbox 621 919 943 1013; x_wconf 66' lang='lat' dir='ltr'><strong>cogiturltumsuum</strong></span> <span class='ocrx_word' id='word_1_17' title='bbox 953 932 1194 1009; x_wconf 70' lang='lat' dir='ltr'><strong>geumeqeum</strong></span> 
     </span>
     <span class='ocr_line' id='line_1_4' title="bbox 114 1020 1246 1113; baseline -0.002 -24"><span class='ocrx_word' id='word_1_18' title='bbox 114 1024 202 1089; x_wconf 90' lang='lat' dir='ltr'><strong>enim</strong></span> <span class='ocrx_word' id='word_1_19' title='bbox 224 1024 372 1113; x_wconf 82' lang='lat' dir='ltr'><strong>plerique</strong></span> <span class='ocrx_word' id='word_1_20' title='bbox 391 1025 564 1112; x_wconf 82' lang='lat' dir='ltr'><strong>scriptores</strong></span> <span class='ocrx_word' id='word_1_21' title='bbox 583 1022 793 1089; x_wconf 75' lang='lat' dir='ltr'><strong>histor&#39;nrttm</strong></span> <span class='ocrx_word' id='word_1_22' title='bbox 808 1020 981 1086; x_wconf 74' lang='lat' dir='ltr'><strong>ambitiose</strong></span> <span class='ocrx_word' id='word_1_23' title='bbox 996 1036 1032 1085; x_wconf 89' lang='lat' dir='ltr'><strong>et</strong></span> <span class='ocrx_word' id='word_1_24' title='bbox 1044 1020 1195 1087; x_wconf 75' lang='lat' dir='ltr'><strong>violem</strong></span> <span class='ocrx_word' id='word_1_25' title='bbox 1242 1064 1246 1073; x_wconf 90' lang='lat'><em>·</em></span> 
     </span>
     <span class='ocr_line' id='line_1_5' title="bbox 113 1120 1195 1215; baseline -0.005 -22"><span class='ocrx_word' id='word_1_26' title='bbox 113 1126 281 1199; x_wconf 77' lang='lat' dir='ltr'><strong>modestice</strong></span> <span class='ocrx_word' id='word_1_27' title='bbox 291 1143 448 1215; x_wconf 87' lang='lat' dir='ltr'><strong>rectoque</strong></span> <span class='ocrx_word' id='word_1_28' title='bbox 460 1127 602 1191; x_wconf 90' lang='lat' dir='ltr'><strong>multum</strong></span> <span class='ocrx_word' id='word_1_29' title='bbox 613 1120 1195 1215; x_wconf 77' lang='lat' dir='ltr'><strong>anteponant,etquemirificisprte·</strong></span> 
     </span>
     <span class='ocr_line' id='line_1_6' title="bbox 112 1226 1194 1317; baseline -0.004 -22"><span class='ocrx_word' id='word_1_30' title='bbox 112 1231 216 1295; x_wconf 90' lang='lat' dir='ltr'><strong>oouiis</strong></span> <span class='ocrx_word' id='word_1_31' title='bbox 239 1230 397 1310; x_wconf 83' lang='lat' dir='ltr'><strong>efferant,</strong></span> <span class='ocrx_word' id='word_1_32' title='bbox 420 1228 461 1309; x_wconf 78' lang='lat' dir='ltr'><strong>ad</strong></span> <span class='ocrx_word' id='word_1_33' title='bbox 486 1253 557 1317; x_wconf 83' lang='lat' dir='ltr'><strong>quae</strong></span> <span class='ocrx_word' id='word_1_34' title='bbox 580 1229 725 1317; x_wconf 81' lang='lat' dir='ltr'><strong>alioquin</strong></span> <span class='ocrx_word' id='word_1_35' title='bbox 748 1226 931 1293; x_wconf 79' lang='lat' dir='ltr'><strong>humanum</strong></span> <span class='ocrx_word' id='word_1_36' title='bbox 954 1226 1145 1317; x_wconf 81' lang='lat' dir='ltr'><strong>ingenium,</strong></span> <span class='ocrx_word' id='word_1_37' title='bbox 1160 1227 1194 1293; x_wconf 86' lang='lat' dir='ltr'><strong>si</strong></span> 
     </span>
     <span class='ocr_line' id='line_1_7' title="bbox 112 1327 1193 1445; baseline -0.003 -47"><span class='ocrx_word' id='word_1_38' title='bbox 112 1332 291 1424; x_wconf 88' lang='lat' dir='ltr'><strong>potentiam</strong></span> <span class='ocrx_word' id='word_1_39' title='bbox 306 1331 454 1412; x_wconf 85' lang='lat' dir='ltr'><strong>adjicias,</strong></span> <span class='ocrx_word' id='word_1_40' title='bbox 469 1333 566 1395; x_wconf 85' lang='lat' dir='ltr'><strong>nimis</strong></span> <span class='ocrx_word' id='word_1_41' title='bbox 582 1330 725 1420; x_wconf 80' lang='lat' dir='ltr'><strong>proclive</strong></span> <span class='ocrx_word' id='word_1_42' title='bbox 739 1345 807 1395; x_wconf 88' lang='lat' dir='ltr'><strong>est·</strong></span> <span class='ocrx_word' id='word_1_43' title='bbox 796 1328 906 1419; x_wconf 89' lang='lat' dir='ltr'><strong>,quid</strong></span> <span class='ocrx_word' id='word_1_44' title='bbox 921 1328 1095 1445; x_wconf 75' lang='lat' dir='ltr'><strong>miramur,</strong></span> <span class='ocrx_word' id='word_1_45' title='bbox 1106 1327 1137 1393; x_wconf 93' lang='lat' dir='ltr'><strong>si</strong></span> <span class='ocrx_word' id='word_1_46' title='bbox 1148 1350 1193 1395; x_wconf 83' lang='lat' dir='ltr'><strong>es</strong></span> 
     </span>
     <span class='ocr_line' id='line_1_8' title="bbox 112 1430 1203 1591; baseline -0.001 -93"><span class='ocrx_word' id='word_1_47' title='bbox 112 1434 197 1499; x_wconf 80' lang='lat' dir='ltr'><strong>facte</strong></span> <span class='ocrx_word' id='word_1_48' title='bbox 217 1456 295 1499; x_wconf 90' lang='lat' dir='ltr'><strong>cum</strong></span> <span class='ocrx_word' id='word_1_49' title='bbox 320 1436 470 1499; x_wconf 83' lang='lat' dir='ltr'>mercede</span> <span class='ocrx_word' id='word_1_50' title='bbox 495 1432 579 1497; x_wconf 90' lang='lat' dir='ltr'><strong>fiunt</strong></span> <span class='ocrx_word' id='word_1_51' title='bbox 588 1455 713 1521; x_wconf 75' lang='lat' dir='ltr'><strong>„quoe</strong></span> <span class='ocrx_word' id='word_1_52' title='bbox 730 1454 826 1523; x_wconf 81' lang='lat' dir='ltr'><strong>poena</strong></span> <span class='ocrx_word' id='word_1_53' title='bbox 845 1454 981 1521; x_wconf 88' lang='lat' dir='ltr'><strong>quoque</strong></span> <span class='ocrx_word' id='word_1_54' title='bbox 999 1430 1203 1591; x_wconf 70' lang='lat' dir='ltr'><strong>gravissime.</strong></span> 
     </span>
    </p>

    <p class='ocr_par' dir='ltr' id='par_1_3' title="bbox 112 1532 1288 1623">
     <span class='ocr_line' id='line_1_9' title="bbox 112 1532 1288 1623; baseline -0.001 -25"><span class='ocrx_word' id='word_1_55' title='bbox 112 1533 282 1623; x_wconf 69' lang='lat' dir='ltr'><strong>predicta,</strong></span> <span class='ocrx_word' id='word_1_56' title='bbox 298 1536 351 1599; x_wconf 85' lang='lat' dir='ltr'><strong>vix</strong></span> <span class='ocrx_word' id='word_1_57' title='bbox 367 1551 401 1598; x_wconf 86' lang='lat' dir='ltr'><strong>et</strong></span> <span class='ocrx_word' id='word_1_58' title='bbox 415 1557 499 1623; x_wconf 82' lang='lat' dir='ltr'><strong>aegre</strong></span> <span class='ocrx_word' id='word_1_59' title='bbox 512 1532 764 1601; x_wconf 77' lang='lat' dir='ltr'><strong>omitterentur?</strong></span> <span class='ocrx_word' id='word_1_60' title='bbox 1285 1540 1288 1553; x_wconf 94' lang='lat'>&#39;</span> 
     </span>
    </p>

    <p class='ocr_par' dir='ltr' id='par_1_4' title="bbox 112 1582 1284 2948">
     <span class='ocr_line' id='line_1_10' title="bbox 156 1582 1191 1725; baseline 0 -25"><span class='ocrx_word' id='word_1_61' title='bbox 156 1637 193 1701; x_wconf 90' lang='lat' dir='ltr'><strong>L.</strong></span> <span class='ocrx_word' id='word_1_62' title='bbox 218 1636 318 1723; x_wconf 84' lang='lat' dir='ltr'><strong>Atqui</strong></span> <span class='ocrx_word' id='word_1_63' title='bbox 343 1659 409 1700; x_wconf 88' lang='lat' dir='ltr'><strong>non</strong></span> <span class='ocrx_word' id='word_1_64' title='bbox 433 1637 544 1724; x_wconf 88' lang='lat' dir='ltr'><strong>potior</strong></span> <span class='ocrx_word' id='word_1_65' title='bbox 565 1636 646 1702; x_wconf 86' lang='lat' dir='ltr'><strong>alius</strong></span> <span class='ocrx_word' id='word_1_66' title='bbox 667 1635 813 1702; x_wconf 70' lang='grc' dir='ltr'>ιιιιιοιιω</span> <span class='ocrx_word' id='word_1_67' title='bbox 834 1635 962 1701; x_wconf 85' lang='lat' dir='ltr'><strong>fructus</strong></span> <span class='ocrx_word' id='word_1_68' title='bbox 983 1650 1071 1718; x_wconf 79' lang='lat' dir='ltr'><strong>eret,</strong></span> <span class='ocrx_word' id='word_1_69' title='bbox 1086 1582 1191 1725; x_wconf 73' lang='lat' dir='ltr'><strong>quam</strong></span> 
     </span>
     <span class='ocr_line' id='line_1_11' title="bbox 112 1724 1191 1855; baseline 0.002 -55"><span class='ocrx_word' id='word_1_70' title='bbox 112 1753 170 1814; x_wconf 82' lang='lat' dir='ltr'><strong>ut,</strong></span> <span class='ocrx_word' id='word_1_71' title='bbox 188 1737 364 1826; x_wconf 89' lang='lat' dir='ltr'><strong>propositis</strong></span> <span class='ocrx_word' id='word_1_72' title='bbox 384 1738 481 1803; x_wconf 89' lang='lat' dir='ltr'><strong>bonis</strong></span> <span class='ocrx_word' id='word_1_73' title='bbox 503 1739 661 1827; x_wconf 84' lang='lat' dir='ltr'><strong>malisque</strong></span> <span class='ocrx_word' id='word_1_74' title='bbox 674 1724 849 1855; x_wconf 75' lang='lat' dir='ltr'><strong>exemplis,</strong></span> <span class='ocrx_word' id='word_1_75' title='bbox 868 1737 1020 1801; x_wconf 81' lang='lat' dir='ltr'><strong>homines</strong></span> <span class='ocrx_word' id='word_1_76' title='bbox 1036 1752 1191 1802; x_wconf 77' lang='grc' dir='ltr'>ιιιιιιιιιιιι</span> 
     </span>
     <span class='ocr_line' id='line_1_12' title="bbox 113 1837 1191 1931; baseline 0.001 -29"><span class='ocrx_word' id='word_1_77' title='bbox 113 1854 349 1928; x_wconf 87' lang='lat' dir='ltr'><strong>utrorumque,</strong></span> <span class='ocrx_word' id='word_1_78' title='bbox 364 1862 561 1928; x_wconf 87' lang='lat' dir='ltr'><strong>causasque,</strong></span> <span class='ocrx_word' id='word_1_79' title='bbox 582 1856 616 1906; x_wconf 89' lang='lat' dir='ltr'><strong>et</strong></span> <span class='ocrx_word' id='word_1_80' title='bbox 636 1840 769 1931; x_wconf 68' lang='lat' dir='ltr'><strong>pramis</strong></span> <span class='ocrx_word' id='word_1_81' title='bbox 790 1837 970 1914; x_wconf 85' lang='lat' dir='ltr'><strong>intuendo,</strong></span> <span class='ocrx_word' id='word_1_82' title='bbox 990 1860 1058 1903; x_wconf 86' lang='lat' dir='ltr'><strong>uon</strong></span> <span class='ocrx_word' id='word_1_83' title='bbox 1077 1838 1191 1903; x_wconf 87' lang='lat' dir='ltr'><strong>solum</strong></span> 
     </span>
     <span class='ocr_line' id='line_1_13' title="bbox 113 1938 1190 2028; baseline 0.004 -25"><span class='ocrx_word' id='word_1_84' title='bbox 113 1962 133 2003; x_wconf 79' lang='lat' dir='ltr'><strong>a</strong></span> <span class='ocrx_word' id='word_1_85' title='bbox 144 1938 301 2003; x_wconf 75' lang='lat' dir='ltr'><strong>confessis</strong></span> <span class='ocrx_word' id='word_1_86' title='bbox 311 1942 415 2028; x_wconf 68' lang='lat' dir='ltr'><strong>titiis,</strong></span> <span class='ocrx_word' id='word_1_87' title='bbox 432 1941 601 2007; x_wconf 88' lang='lat' dir='ltr'><strong>sedetiam</strong></span> <span class='ocrx_word' id='word_1_88' title='bbox 617 1940 736 2007; x_wconf 77' lang='lat' dir='ltr'><strong>tfulsis</strong></span> <span class='ocrx_word' id='word_1_89' title='bbox 748 1941 925 2005; x_wconf 83' lang='lat' dir='ltr'><strong>virtutibus</strong></span> <span class='ocrx_word' id='word_1_90' title='bbox 935 1938 1190 2007; x_wconf 79' lang='lat' dir='ltr'><strong>abducerentur.</strong></span> 
     </span>
     <span class='ocr_line' id='line_1_14' title="bbox 113 2040 1192 2133; baseline 0.003 -28"><span class='ocrx_word' id='word_1_91' title='bbox 113 2040 200 2106; x_wconf 83' lang='lat' dir='ltr'><strong>Fieri</strong></span> <span class='ocrx_word' id='word_1_92' title='bbox 220 2041 309 2106; x_wconf 87' lang='lat' dir='ltr'><strong>euim</strong></span> <span class='ocrx_word' id='word_1_93' title='bbox 333 2064 401 2107; x_wconf 87' lang='lat' dir='ltr'><strong>uun</strong></span> <span class='ocrx_word' id='word_1_94' title='bbox 420 2060 547 2132; x_wconf 89' lang='lat' dir='ltr'><strong>potest,</strong></span> <span class='ocrx_word' id='word_1_95' title='bbox 571 2043 653 2132; x_wconf 89' lang='lat' dir='ltr'><strong>quin</strong></span> <span class='ocrx_word' id='word_1_96' title='bbox 670 2044 729 2133; x_wconf 89' lang='lat' dir='ltr'><strong>qui</strong></span> <span class='ocrx_word' id='word_1_97' title='bbox 743 2045 907 2109; x_wconf 76' lang='lat' dir='ltr'><strong>variarum</strong></span> <span class='ocrx_word' id='word_1_98' title='bbox 929 2042 1082 2133; x_wconf 75' lang='lat' dir='ltr'><strong>gentium·</strong></span> <span class='ocrx_word' id='word_1_99' title='bbox 1097 2056 1192 2131; x_wconf 72' lang='lat' dir='ltr'><strong>gestu</strong></span> 
     </span>
     <span class='ocr_line' id='line_1_15' title="bbox 114 2142 1190 2236; baseline 0.002 -29"><span class='ocrx_word' id='word_1_100' title='bbox 114 2164 274 2233; x_wconf 76' lang='lat' dir='ltr'><strong>meusque</strong></span> <span class='ocrx_word' id='word_1_101' title='bbox 289 2142 469 2232; x_wconf 84' lang='lat' dir='ltr'><strong>prudenter</strong></span> <span class='ocrx_word' id='word_1_102' title='bbox 485 2146 684 2236; x_wconf 79' lang='lat' dir='ltr'><strong>recogitant,</strong></span> <span class='ocrx_word' id='word_1_103' title='bbox 697 2168 754 2229; x_wconf 79' lang='lat' dir='ltr'><strong>es,</strong></span> <span class='ocrx_word' id='word_1_104' title='bbox 770 2168 844 2235; x_wconf 79' lang='lat' dir='ltr'><strong>quae</strong></span> <span class='ocrx_word' id='word_1_105' title='bbox 857 2168 942 2234; x_wconf 76' lang='lat' dir='ltr'><strong>sepe</strong></span> <span class='ocrx_word' id='word_1_106' title='bbox 955 2167 976 2209; x_wconf 81' lang='lat' dir='ltr'><strong>s</strong></span> <span class='ocrx_word' id='word_1_107' title='bbox 991 2144 1118 2235; x_wconf 77' lang='lat' dir='ltr'><strong>maguis</strong></span> <span class='ocrx_word' id='word_1_108' title='bbox 1133 2166 1190 2209; x_wconf 83' lang='lat' dir='ltr'><strong>re·</strong></span> 
     </span>
     <span class='ocr_line' id='line_1_16' title="bbox 114 2241 1190 2336; baseline 0.005 -30"><span class='ocrx_word' id='word_1_109' title='bbox 114 2241 210 2332; x_wconf 70' lang='lat' dir='ltr'><strong>gibus</strong></span> <span class='ocrx_word' id='word_1_110' title='bbox 234 2244 432 2334; x_wconf 82' lang='lat' dir='ltr'><strong>populisque</strong></span> <span class='ocrx_word' id='word_1_111' title='bbox 457 2247 731 2331; x_wconf 87' lang='lat' dir='ltr'><strong>committuntur,</strong></span> <span class='ocrx_word' id='word_1_112' title='bbox 752 2269 851 2336; x_wconf 88' lang='lat' dir='ltr'><strong>quam</strong></span> <span class='ocrx_word' id='word_1_113' title='bbox 876 2247 985 2311; x_wconf 74' lang='lat' dir='ltr'><strong>inanis</strong></span> <span class='ocrx_word' id='word_1_114' title='bbox 1006 2262 1040 2310; x_wconf 89' lang='lat' dir='ltr'><strong>et</strong></span> <span class='ocrx_word' id='word_1_115' title='bbox 1064 2246 1190 2311; x_wconf 75' lang='lat' dir='ltr'><strong>iucem</strong></span> 
     </span>
     <span class='ocr_line' id='line_1_17' title="bbox 115 2344 1192 2438; baseline 0 -28"><span class='ocrx_word' id='word_1_116' title='bbox 115 2345 199 2427; x_wconf 88' lang='lat' dir='ltr'><strong>sint,</strong></span> <span class='ocrx_word' id='word_1_117' title='bbox 220 2344 484 2434; x_wconf 86' lang='lat' dir='ltr'><strong>deprehendant,</strong></span> <span class='ocrx_word' id='word_1_118' title='bbox 502 2363 668 2438; x_wconf 84' lang='lat' dir='ltr'><strong>quamque</strong></span> <span class='ocrx_word' id='word_1_119' title='bbox 683 2348 766 2413; x_wconf 78' lang='lat' dir='ltr'><strong>falso</strong></span> <span class='ocrx_word' id='word_1_120' title='bbox 783 2364 817 2413; x_wconf 92' lang='lat' dir='ltr'><strong>et</strong></span> <span class='ocrx_word' id='word_1_121' title='bbox 835 2347 1017 2436; x_wconf 78' lang='lat' dir='ltr'><strong>perniciose</strong></span> <span class='ocrx_word' id='word_1_122' title='bbox 1032 2346 1120 2411; x_wconf 82' lang='lat' dir='ltr'><strong>bona</strong></span> <span class='ocrx_word' id='word_1_123' title='bbox 1133 2369 1192 2436; x_wconf 79' lang='lat' dir='ltr'><strong>ap·</strong></span> 
     </span>
     <span class='ocr_line' id='line_1_18' title="bbox 114 2447 1190 2541; baseline 0.001 -29"><span class='ocrx_word' id='word_1_124' title='bbox 114 2448 287 2538; x_wconf 86' lang='lat' dir='ltr'><strong>pellentur.</strong></span> <span class='ocrx_word' id='word_1_125' title='bbox 322 2449 359 2516; x_wconf 95' lang='lat' dir='ltr'><strong>Id</strong></span> <span class='ocrx_word' id='word_1_126' title='bbox 390 2473 524 2539; x_wconf 89' lang='lat' dir='ltr'><strong>quoque</strong></span> <span class='ocrx_word' id='word_1_127' title='bbox 554 2449 763 2517; x_wconf 81' lang='lat' dir='ltr'><strong>consideratu</strong></span> <span class='ocrx_word' id='word_1_128' title='bbox 789 2448 946 2541; x_wconf 82' lang='lat' dir='ltr'><strong>dignum,</strong></span> <span class='ocrx_word' id='word_1_129' title='bbox 970 2465 1004 2514; x_wconf 86' lang='lat' dir='ltr'><strong>et</strong></span> <span class='ocrx_word' id='word_1_130' title='bbox 1032 2447 1190 2513; x_wconf 71' lang='lat' dir='ltr'><strong>edemus</strong></span> 
     </span>
     <span class='ocr_line' id='line_1_19' title="bbox 112 2552 1284 2643; baseline 0.002 -29"><span class='ocrx_word' id='word_1_131' title='bbox 112 2570 229 2616; x_wconf 78' lang='lat' dir='ltr'><strong>vanam</strong></span> <span class='ocrx_word' id='word_1_132' title='bbox 248 2553 359 2643; x_wconf 82' lang='lat' dir='ltr'><strong>gloriae</strong></span> <span class='ocrx_word' id='word_1_133' title='bbox 378 2554 589 2642; x_wconf 83' lang='lat' dir='ltr'><strong>cupiditatem</strong></span> <span class='ocrx_word' id='word_1_134' title='bbox 610 2552 724 2619; x_wconf 76' lang='lat' dir='ltr'><strong>efficat</strong></span> <span class='ocrx_word' id='word_1_135' title='bbox 743 2569 810 2635; x_wconf 87' lang='lat' dir='ltr'><strong>est,</strong></span> <span class='ocrx_word' id='word_1_136' title='bbox 832 2575 901 2617; x_wconf 91' lang='lat' dir='ltr'><strong>non</strong></span> <span class='ocrx_word' id='word_1_137' title='bbox 924 2574 1021 2641; x_wconf 81' lang='lat' dir='ltr'><strong>opera</strong></span> <span class='ocrx_word' id='word_1_138' title='bbox 1042 2566 1191 2616; x_wconf 79' lang='lat' dir='ltr'><strong>tautum·</strong></span> <span class='ocrx_word' id='word_1_139' title='bbox 1281 2590 1284 2595; x_wconf 60' lang='lat'><em>&gt;</em></span> 
     </span>
     <span class='ocr_line' id='line_1_20' title="bbox 113 2653 1191 2774; baseline 0.001 -58"><span class='ocrx_word' id='word_1_140' title='bbox 113 2653 214 2718; x_wconf 88' lang='lat' dir='ltr'><strong>modo</strong></span> <span class='ocrx_word' id='word_1_141' title='bbox 231 2655 423 2736; x_wconf 87' lang='lat' dir='ltr'><strong>hominum,</strong></span> <span class='ocrx_word' id='word_1_142' title='bbox 441 2656 524 2721; x_wconf 89' lang='lat' dir='ltr'><strong>sed</strong></span> <span class='ocrx_word' id='word_1_143' title='bbox 515 2680 619 2774; x_wconf 75' lang='lat' dir='ltr'><strong>ipsam</strong></span> <span class='ocrx_word' id='word_1_144' title='bbox 634 2680 751 2723; x_wconf 90' lang='lat' dir='ltr'><strong>eorum</strong></span> <span class='ocrx_word' id='word_1_145' title='bbox 764 2656 956 2722; x_wconf 75' lang='lat' dir='ltr'><strong>memoriam</strong></span> <span class='ocrx_word' id='word_1_146' title='bbox 963 2656 1191 2744; x_wconf 86' lang='lat' dir='ltr'><strong>,plerumque</strong></span> 
     </span>
     <span class='ocr_line' id='line_1_21' title="bbox 114 2756 1189 2849; baseline 0.005 -32"><span class='ocrx_word' id='word_1_147' title='bbox 114 2770 147 2818; x_wconf 88' lang='lat' dir='ltr'><strong>ct</strong></span> <span class='ocrx_word' id='word_1_148' title='bbox 164 2756 231 2821; x_wconf 88' lang='lat' dir='ltr'><strong>cito</strong></span> <span class='ocrx_word' id='word_1_149' title='bbox 247 2759 459 2840; x_wconf 79' lang='lat' dir='ltr'><strong>intercidere,</strong></span> <span class='ocrx_word' id='word_1_150' title='bbox 479 2777 512 2825; x_wconf 90' lang='lat' dir='ltr'><strong>et.</strong></span> <span class='ocrx_word' id='word_1_151' title='bbox 529 2760 563 2823; x_wconf 91' lang='lat' dir='ltr'><strong>itt</strong></span> <span class='ocrx_word' id='word_1_152' title='bbox 584 2761 654 2849; x_wconf 81' lang='lat' dir='ltr'><strong>ipss</strong></span> <span class='ocrx_word' id='word_1_153' title='bbox 666 2759 804 2826; x_wconf 78' lang='lat' dir='ltr'><strong>historia</strong></span> <span class='ocrx_word' id='word_1_154' title='bbox 820 2758 1008 2847; x_wconf 84' lang='lat' dir='ltr'><strong>frequentes</strong></span> <span class='ocrx_word' id='word_1_155' title='bbox 1024 2756 1068 2822; x_wconf 90' lang='lat' dir='ltr'><strong>de</strong></span> <span class='ocrx_word' id='word_1_156' title='bbox 1081 2756 1189 2822; x_wconf 84' lang='lat' dir='ltr'><strong>histo·</strong></span> 
     </span>
     <span class='ocr_line' id='line_1_22' title="bbox 114 2855 641 2976; baseline 0.014 -56"><span class='ocrx_word' id='word_1_157' title='bbox 114 2855 236 2921; x_wconf 79' lang='lat' dir='ltr'><strong>riarum</strong></span> <span class='ocrx_word' id='word_1_158' title='bbox 251 2858 386 2924; x_wconf 86' lang='lat' dir='ltr'><strong>interitu</strong></span> <span class='ocrx_word' id='word_1_159' title='bbox 400 2862 547 2976; x_wconf 80' lang='lat' dir='ltr'><strong>querelas</strong></span> <span class='ocrx_word' id='word_1_160' title='bbox 560 2882 641 2927; x_wconf 82' lang='lat' dir='ltr'><strong>esse.</strong></span> 
     </span>
    </p>

    <p class='ocr_par' dir='ltr' id='par_1_5' title="bbox 115 2958 1190 3353">
     <span class='ocr_line' id='line_1_23' title="bbox 159 2958 1190 3053; baseline 0.004 -32"><span class='ocrx_word' id='word_1_161' title='bbox 159 2958 211 3023; x_wconf 90' lang='lat' dir='ltr'><strong>LI</strong></span> <span class='ocrx_word' id='word_1_162' title='bbox 227 2961 310 3043; x_wconf 79' lang='lat' dir='ltr'><strong>Quat</strong></span> <span class='ocrx_word' id='word_1_163' title='bbox 326 2962 437 3026; x_wconf 87' lang='lat' dir='ltr'><strong>omnia</strong></span> <span class='ocrx_word' id='word_1_164' title='bbox 456 2986 514 3049; x_wconf 82' lang='lat' dir='ltr'><strong>qut</strong></span> <span class='ocrx_word' id='word_1_165' title='bbox 505 2964 626 3051; x_wconf 87' lang='lat' dir='ltr'><strong>&#39;plane</strong></span> <span class='ocrx_word' id='word_1_166' title='bbox 640 2964 803 3053; x_wconf 87' lang='lat' dir='ltr'><strong>pleneque</strong></span> <span class='ocrx_word' id='word_1_167' title='bbox 820 2961 1060 3051; x_wconf 80' lang='lat' dir='ltr'><strong>perspexerint,</strong></span> <span class='ocrx_word' id='word_1_168' title='bbox 1075 2959 1190 3025; x_wconf 79' lang='lat' dir='ltr'><strong>abesse</strong></span> 
     </span>
     <span class='ocr_line' id='line_1_24' title="bbox 117 3060 1189 3157; baseline 0.003 -37"><span class='ocrx_word' id='word_1_169' title='bbox 117 3081 184 3122; x_wconf 84' lang='lat' dir='ltr'><strong>nott</strong></span> <span class='ocrx_word' id='word_1_170' title='bbox 203 3063 341 3148; x_wconf 83' lang='lat' dir='ltr'><strong>poterit,</strong></span> <span class='ocrx_word' id='word_1_171' title='bbox 358 3066 457 3149; x_wconf 89' lang='lat' dir='ltr'><strong>quin,</strong></span> <span class='ocrx_word' id='word_1_172' title='bbox 473 3086 675 3151; x_wconf 89' lang='lat' dir='ltr'><strong>quocunque</strong></span> <span class='ocrx_word' id='word_1_173' title='bbox 692 3065 778 3128; x_wconf 85' lang='lat' dir='ltr'><strong>inter</strong></span> <span class='ocrx_word' id='word_1_174' title='bbox 793 3063 944 3127; x_wconf 90' lang='lat' dir='ltr'><strong>homines</strong></span> <span class='ocrx_word' id='word_1_175' title='bbox 957 3062 992 3157; x_wconf 75' lang='lat' dir='ltr'><strong>itt</strong></span> <span class='ocrx_word' id='word_1_176' title='bbox 1007 3060 1083 3129; x_wconf 83' lang='lat' dir='ltr'><strong>loco</strong></span> <span class='ocrx_word' id='word_1_177' title='bbox 1099 3061 1189 3141; x_wconf 86' lang='lat' dir='ltr'><strong>sint,</strong></span> 
     </span>
     <span class='ocr_line' id='line_1_25' title="bbox 115 3158 1188 3254; baseline 0.005 -32"><span class='ocrx_word' id='word_1_178' title='bbox 115 3158 277 3247; x_wconf 88' lang='lat' dir='ltr'><strong>quidquid</strong></span> <span class='ocrx_word' id='word_1_179' title='bbox 296 3178 410 3251; x_wconf 79' lang='lat' dir='ltr'><strong>agant,</strong></span> <span class='ocrx_word' id='word_1_180' title='bbox 433 3180 593 3229; x_wconf 87' lang='lat' dir='ltr'><strong>rectorem</strong></span> <span class='ocrx_word' id='word_1_181' title='bbox 610 3165 759 3229; x_wconf 88' lang='lat' dir='ltr'><strong>omnium</strong></span> <span class='ocrx_word' id='word_1_182' title='bbox 779 3164 888 3229; x_wconf 89' lang='lat' dir='ltr'><strong>Deum</strong></span> <span class='ocrx_word' id='word_1_183' title='bbox 909 3164 1071 3254; x_wconf 79' lang='lat' dir='ltr'><strong>cogitent,</strong></span> <span class='ocrx_word' id='word_1_184' title='bbox 1087 3161 1188 3227; x_wconf 88' lang='grc' dir='ltr'>ιιιιιιι·</span> 
     </span>
     <span class='ocr_line' id='line_1_26' title="bbox 116 3261 1189 3353; baseline 0.004 -30"><span class='ocrx_word' id='word_1_185' title='bbox 116 3282 181 3345; x_wconf 92' lang='lat' dir='ltr'><strong>que</strong></span> <span class='ocrx_word' id='word_1_186' title='bbox 196 3261 258 3324; x_wconf 87' lang='lat' dir='ltr'><strong>sibi</strong></span> <span class='ocrx_word' id='word_1_187' title='bbox 275 3264 326 3325; x_wconf 87' lang='lat' dir='ltr'><strong>vel</strong></span> <span class='ocrx_word' id='word_1_188' title='bbox 342 3262 383 3326; x_wconf 90' lang='lat' dir='ltr'><strong>ad</strong></span> <span class='ocrx_word' id='word_1_189' title='bbox 396 3261 526 3326; x_wconf 82' lang='lat' dir='ltr'><strong>laudem</strong></span> <span class='ocrx_word' id='word_1_190' title='bbox 542 3263 769 3353; x_wconf 85' lang='lat' dir='ltr'><strong>magnificum,</strong></span> <span class='ocrx_word' id='word_1_191' title='bbox 785 3266 837 3330; x_wconf 78' lang='lat' dir='ltr'><strong>vel</strong></span> <span class='ocrx_word' id='word_1_192' title='bbox 852 3263 894 3329; x_wconf 83' lang='lat' dir='ltr'><strong>ed</strong></span> <span class='ocrx_word' id='word_1_193' title='bbox 909 3264 1093 3329; x_wconf 77' lang='lat' dir='ltr'><strong>felicitatem</strong></span> <span class='ocrx_word' id='word_1_194' title='bbox 1106 3264 1189 3328; x_wconf 87' lang='lat' dir='ltr'><strong>utile</strong></span> 
     </span>
    </p>
   </div>
   <div class='ocr_carea' id='block_1_3' title="bbox 2 3361 1189 3455">
    <p class='ocr_par' dir='ltr' id='par_1_6' title="bbox 2 3361 1189 3455">
     <span class='ocr_line' id='line_1_27' title="bbox 2 3361 1189 3455; baseline 0.007 -32"><span class='ocrx_word' id='word_1_195' title='bbox 2 3384 7 3397; x_wconf 95' lang='lat'>·</span> <span class='ocrx_word' id='word_1_196' title='bbox 116 3361 239 3441; x_wconf 84' lang='lat' dir='ltr'><strong>sciant,</strong></span> <span class='ocrx_word' id='word_1_197' title='bbox 261 3363 323 3426; x_wconf 90' lang='lat' dir='ltr'><strong>nisi</strong></span> <span class='ocrx_word' id='word_1_198' title='bbox 340 3364 381 3426; x_wconf 87' lang='lat' dir='ltr'><strong>ad</strong></span> <span class='ocrx_word' id='word_1_199' title='bbox 403 3364 567 3446; x_wconf 87' lang='lat' dir='ltr'><strong>officium,</strong></span> <span class='ocrx_word' id='word_1_200' title='bbox 586 3366 848 3455; x_wconf 84' lang='lat' dir='ltr'><strong>obsequiumque</strong></span> <span class='ocrx_word' id='word_1_201' title='bbox 861 3367 922 3432; x_wconf 81' lang='lat' dir='ltr'><strong>Dei</strong></span> <span class='ocrx_word' id='word_1_202' title='bbox 939 3368 1107 3432; x_wconf 75' lang='lat' dir='ltr'><strong>referatttr.</strong></span> <span class='ocrx_word' id='word_1_203' title='bbox 1120 3362 1189 3431; x_wconf 85' lang='lat' dir='ltr'><strong>Sed</strong></span> 
     </span>
    </p>
   </div>
   <div class='ocr_carea' id='block_1_4' title="bbox 113 3461 1188 4169">
    <p class='ocr_par' dir='ltr' id='par_1_7' title="bbox 113 3461 1188 4169">
     <span class='ocr_line' id='line_1_28' title="bbox 114 3461 1188 3554; baseline 0.007 -30"><span class='ocrx_word' id='word_1_204' title='bbox 114 3483 177 3547; x_wconf 81' lang='lat' dir='ltr'><strong>ego</strong></span> <span class='ocrx_word' id='word_1_205' title='bbox 199 3461 352 3549; x_wconf 87' lang='lat' dir='ltr'><strong>quidem,</strong></span> <span class='ocrx_word' id='word_1_206' title='bbox 371 3464 459 3544; x_wconf 73' lang='lat' dir='ltr'><strong>hec,</strong></span> <span class='ocrx_word' id='word_1_207' title='bbox 477 3481 513 3529; x_wconf 90' lang='lat' dir='ltr'><strong>ut</strong></span> <span class='ocrx_word' id='word_1_208' title='bbox 528 3488 644 3554; x_wconf 86' lang='lat' dir='ltr'><strong>spero,</strong></span> <span class='ocrx_word' id='word_1_209' title='bbox 662 3490 731 3533; x_wconf 90' lang='lat' dir='ltr'><strong>non</strong></span> <span class='ocrx_word' id='word_1_210' title='bbox 751 3468 857 3533; x_wconf 87' lang='lat' dir='ltr'><strong>alieno</strong></span> <span class='ocrx_word' id='word_1_211' title='bbox 876 3468 968 3549; x_wconf 89' lang='lat' dir='ltr'><strong>loco,</strong></span> <span class='ocrx_word' id='word_1_212' title='bbox 984 3488 1047 3533; x_wconf 86' lang='lat' dir='ltr'><strong>uec</strong></span> <span class='ocrx_word' id='word_1_213' title='bbox 1065 3467 1188 3547; x_wconf 81' lang='lat' dir='ltr'><strong>frustra</strong></span> 
     </span>
     <span class='ocr_line' id='line_1_29' title="bbox 116 3563 1186 3645; baseline 0.008 -21"><span class='ocrx_word' id='word_1_214' title='bbox 116 3563 308 3645; x_wconf 88' lang='lat' dir='ltr'><strong>interfatus,</strong></span> <span class='ocrx_word' id='word_1_215' title='bbox 322 3565 362 3629; x_wconf 90' lang='lat' dir='ltr'><strong>ad</strong></span> <span class='ocrx_word' id='word_1_216' title='bbox 379 3567 565 3630; x_wconf 91' lang='lat' dir='ltr'><strong>institutum</strong></span> <span class='ocrx_word' id='word_1_217' title='bbox 583 3586 738 3635; x_wconf 80' lang='lat' dir='ltr'><strong>revertor.</strong></span> <span class='ocrx_word' id='word_1_218' title='bbox 748 3566 795 3635; x_wconf 84' lang='grc' dir='ltr'><strong>Μ.</strong></span> <span class='ocrx_word' id='word_1_219' title='bbox 807 3569 979 3635; x_wconf 82' lang='lat' dir='ltr'><strong>AEmilium</strong></span> <span class='ocrx_word' id='word_1_220' title='bbox 992 3568 1040 3633; x_wconf 87' lang='grc' dir='ltr'><strong>Μ.</strong></span> <span class='ocrx_word' id='word_1_221' title='bbox 1046 3568 1083 3632; x_wconf 86' lang='lat' dir='ltr'><strong>F.</strong></span> <span class='ocrx_word' id='word_1_222' title='bbox 1089 3567 1136 3632; x_wconf 84' lang='lat' dir='ltr'><strong>M.</strong></span> <span class='ocrx_word' id='word_1_223' title='bbox 1142 3566 1186 3633; x_wconf 86' lang='lat' dir='ltr'><strong>N.</strong></span> 
     </span>
     <span class='ocr_line' id='line_1_30' title="bbox 114 3666 1186 3760; baseline 0.006 -32"><span class='ocrx_word' id='word_1_224' title='bbox 114 3666 273 3729; x_wconf 87' lang='lat' dir='ltr'><strong>Scaurum</strong></span> <span class='ocrx_word' id='word_1_225' title='bbox 290 3669 324 3731; x_wconf 91' lang='lat' dir='ltr'><strong>in</strong></span> <span class='ocrx_word' id='word_1_226' title='bbox 343 3671 515 3734; x_wconf 88' lang='lat' dir='ltr'><strong>consulatu</strong></span> <span class='ocrx_word' id='word_1_227' title='bbox 530 3672 571 3735; x_wconf 90' lang='lat' dir='ltr'><strong>de</strong></span> <span class='ocrx_word' id='word_1_228' title='bbox 591 3670 689 3737; x_wconf 85' lang='lat' dir='ltr'><strong>Gallis</strong></span> <span class='ocrx_word' id='word_1_229' title='bbox 704 3672 822 3739; x_wconf 86' lang='lat' dir='ltr'><strong>Karnis</strong></span> <span class='ocrx_word' id='word_1_230' title='bbox 836 3668 1072 3760; x_wconf 83' lang='lat' dir='ltr'><strong>triumphasse,</strong></span> <span class='ocrx_word' id='word_1_231' title='bbox 1086 3669 1186 3759; x_wconf 80' lang='lat' dir='ltr'><strong>Capi·</strong></span> 
     </span>
     <span class='ocr_line' id='line_1_31' title="bbox 115 3767 1186 3860; baseline 0.006 -30"><span class='ocrx_word' id='word_1_232' title='bbox 115 3767 217 3832; x_wconf 88' lang='lat' dir='ltr'><strong>tolina</strong></span> <span class='ocrx_word' id='word_1_233' title='bbox 227 3769 406 3853; x_wconf 84' lang='lat' dir='ltr'><strong>Marmora,</strong></span> <span class='ocrx_word' id='word_1_234' title='bbox 420 3794 562 3860; x_wconf 90' lang='lat' dir='ltr'><strong>quorum</strong></span> <span class='ocrx_word' id='word_1_235' title='bbox 578 3772 756 3841; x_wconf 81' lang='lat' dir='ltr'><strong>heudlevis</strong></span> <span class='ocrx_word' id='word_1_236' title='bbox 766 3770 941 3841; x_wconf 76' lang='lat' dir='ltr'><strong>auctoritas</strong></span> <span class='ocrx_word' id='word_1_237' title='bbox 950 3790 1018 3855; x_wconf 88' lang='lat' dir='ltr'><strong>est,</strong></span> <span class='ocrx_word' id='word_1_238' title='bbox 1030 3786 1186 3838; x_wconf 77' lang='lat' dir='ltr'><strong>testantur</strong></span> 
     </span>
     <span class='ocr_line' id='line_1_32' title="bbox 113 3869 1188 3966; baseline 0.007 -34"><span class='ocrx_word' id='word_1_239' title='bbox 113 3869 257 3936; x_wconf 83' lang='lat' dir='ltr'><strong>faciunt·</strong></span> <span class='ocrx_word' id='word_1_240' title='bbox 274 3894 382 3960; x_wconf 86' lang='lat' dir='ltr'><strong>neque</strong></span> <span class='ocrx_word' id='word_1_241' title='bbox 400 3874 440 3939; x_wconf 91' lang='lat' dir='ltr'><strong>de</strong></span> <span class='ocrx_word' id='word_1_242' title='bbox 459 3877 557 3940; x_wconf 88' lang='lat' dir='ltr'><strong>rebus</strong></span> <span class='ocrx_word' id='word_1_243' title='bbox 570 3898 611 3939; x_wconf 87' lang='lat' dir='ltr'><strong>eo</strong></span> <span class='ocrx_word' id='word_1_244' title='bbox 625 3876 713 3941; x_wconf 79' lang='lat' dir='ltr'><strong>bello</strong></span> <span class='ocrx_word' id='word_1_245' title='bbox 724 3876 822 3966; x_wconf 70' lang='lat' dir='ltr'><strong>gestis</strong></span> <span class='ocrx_word' id='word_1_246' title='bbox 836 3875 1016 3965; x_wconf 71' lang='lat' dir='ltr'><strong>quidquem</strong></span> <span class='ocrx_word' id='word_1_247' title='bbox 1031 3890 1188 3963; x_wconf 67' lang='lat' dir='ltr'><strong>praterea</strong></span> 
     </span>
     <span class='ocr_line' id='line_1_33' title="bbox 115 3972 1186 4068; baseline 0.007 -35"><span class='ocrx_word' id='word_1_248' title='bbox 115 3972 265 4057; x_wconf 83' lang='lat' dir='ltr'><strong>invenio,</strong></span> <span class='ocrx_word' id='word_1_249' title='bbox 284 3977 345 4040; x_wconf 92' lang='lat' dir='ltr'><strong>nisi</strong></span> <span class='ocrx_word' id='word_1_250' title='bbox 364 3978 454 4063; x_wconf 88' lang='lat' dir='ltr'><strong>quod</strong></span> <span class='ocrx_word' id='word_1_251' title='bbox 467 3980 624 4067; x_wconf 78' lang='lat' dir='ltr'><strong>Ligurum</strong></span> <span class='ocrx_word' id='word_1_252' title='bbox 641 3978 819 4068; x_wconf 73' lang='lat' dir='ltr'><strong>ignobilem</strong></span> <span class='ocrx_word' id='word_1_253' title='bbox 836 3979 1001 4043; x_wconf 82' lang='lat' dir='ltr'><strong>ustionem</strong></span> <span class='ocrx_word' id='word_1_254' title='bbox 1014 3976 1186 4043; x_wconf 73' lang='lat' dir='ltr'><strong>Ganmem</strong></span> 
     </span>
     <span class='ocr_line' id='line_1_34' title="bbox 115 4074 1188 4169; baseline 0.006 -31"><span class='ocrx_word' id='word_1_255' title='bbox 115 4074 280 4144; x_wconf 89' lang='lat' dir='ltr'><strong>domuisse</strong></span> <span class='ocrx_word' id='word_1_256' title='bbox 304 4079 442 4160; x_wconf 79' lang='lat' dir='ltr'><strong>dicitnr3</strong></span> <span class='ocrx_word' id='word_1_257' title='bbox 468 4081 533 4144; x_wconf 87' lang='lat' dir='ltr'><strong>hoc</strong></span> <span class='ocrx_word' id='word_1_258' title='bbox 553 4081 641 4146; x_wconf 89' lang='lat' dir='ltr'><strong>enim</strong></span> <span class='ocrx_word' id='word_1_259' title='bbox 658 4078 846 4153; x_wconf 84' lang='lat' dir='ltr'><strong>credibilius</strong></span> <span class='ocrx_word' id='word_1_260' title='bbox 854 4100 983 4169; x_wconf 70' lang='lat' dir='ltr'><strong>,quem</strong></span> <span class='ocrx_word' id='word_1_261' title='bbox 1003 4077 1112 4167; x_wconf 90' lang='lat' dir='ltr'><strong>quod,</strong></span> <span class='ocrx_word' id='word_1_262' title='bbox 1126 4100 1188 4167; x_wconf 86' lang='lat' dir='ltr'><strong>per</strong></span> 
     </span>
    </p>
   </div>
   <div class='ocr_carea' id='block_1_5' title="bbox 112 4271 1185 4418">
    <p class='ocr_par' dir='ltr' id='par_1_8' title="bbox 112 4271 1185 4418">
     <span class='ocr_line' id='line_1_35' title="bbox 149 4271 1185 4346; baseline 0.009 -24"><span class='ocrx_word' id='word_1_263' title='bbox 149 4271 401 4341; x_wconf 61' lang='lat' dir='ltr'><strong>§llmAtdeVin</strong></span> <span class='ocrx_word' id='word_1_264' title='bbox 411 4279 470 4328; x_wconf 93' lang='lat' dir='ltr'><strong>ll</strong></span> <span class='ocrx_word' id='word_1_265' title='bbox 456 4293 533 4337; x_wconf 84' lang='lat'><strong>7</strong></span> <span class='ocrx_word' id='word_1_266' title='bbox 548 4278 763 4346; x_wconf 67' lang='lat' dir='ltr'><strong>-Pislt-Aussl.</strong></span> <span class='ocrx_word' id='word_1_267' title='bbox 775 4279 1090 4346; x_wconf 50' lang='lat' dir='ltr'><strong>-wssuthlibvpsn</strong></span> <span class='ocrx_word' id='word_1_268' title='bbox 1094 4293 1185 4341; x_wconf 78' lang='lat'><strong>17·-</strong></span> 
     </span>
     <span class='ocr_line' id='line_1_36' title="bbox 112 4359 302 4418; baseline 0.011 -13"><span class='ocrx_word' id='word_1_269' title='bbox 112 4359 302 4418; x_wconf 77' lang='lat' dir='ltr'><strong>uiv.xx11,2.</strong></span> 
     </span>
    </p>
   </div>
   <div class='ocr_carea' id='block_1_6' title="bbox 0 0 1302 4980">
    <p class='ocr_par' dir='ltr' id='par_1_9' title="bbox 0 0 1302 4980">
     <span class='ocr_line' id='line_1_37' title="bbox 0 0 1302 4980; baseline 0 1"><span class='ocrx_word' id='word_1_270' title='bbox 0 0 1302 4980; x_wconf 95' lang='lat' dir='ltr'><strong> </strong></span> 
     </span>
    </p>
   </div>
  </div>
 </body>
</html>
