2594 4980
351 716 402 785 IN
433 716 543 785 LOC.
571 717 665 783 LlB.
691 715 758 783 LX
789 715 1007 806 Ltvllul„
1133 712 1202 793 365

191 835 257 899 LII.
276 834 390 921 Neque
407 836 479 924 Syri
500 836 661 924 aspernati
678 851 773 916 suut,
792 836 968 922 quemlibet
982 838 1091 926 potius
1111 838 1216 916 habi·¹

147 937 210 999 turi
233 959 361 1025 regem,
386 960 483 1025 quam
505 937 622 1025 prioris
643 938 726 1000 ultra
750 936 875 1026 passuri
901 937 1100 1025 superbiam,
1115 934 1204 1027 quta,

145 1037 297 1124 parthicae
315 1039 502 1126 arrogantia
520 1038 764 1102 couversatione
787 1038 869 1102 lacta
893 1061 1026 1126 prorsus
1049 1040 1204 1105 intolera·
1261 1119 1264 1129 ¹

146 1140 218 1203 bilis
242 1141 356 1205 hietat.
379 1140 563 1205 Alexandri
582 1163 702 1205 nomeu
729 1140 916 1227 impositum
941 1157 989 1204 est
1011 1162 1097 1205 novo
1118 1144 1206 1232 νεῴ,

146 1240 339 1326 quibusdam
354 1241 524 1305 Alexandri
539 1243 621 1332 regis
635 1241 736 1305 filium
750 1241 947 1323 dicentibus3
960 1264 1063 1329 quum
1078 1242 1208 1309 Protar-

146 1341 227 1404 chus
245 1342 273 1405 ei
290 1358 381 1430 pater
396 1361 495 1425 esset,
513 1344 674 1407 mercibus
690 1340 911 1431 permutandis
928 1344 1065 1407 tolerare
1078 1366 1114 1407 se
1128 1344 1206 1407 soli-

146 1458 217 1526 tus3
234 1443 322 1506 unde
339 1444 474 1507 Zabinae
489 1461 744 1534 cognomentum
759 1441 941 1508 Alexandro
958 1466 977 1506 a
992 1443 1080 1530 Syris
1095 1460 1143 1507 est
1158 1444 1207 1507 in·

146 1542 261 1608 (litum.
275 1546 371 1607 Forte
380 1542 441 1607 sub
452 1544 537 1610 idem
551 1561 678 1632 tempus
690 1568 708 1608 a
718 1567 794 1634 rege
804 1544 998 1608 Parthomm
1010 1544 1044 1607 in
1054 1560 1208 1634 argenteo

146 1643 254 1705 loculo
276 1646 445 1708 remissum
465 1645 618 1710 Antiochi
636 1668 771 1733 corpus,
793 1645 900 1734 magni
923 1645 1040 1709 favoris
1064 1647 1207 1711 occasio·

148 1768 221 1807 nem
239 1769 325 1809 novo
342 1747 409 1835 regi
426 1747 548 1821 attulit,
566 1768 669 1833 quum
691 1746 841 1834 reliquias
860 1768 929 1809 non
948 1746 1078 1834 ineptus
1092 1747 1207 1812 histrio

146 1848 283 1910 maxima
304 1871 379 1911 cum
399 1848 593 1928 reverentia,
609 1847 824 1935 lacrymisque
841 1846 983 1910 ubertim
1002 1848 1208 1912 manantibus

147 1949 354 2036 excipiendo,
372 1950 476 2013 stultae
492 1949 666 2037 plebeculae
685 1949 811 2036 pietatis
828 1948 1035 2035 opinionem,
1052 1963 1207 2037 tauquam

147 2049 313 2113 domestici
331 2050 453 2113 funeris
467 2048 613 2114 dolorem
627 2073 694 2113 nou
711 2050 835 2130 ferens,
852 2048 1021 2127 injecisset.

191 2152 275 2214 Llll.
285 2152 343 2215 His
353 2150 485 2235 auditis,
496 2151 680 2215 Demetrius
691 2174 709 2215 a
722 2150 850 2215 Pelusio
864 2172 938 2213 cum
953 2150 1096 2214 exercitu
1107 2150 1207 2234 redit3

148 2274 208 2314 nec
220 2253 349 2340 segnius
363 2253 404 2316 ab
417 2252 600 2318 Alexandro
612 2253 794 2318 occurritur
805 2275 814 2316 t
825 2250 913 2315 haud
926 2252 1040 2340 procul
1051 2254 1209 2317 Damasco

148 2375 250 2437 quum
276 2353 365 2442 signa
391 2354 621 2435 contulissent,
646 2354 787 2418 vincitur
805 2352 1001 2417 Demetrius.
1024 2352 1111 2415 Tum
1132 2375 1209 2417 vero

147 2469 303 2541 concepta
325 2454 402 2517 olim
424 2454 514 2537 odia,
533 2472 705 2543 postquam
728 2477 767 2518 ex
789 2453 887 2517 rebus
905 2452 1044 2516 adversis
1062 2469 1210 2518 contem·

147 2569 222 2641 ptus
233 2574 422 2637 accesserat,
435 2558 565 2621 nemine
575 2556 812 2636 dissimulante,
824 2578 926 2642 quum
938 2554 979 2618 ad
991 2554 1209 2642 Cleopatram,

148 2677 219 2740 quae
235 2672 305 2719 tum
323 2656 521 2720 Ptolemaide
538 2679 613 2719 cum
631 2657 739 2720 liberis
756 2655 987 2719 communibus
1005 2654 1157 2743 degebat,
1170 2678 1211 2719 ex

148 2755 223 2844 luga
247 2780 281 2820 se
307 2759 480 2844 reciperet,
504 2758 617 2828 clausae
643 2757 827 2820 advenienti
852 2771 952 2844 portae
979 2772 1066 2821 suut.
1094 2757 1147 2821 sic
1169 2757 1211 2820 ab

148 2879 249 2925 uxore
272 2856 409 2944 filiisque
428 2857 592 2922 desertum
615 2881 650 2921 se
667 2855 797 2936 videns,
813 2858 936 2944 Tyrum
955 2858 1083 2945 navigio
1101 2859 1210 2944 petiit,

148 2974 186 3020 ut
207 2958 319 3022 saltem
342 2959 509 3023 sanctitate
529 2958 644 3021 veteris
667 2957 777 3045 templi
804 2978 837 3019 se
858 2955 1055 3021 defenderet.
1079 2955 1142 3022 Sed
1164 2956 1211 3021 ibi

149 3082 280 3146 quoque
297 3083 371 3124 eum
389 3061 519 3124 inimica
535 3082 619 3140 sors,
636 3076 669 3124 ct
685 3058 809 3122 infestae
825 3058 972 3147 conjugis
990 3058 1103 3122 fraude
1119 3081 1210 3124 coru·

149 3178 294 3247 paratum
312 3164 445 3227 exitium
463 3162 675 3250 exspectabat.

194 3264 273 3327 LlV.
290 3268 338 3329 lta
354 3289 409 3330 rex
426 3267 524 3353 paulo
540 3282 614 3329 ante
631 3262 892 3353 potentissimus,
909 3283 998 3324 nunc
1014 3262 1210 3326 famulorum

150 3385 284 3428 suorum
303 3368 455 3456 supplex,
479 3368 558 3432 ‹lum
581 3365 821 3431 exscensionem
846 3363 939 3443 facit,
959 3363 1099 3450 praefecti
1117 3364 1211 3443 jussu

151 3465 339 3551 corripitur,
363 3486 395 3533 et
413 3472 510 3559 paulo
531 3486 604 3558 post
624 3493 691 3533 uon
709 3468 778 3531 sine
797 3466 941 3530 cruciatu
963 3481 996 3528 et
1014 3465 1211 3530 contumelia

152 3564 320 3630 occiditur.
344 3571 412 3634 Nec
438 3595 545 3652 mora,
568 3568 843 3658 quemadmodum
865 3568 899 3630 in
923 3568 1097 3631 sceleribus
1120 3567 1211 3631 facile

151 3665 333 3752 proficitur,
355 3687 388 3733 et
408 3674 550 3760 primum
570 3671 725 3760 quodque
744 3669 869 3732 facinus
890 3667 932 3731 ad
950 3669 1070 3748 majora
1092 3668 1158 3732 fere
1178 3684 1211 3731 et

153 3789 280 3830 causam
298 3786 329 3832 et
346 3770 510 3837 audaciam
526 3776 669 3862 praestat,
690 3771 750 3834 viri
771 3791 883 3832 necem
898 3770 1065 3856 Cleopatra
1082 3769 1210 3847 majoris

154 3866 207 3929 lilii
224 3884 327 3932 morte
340 3872 494 3937 cumulat.
509 3873 642 3937 Seleuco
656 3893 775 3934 nomen
793 3884 860 3933 erat
875 3892 882 3932 ε
898 3869 971 3955 qui,
983 3870 1092 3934 audita
1108 3885 1212 3932 morto

153 3971 265 4056 patris,
276 3969 316 4033 de
325 3971 398 4051 jure
407 3995 467 4036 suo
477 3973 556 4036 nihil
568 3973 719 4036 dubitans
732 3991 835 4057 quum
849 3966 995 4033 diadema
1008 3969 1212 4056 sumpsisset,

154 4073 322 4159 Cleopatra
342 4090 457 4147 mater,
477 4074 601 4153 injussu
620 4073 653 4136 id
670 4094 731 4136 suo
750 4071 872 4134 factum
895 4070 1062 4149 frendens,
1081 4086 1211 4156 arrepto

152 4196 229 4237 arcu
242 4176 394 4253 juvenem
411 4175 523 4262 sagitta
539 4171 711 4252 transfixit,
724 4172 790 4252 jam
804 4194 870 4234 uon
886 4170 985 4234 modo
1000 4171 1166 4234 voluntate
1179 4186 1213 4233 et

188 4373 269 4436 §tlt
288 4375 409 4440 Porphyr.
426 4373 491 4439 apud
508 4372 597 4421 Euseb.
618 4398 645 4408 -
664 4371 755 4421 Justin.
769 4397 804 4409 -
823 4367 838 4433 S
855 4365 919 4416 tut.
932 4366 1053 4430 Porphyr.
1065 4364 1213 4431 -Jotepln

155 4486 188 4494 -
202 4461 292 4507 Justiu.
