2594 4980
271 738 330 808 IN
359 739 469 811 LOC.
497 740 592 807 LIB.
619 741 751 809 XLIX
779 741 992 813 LIVIANI.
1118 775 1165 847 99

93 866 200 942 batur,
216 862 301 943 fuit,
317 877 486 950 partesque
504 861 594 925 urbis
611 862 802 949 praecipuas,
820 886 925 952 operae
941 868 1080 953 pretium
1101 886 1166 953 est,

93 988 230 1049 comm,
253 968 312 1056 qui
337 968 420 1031 hanc
440 967 607 1031 historiam
627 968 753 1057 legent,
771 969 873 1034 oculis
891 973 1071 1058 spectanda*
1087 998 1165 1063 pro·

96 1090 230 1157 ponere.

139 1170 326 1236 XXXVIII.
338 1169 442 1258 Igitur
451 1168 568 1258 Magna
580 1171 740 1258 Carthago
752 1172 811 1235 sita
821 1172 883 1236 fuit
892 1173 926 1235 in
936 1176 1066 1261 spatiosi
1076 1180 1166 1244 sinus

108 1270 216 1336 intimo
236 1294 385 1353 recessu,
408 1272 443 1334 in
463 1273 641 1360 peninsulae
661 1272 796 1361 figuram
815 1296 939 1337 annexa
956 1278 1137 1342 continenti
1158 1304 1166 1344 ε

114 1374 224 1455 cervix,
238 1396 310 1461 quae
332 1373 417 1436 inter
432 1372 499 1436 duo
521 1375 620 1436 naaria
639 1374 855 1462 protenditur,
873 1398 939 1438 non
962 1378 1045 1441 ultra
1067 1382 1166 1444 trium

119 1473 237 1538 tuillium
254 1496 408 1563 passuum
420 1473 623 1538 latitudinem
637 1488 743 1561 patet:
758 1476 824 1562 ipsa
837 1477 1007 1563 peninsula
1021 1481 1166 1567 quinque

124 1575 357 1665 etqiudraginta
376 1576 523 1653 milliain
541 1577 714 1641 circumitu
731 1577 848 1657 habet,
862 1578 952 1664 quod
970 1595 1075 1642 totum
1093 1604 1166 1670 spa·

127 1676 187 1741 tium
202 1702 295 1743 muro
312 1694 381 1743 erat
396 1678 628 1765 permunitum.
642 1681 672 1743 A
687 1679 809 1742 cervice
824 1680 934 1769 lingua
949 1703 1061 1768 passus
1076 1683 1168 1746 circi·

130 1782 330 1870 tntcmginta
352 1781 414 1844 lata
432 1781 465 1843 in
483 1778 720 1870 longitudinem
741 1780 828 1844 haud
848 1781 994 1870 exiguam
1016 1805 1166 1848 occasum

130 1896 213 1946 tutus
225 1883 406 1971 procurrit,
423 1906 495 1969 quae
510 1883 596 1946 inter
608 1904 699 1946 mare
715 1897 747 1944 et
763 1881 914 1968 paludem
930 1883 1066 1970 rupibus
1083 1904 1167 1972 prae·

132 1978 183 2045 altit
193 1984 290 2049 cincta
301 2006 370 2048 non
384 1986 445 2048 nisi
462 1984 600 2072 simplici
615 1984 714 2047 lorica
728 1982 767 2046 ad
782 1984 915 2047 tutelam
930 1985 979 2046 sui
993 2007 1087 2072 egere
1100 1988 1165 2050 visa

133 2076 225 2166 quat,
240 2084 297 2149 ted
315 2104 379 2173 qua
401 2085 569 2149 meridiem
590 2100 773 2171 terramque
797 2085 960 2172 spectabat
982 2086 1090 2167 locus,
1110 2089 1167 2151 ubi

134 2178 207 2267 llym
219 2206 348 2273 quoque
364 2185 442 2266 hait,
460 2209 517 2249 arx
530 2185 747 2272 Carthaginis,
764 2186 878 2273 triplex
893 2187 956 2249 fuit
971 2210 1084 2250 murus
1104 2190 1167 2252 cir·

135 2284 288 2367 mmdatus,
297 2288 331 2349 in
340 2286 544 2349 altitudinem
555 2286 686 2373 triginta
697 2287 882 2349 cubitorum
892 2310 972 2373 ,qua
985 2311 1169 2379 propugna-

136 2384 225 2451 tnhet
240 2404 343 2453 turres
362 2402 537 2451 nouerant
554 2386 689 2466 additae3
714 2386 763 2448 his
778 2388 865 2450 enim
881 2386 921 2450 ad
938 2388 1016 2451 alios
1035 2413 1167 2478 quoque

137 2482 233 2552 otios
252 2486 364 2553 decem
385 2488 570 2552 crescebant
591 2486 707 2550 moenia
729 2508 737 2550 ε
762 2510 903 2574 quorum
924 2505 1030 2554 turres
1051 2490 1167 2555 binum

138 2586 243 2652 wine
254 2589 404 2679 jugerum
422 2589 525 2676 spatio
544 2589 630 2652 inter
645 2611 679 2651 se
695 2586 870 2671 distabant,
887 2589 928 2652 ad
951 2591 1167 2680 contignatio·

138 2700 313 2775 toqutnor
322 2677 463 2771 eductae,
479 2688 600 2778 pedum
613 2688 744 2779 triginta
757 2688 959 2755 altitudinem
972 2692 1167 2757 habentibus

140 2780 331 2857 humentis.

170 2886 301 2959 mut.
322 2896 394 2982 lpsa
417 2892 534 2957 moenia
554 2893 640 2957 binis
663 2892 814 2956 distincta
832 2893 981 2957 tabulatis
1002 2918 1009 2958 :
1033 2896 1167 2961 interius

140 3006 194 3053 (tn
209 2994 391 3084 recipiendis
414 2996 591 3083 elephantis
619 2994 744 3057 stabula
769 3006 861 3055 erant
882 3008 1017 3073 structa,
1037 2995 1168 3081 adjectis

142 3088 210 3159 ‘Itu
226 3099 346 3163 horreis
366 3097 407 3161 ad
432 3097 549 3186 pabula
567 3097 712 3184 ipsorum
735 3093 934 3158 asservanda.
956 3095 1108 3161 Similiter
1134 3099 1168 3162 in

142 3199 268 3279 mpedore
282 3201 387 3287 spatio
403 3199 562 3264 stabulare
573 3213 723 3287 poterant
734 3216 894 3284 equorum
907 3197 1005 3260 millia
1016 3215 1166 3284 quatuor,

143 3306 196 3357 ll¹¹¹
209 3322 258 3365 suo
274 3319 306 3366 et
318 3301 378 3389 ipsi
389 3320 487 3389 penu.
504 3301 659 3364 Praeterea
677 3299 816 3362 militum
835 3297 955 3363 ibidem
969 3317 1060 3363 erant
1076 3302 1168 3366 cubi·

143 3386 185 3471 lh
197 3422 253 3489 que
265 3404 413 3493 peditum
426 3403 537 3493 viginti
557 3402 655 3466 millia
671 3416 836 3488 caperent,
851 3400 997 3487 equitum
1015 3419 1165 3489 quatuor.

144 3488 233 3571 'lwtts
245 3508 298 3572 hic
313 3523 484 3595 apparatus
496 3505 564 3569 solo
580 3504 736 3568 moenium
748 3500 850 3589 spatio
865 3503 1101 3567 continebatur.
1116 3506 1168 3569 Sic

143 3608 191 3663 ¹⁰¹²
200 3626 299 3674 eorum
316 3607 455 3674 latitudo
476 3607 517 3671 ad
535 3605 619 3669 duos
643 3620 675 3669 et
696 3604 808 3694 viginti
829 3603 956 3667 cubitos
975 3606 1166 3692 pertinebat.

143 3690 171 3759 ¹¹¹
181 3716 229 3771 hin
243 3725 387 3775 accurata
403 3708 584 3773 munitione
602 3707 692 3771 urbis
705 3728 791 3769 unus
802 3720 929 3771 tantum
942 3707 1094 3794 angulus,
1112 3708 1168 3795 qui

144 3816 258 3876 e¹¹nuro
273 3829 389 3901 proeter
405 3812 563 3902 linguam,
580 3808 620 3873 de
640 3832 703 3897 qua
721 3808 805 3888 dixi,
828 3806 868 3870 ad
888 3825 1000 3895 portus
1018 3807 1167 3873 deflecte·

144 3890 196 3982 bt,
208 3909 343 3977 infirmus
360 3926 444 3991 erat,
461 3928 493 3975 et
504 3911 567 3991 jam
583 3910 659 3974 inde
676 3911 717 3974 ab
728 3909 820 3973 initio
839 3910 1013 3998 neglectus.

173 3998 225 4072 ll.
240 4011 395 4077 Portuum
412 4029 519 4077 autem
538 4013 592 4076 hic
610 4027 678 4076 erat
695 4011 789 4092 situs,
807 4027 844 4074 ut
861 4032 900 4074 ex
920 4012 1020 4075 altero
1038 4012 1070 4073 in
1088 4010 1168 4074 alte·

170 4213 311 4282 txrxvn.
332 4230 413 4281 strat.
430 4232 474 4281 ni.
494 4233 580 4287 nvn,
600 4246 655 4297 pag.
675 4231 736 4280 aaa.
759 4259 793 4269 -
814 4232 922 4296 appan.
936 4257 971 4267 -
989 4229 1040 4276 m.
1054 4230 1120 4294 spa.
1132 4259 1168 4270 ..

144 4293 291 4365 Imvm,
310 4316 389 4366 Strab-
406 4317 451 4366 lib.
469 4317 553 4366 xvlt.
569 4342 605 4352 -
623 4316 730 4381 Appian.
750 4344 785 4353 —
807 4318 880 4363 Oros.
898 4316 942 4373 tv,
960 4328 1001 4360 aa.
1022 4340 1058 4350 ·-
1076 4317 1166 4365 Justin.

147 4376 252 4522 iffi&
271 4429 305 4440 -
322 4401 427 4451 nautor.
445 4400 490 4449 ns.
510 4401 620 4451 xxxn.
639 4428 674 4438 -
694 4400 710 4464 s
730 4401 854 4447 xxxin.
868 4397 947 4446 strab.
962 4424 998 4434 -
1014 4398 1122 4463 appan.
1134 4426 1168 4436 -

930 4602 967 4668 7.
