2594 4980
192 694 237 767 50
262 701 329 768 JO.
346 698 540 766 FREINS.
559 698 799 768 SUPPL..IN
821 699 934 766 LOC.
952 701 1044 766 LIB.
1064 701 1219 770 XLVII.

186 818 293 882 {anter
304 818 441 906 accepit,
451 818 542 904 quod
552 820 613 907 Ap.
627 817 840 898 Claudius,L.
851 818 993 907 Oppius,
1004 823 1040 885 A.
1052 821 1254 905 Postumius,

186 921 282 1010 legati
295 919 335 982 ab
349 932 479 999 senatu,
494 917 534 981 ad
548 917 646 983 finem
659 919 743 983 bello
760 917 998 1007 imponendum
1012 939 1183 987 venerunt.
1201 925 1255 988 Pa·

187 1022 251 1087 tr‘es
265 1021 350 1085 enim
360 1070 368 1102 ,
380 1020 486 1085 edocti
499 1043 516 1083 a
527 1021 706 1110 prioribus,
722 1045 788 1109 quo
799 1023 871 1086 loco
887 1045 937 1087 res
949 1023 1031 1088 Asiae
1041 1041 1166 1107 essent,
1179 1050 1255 1090 con-

188 1125 294 1187 festim
314 1124 373 1187 hos
393 1124 556 1204 jusserant
579 1122 748 1211 proficisci.
771 1125 897 1188 Horum
919 1147 1016 1212 opera
1035 1129 1205 1205 convenit,
1223 1144 1256 1192 ut

188 1213 316 1290 Prusias
329 1223 441 1289 Attalo
460 1227 527 1313 regi
546 1248 639 1289 noves
654 1237 751 1290 tectas
767 1229 884 1314 ot'grnti
901 1229 1007 1291 statim
1015 1251 1028 1307 ,·
1044 1227 1157 1292 ᾰείηᾱε
1174 1233 1258 1294 rotro

181 1330 347 1417 proximos
362 1329 600 1415 annosviginti,
612 1327 732 1392 talenta
746 1331 917 1417 quingenta
929 1327 1019 1392 daret
1029 1353 1040 1391 :
1050 1352 1133 1416 ager
1141 1334 1256 1396 utrius·

185 1453 244 1518 que
256 1430 292 1491 iis
296 1426 422 1517 finibus
434 1442 522 1509 esset,
538 1429 648 1520 quibus
661 1446 736 1494 ante
747 1422 1006 1518 bellnmsmiset:
1022 1426 1254 1519 Methymnoeis,

186 1529 403 1617 AEgrenst'bus,
430 1527 579 1609 camon,
600 1529 815 1612 Heracleotis,
836 1530 965 1612 domm,
986 1532 1076 1621 quod
1091 1557 1113 1596 a
1140 1534 1256 1599 Prusia

177 1635 271 1720 passi
276 1647 375 1694 essent
382 1680 392 1711 ,
406 1633 545 1712 nomine,
556 1632 677 1696 talenta
689 1647 810 1697 centum
821 1632 1040 1720 ponderemur.
1053 1634 1126 1698 Hoc
1136 1634 1256 1700 foedere

184 1733 347 1822 perfecto,
373 1733 498 1797 Attalus
526 1756 601 1796 cum
629 1731 832 1823 pedestribus
861 1733 956 1796 simul
986 1735 1257 1824 equestribusque

93 1825 98 1836 ’
188 1833 289 1924 copiis
309 1830 444 1897 domum
463 1850 511 1898 est
530 1852 703 1926 regressus.

230 1933 347 1999 XLIII.
360 1938 403 2010 At
418 1936 451 1998 in
463 1935 546 1999 urbe
561 1959 664 2022 quum
679 1937 798 1999 iterum
813 1934 853 1998 de
866 1935 918 2015 iis,
932 1933 988 2021 qui
1000 1958 1038 1997 ex
1049 1934 1173 2001 Graecia
1190 1939 1255 2003 fue·

184 2032 257 2098 rant
274 2038 413 2117 evocati,
429 2037 526 2101 verba
544 2061 563 2100 a
577 2036 689 2128 legatis
706 2036 898 2101 Achaeorum
915 2037 949 2098 iu
968 2053 1083 2100 senatu
1103 2038 1188 2103 facta
1205 2064 1255 2104 es·

186 2153 275 2219 sent,
292 2148 422 2200 senatus
445 2139 526 2202 nihil
552 2136 747 2200 mutandum
766 2137 901 2200 censuit.
927 2136 1003 2218 Quo
1021 2137 1155 2224 quidem
1173 2154 1256 2204 tem·

183 2261 283 2327 pore,
303 2262 405 2326 quum
430 2240 524 2302 multi
551 2224 591 2302 de
616 2256 653 2302 eo
677 2259 712 2300 re
732 2258 897 2301 sermones
924 2235 1056 2319 fierent,
1085 2238 1132 2302 M.
1157 2241 1255 2323 Cato,

183 2357 361 2429 perpetuus
377 2339 580 2428 Carthaginis
594 2338 712 2418 hostis,
724 2337 840 2400 dixisse
856 2337 977 2400 fertur:
992 2338 1187 2424 «Tanquam
1200 2340 1257 2404 de·

104 2446 107 2453 ’
186 2475 199 2499 κ
211 2457 304 2522 esset,
314 2440 404 2529 quod
414 2463 599 2530 ageremus,
610 2437 759 2503 sedemus
771 2436 840 2513 hic,
855 2436 896 2501 de
906 2436 1038 2501 senibus
1047 2441 1196 2528 graeeulis
1206 2441 1257 2505 de·

186 2575 198 2598 «
210 2542 399 2622 liberantes,
411 2565 429 2604 a
442 2542 619 2620 nostrisne,
634 2562 676 2603 an
690 2541 854 2627 ipsorum,
869 2537 1086 2626 sandapilariis
1099 2541 1165 2603 sint
1178 2541 1257 2606 effe·

185 2629 339 2707 «rendi»
354 2641 483 2705 Solebat
499 2642 586 2704 enim
606 2640 759 2703 omnibus
779 2639 963 2719 sententiis,
980 2663 1059 2727 quas
1076 2638 1207 2708 dicebat
1221 2645 1255 2707 in

185 2734 1257 2830 senatu,subjuugere:«Hoccenseo,etCarthaginemdelendam..

185 2845 280 2909 'Iunc
298 2860 405 2909 autem
422 2842 542 2906 recenti
562 2856 651 2904 metu
671 2839 908 2928 providentiam
920 2839 980 2902 viri
997 2840 1185 2906 stimulabat
1204 2867 1256 2908 te·

184 2954 275 3011 uersa
289 2970 328 3010 ex
345 2945 451 3010 Africa
468 2943 601 3033 legatio,
621 2964 691 3029 quae
710 2964 825 3028 nuper,
842 2941 948 3029 specie
968 2928 1253 3029 disceptandamm

184 3073 260 3115 cum
274 3047 442 3111 Masinissa
460 3043 770 3123 controversiarum,
790 3064 939 3131 magnam
957 3042 1024 3106 vim
1047 3045 1170 3108 navalis
1188 3069 1256 3109 ma·

143 3222 146 3229 ¹
185 3150 272 3213 teriae
301 3147 496 3234 Carthagine
523 3142 789 3231 deprehenderat.
824 3144 913 3207 Inter
945 3143 1031 3225 haec,
1059 3144 1256 3211 durantibus

184 3248 345 3336 Hispaniae
360 3246 467 3325 bellis,
479 3260 511 3308 et
528 3269 545 3308 a
563 3245 668 3308 Poenis
686 3244 894 3333 impendente
912 3261 1020 3326 metu,
1035 3250 1256 3312 necessarium

184 3348 308 3427 visum,
324 3345 485 3433 indulgeri
498 3345 592 3425 justis
609 3344 848 3432 provinciarum
865 3346 1020 3433 querelis,
1037 3371 1117 3434 quas
1134 3349 1176 3412 de
1193 3374 1258 3414 ma·

184 3449 375 3538 gistratuum
406 3469 616 3510 romanorum
647 3449 777 3513 avaritia
804 3449 845 3512 ad
880 3465 1027 3512 senatum
1059 3450 1256 3516 detulerant.

180 3552 296 3637 Itaque
310 3572 419 3612 severe
434 3550 578 3612 exercitae
592 3565 670 3612 suut
684 3551 793 3639 leges,
810 3548 1020 3638 damnatique
1031 3551 1158 3638 aliquot
1172 3576 1258 3640 prae-

182 3667 284 3731 tores,
303 3650 359 3738 qui
375 3650 409 3712 in
425 3650 646 3737 extorquenda
661 3648 880 3738 capiendaque
896 3652 1033 3739 pecunia
1049 3653 1169 3740 egressi
1186 3677 1258 3718 mo·

185 3751 425 3817 dunr'fuerant.

219 3940 235 4006 5
253 3941 332 3987 xm.
347 3939 436 4004 Polyb.
450 3941 564 4002 Exesrpt.
578 3941 661 4002 Legat.
675 3938 732 3986 136.
745 3964 781 3973 -
793 3936 901 4001 Appias.
915 3937 1053 3986 Mithrida.
1067 3965 1103 3976 -
1116 3941 1207 4005 Polyb.
1219 3969 1256 3979 -—

184 4023 200 4089 S
213 4025 304 4071 xum.
317 4023 404 4085 Polyb.
416 4025 530 4086 Excerpt.
541 4023 621 4085 Legat.
633 4021 689 4079 137.
699 4047 733 4056 -
743 4022 832 4067 Luem.
840 4020 890 4077 VI,
903 4021 961 4079 788.
971 4048 1006 4057 —-
1015 4021 1141 4073 Plutarch.
1152 4024 1257 4090 Apoph.

184 4109 256 4155 Rom.
268 4123 323 4170 cap.
337 4122 376 4169 ¹9·
390 4133 424 4142 -
435 4107 542 4171 Appian.
557 4105 642 4152 Punic.
655 4130 690 4140 -
702 4103 768 4153 Flos.
778 4105 814 4161 ll,
826 4104 863 4150 15.
878 4130 912 4138 -
926 4104 1029 4154 DIodor.
1043 4107 1111 4170 apud
1126 4109 1208 4159 Viles.
1218 4137 1256 4147 ·—

185 4189 247 4237 Plin.
261 4190 319 4246 XV,
334 4192 372 4237 18.
386 4215 420 4225 -
433 4189 486 4238 Liv.
495 4187 562 4252 Epir.
572 4187 674 4234 nvn.
687 4213 723 4222 -
734 4185 856 4234 Plutarch.
866 4186 891 4233 in
904 4187 1011 4246 Catone,
1021 4205 1043 4236 c.
1055 4189 1095 4238 50.
1109 4205 1115 4215 ·

519 4363 909 4397 ——QOQ-
