2594 4980
170 644 241 714 IN
282 647 416 717 LOC.
440 648 531 716 Llo.
558 649 700 718 XLVII
731 640 946 723 LIVIANI.
1068 660 1116 755 49

29 766 184 836 tdOeilen
205 768 418 834 transduxit
428 771 620 850 exercitum,
640 792 822 858 magnaque
836 788 868 837 et
879 774 923 838 ibi
934 791 1039 865 strage
1051 781 1120 843 In*

37 874 203 938 titanorum
225 871 349 953 edita,
365 863 568 936 obsidionem
584 871 687 935 solvit.
705 871 874 937 Postremo
890 898 1003 963 agmen
1024 877 1120 942 ador·

40 989 94 1055 tut,
106 971 206 1060 quod
220 972 384 1061 praedam
402 995 441 1037 ex
456 974 539 1064 agris
554 989 676 1061 raptam
694 974 849 1037 avehebat
860 1022 869 1054 ,
881 976 1048 1042 occidione
1062 1002 1119 1045 oc·

44 1073 121 1157 cidit,
140 1090 182 1169 ut
203 1098 254 1140 ne
277 1075 422 1140 nuntius
442 1075 572 1163 quidem
597 1074 694 1138 cladis
714 1091 904 1164 superesset.
928 1077 975 1140 Ex
997 1081 1120 1165 praeda,
1213 1089 1215 1094 '

46 1193 191 1266 quantum
204 1177 296 1243 ferri
312 1193 456 1266 poterat,
468 1177 624 1242 militibus
636 1177 768 1241 datum:
786 1193 898 1241 caetera
913 1180 1023 1243 omnia
1039 1204 1120 1267 prae·

48 1277 159 1363 tidibus
173 1278 356 1343 bellorum
372 1277 433 1343 diis
451 1277 581 1343 incendi
596 1295 715 1367 praetor
733 1279 890 1365 exutique
903 1278 1009 1358 jussit.
1117 1350 1118 1355 η

86 1379 167 1444 XLI.
186 1380 336 1445 Interim
362 1380 396 1441 in
419 1380 494 1444 Asia
518 1403 574 1443 rex
596 1380 736 1460 Attalus,
757 1402 875 1467 magno
896 1403 954 1467 per
980 1382 1121 1447 hiemem

50 1482 185 1547 exercitu
204 1499 345 1562 coacto,
366 1481 409 1546 ad
425 1483 546 1546 bellum
563 1482 683 1545 Prusiae
700 1479 905 1545 inferendum
922 1505 957 1545 se
971 1483 1122 1571 parabat,

51 1580 174 1663 adjutus
188 1584 292 1648 etiam
309 1585 517 1649 auxiliaribus
531 1582 739 1672 Cappadociae
756 1583 918 1671 Pontique
933 1607 1045 1673 regum
1063 1608 1121 1648 oo·

52 1682 110 1772 piis
118 1734 127 1766 ‚
135 1708 216 1774 quat
227 1687 416 1750 Demetrius
424 1684 599 1749 Ariarathis
610 1679 643 1748 F.
655 1673 840 1748 adduxerat.
850 1684 943 1749 Gadis
956 1701 1026 1749 tum
1038 1703 1122 1768 erat,

52 1784 95 1848 ita
104 1786 168 1850 sito
179 1783 371 1874 oppido,ut
385 1786 468 1849 inter
485 1786 627 1873 Phrygas
639 1785 814 1874 Mysusque
828 1785 972 1877 ambigui
986 1789 1046 1853 soli
1063 1789 1122 1852 ha·

53 1885 184 1967 beatur,
201 1910 307 1974 quum
325 1887 454 1968 decem,
470 1910 554 1974 quos
571 1903 701 1951 senatus
718 1888 862 1970 miserat,
880 1888 972 1977 legati
990 1880 1030 1953 ad
1047 1911 1122 1954 eum

52 2008 189 2053 teneret
200 1989 224 2052 ii
235 1987 373 2070 deinde,
385 1987 548 2075 colloquio
560 2011 635 2051 cum
647 2010 722 2077 rege
731 1986 772 2051 de
783 1988 1012 2052 communibus
1026 1991 1122 2054 rebus

52 2089 186 2172 habito,
204 2107 293 2155 recta
312 2105 523 2177 perrexerunt
542 2087 584 2152 ad
598 2088 755 2152 Prusiam.
779 2089 922 2169 Prusias,
938 2083 1056 2152 auditis
1072 2113 1123 2154 se·

54 2208 151 2271 natus
169 2190 350 2270 mandatis,
369 2189 547 2253 cavillando
571 2206 699 2277 tempus
719 2190 845 2253 trahere
868 2191 958 2255 nisus
975 2208 1042 2274 est,
1064 2191 1125 2256 alia

54 2291 190 2382 quidem
206 2315 240 2356 se
252 2293 415 2356 facturum
430 2313 574 2354 asserens
584 2338 593 2370 ,
604 2291 664 2354 alia
676 2292 819 2354 minime.
832 2290 927 2355 Unde
939 2293 1056 2356 offensi
1072 2293 1125 2357 de·

53 2416 126 2459 oem
137 2395 234 2483 legati
245 2443 254 2474 ,
267 2392 450 2457 renuntiata
462 2392 506 2454 illi
523 2392 688 2471 societate,
700 2393 859 2455 continuo
873 2393 914 2456 ad
928 2393 1072 2457 Attalum
1089 2416 1123 2458 se

53 2511 251 2585 reoeperunt
263 2519 270 2559 :
284 2516 367 2582 quos
376 2493 606 2581 aliquantisper
614 2508 832 2579 prosequutus
843 2492 988 2573 Prusias,
999 2494 1125 2556 multis·

54 2621 120 2687 qne
130 2595 294 2661 blanditiis
303 2595 429 2683 placare
438 2610 585 2673 conatus,
595 2609 766 2681 postquam
777 2594 895 2688 frustra
904 2617 938 2658 se
948 2615 1017 2657 esse
1025 2593 1125 2677 videt,

54 2698 171 2762 anxius
190 2696 275 2777 jam,
296 2710 329 2759 et
352 2693 608 2784 magnitudinem
634 2694 767 2780 periculi
790 2695 874 2757 serio
897 2712 1067 2783 reputans,
1089 2697 1125 2760 in

55 2820 197 2887 regnum
206 2794 313 2861 rediit.
327 2795 436 2884 Legati
445 2794 589 2876 ,monito
599 2792 707 2856 Attalo
717 2810 787 2874 ,nt,
799 2817 855 2857 sua
866 2795 1039 2860 defendere
1049 2820 1127 2862 con·

56 2916 190 2978 tentus,
210 2897 296 2961 bello
315 2912 432 2986 sponte
451 2893 622 2957 inferendo
641 2893 832 2972 abstineret,
848 2894 934 2957 inter
952 2917 985 2958 se
1003 2899 1125 2959 consti-

56 3012 211 3078 tuerunt,
223 3013 260 3060 ut
271 3019 345 3085 pars
359 2994 482 3059 adhaec
496 2993 606 3057 omnia
621 2991 834 3056 renuntianda
849 2994 974 3056 senatui
989 2997 1125 3059 Romam

56 3114 292 3181 reverteretur3
303 3098 408 3164 caeteri
417 3145 426 3178 ,
435 3119 493 3185 per
502 3096 629 3159 Ioniam
638 3094 950 3182 Hellespontumque
962 3111 995 3158 et
1003 3096 1125 3163 vicinos

57 3202 212 3290 Byzantio
229 3200 370 3287 populos
381 3198 614 3276 discurrentes,
626 3195 848 3260 abstraherent
863 3218 882 3259 a
895 3194 1008 3260 Prusia
1020 3197 1126 3263 homi·

57 3324 138 3365 utun
154 3301 303 3379 animos,
319 3300 492 3386 Attaloque
508 3298 742 3386 conciliarent„

102 3404 203 3469 XLll.
220 3404 269 3466 lta
284 3424 350 3465 non
371 3400 474 3464 multo
489 3415 562 3487 post
576 3414 721 3486 tempore
736 3391 832 3461 frater
848 3400 932 3488 regis
952 3399 1127 3466 Athenaeus

60 3505 253 3570 cumulasse
272 3504 404 3567 navium
420 3516 577 3565 tectarum
594 3500 757 3588 octoginta
782 3500 930 3588 navigare
950 3499 983 3562 in
1001 3501 1126 3569 Helles-

61 3622 197 3695 pontum
212 3606 331 3693 potuit.
347 3605 395 3666 Ex
408 3603 458 3665 his
473 3602 618 3689 quinque
633 3601 778 3664 triremes
794 3599 997 3664 Rhodiorum
1012 3619 1124 3684 erant,

64 3709 298 3796 nyioenorum
310 3705 438 3794 viginti3
450 3703 569 3790 quibus
581 3722 712 3765 suarum
725 3716 849 3788 septem
864 3717 897 3764 et
908 3703 1021 3790 viginti
1036 3708 1126 3769 Atta·

65 3808 112 3874 lus
126 3809 310 3874 addiderat:
323 3807 452 3894 reliquae
465 3805 505 3868 ab
520 3804 587 3867 aliis
600 3803 694 3866 sociis
711 3801 877 3865 submissae
892 3803 1028 3866 fuerant.
1041 3806 1126 3869 Cum

66 3907 114 3972 his
123 3911 309 3983 Athenaeus,
319 3924 357 3970 ut
367 3928 532 3994 quamque
544 3904 674 3967 urbium
691 3903 811 3966 Prusiae
822 3904 1125 3990 praetervehebatur,

71 4012 270 4075 moentione
288 4011 386 4088 facta,
407 4028 554 4095 magnam
571 4006 695 4091 ubique
707 4004 886 4067 vastitatem
904 4020 1127 4093 terroremque

74 4110 207 4176 tenebat.
223 4111 320 4175 Unde
336 4120 477 4174 summas
494 4108 528 4171 in
544 4107 707 4196 angustias
725 4104 872 4170 redactus
895 4107 1039 4186 Prusias,
1056 4130 1126 4196 gra-

41 4390 44 4394 ·
109 4323 182 4387 §XL-
193 4328 243 4378 Cio.
252 4326 325 4377 Offic,
335 4330 358 4385 l,
371 4342 411 4374 n,
423 4347 459 4362 ·-
470 4323 577 4388 Appian.
591 4348 627 4359 -
639 4322 716 4370 Diod.
733 4323 835 4379 mil,
850 4322 874 4368 5.
886 4347 920 4357 -
931 4321 947 4385 S
958 4323 1024 4373 XLI.
1035 4325 1122 4390 Polyb.

10 4442 12 4463 t
85 4404 179 4472 hwpt
194 4413 274 4474 Legat.
288 4411 345 4460 135.
356 4435 393 4448 -
404 4407 484 4458 Stttb.
497 4406 540 4455 lib.
552 4407 611 4454 ΧΠ.

188 4507 247 4574 rr.
892 4497 893 4501 ‘
946 4505 968 4586 l
