2594 4980
141 678 210 751 368
314 682 382 748 JO.
410 681 745 749 FREINSHEMII
773 678 1021 747 SUPPLEM.

75 790 79 797 ¹
137 834 151 858 ι
162 802 203 868 de
221 801 370 890 scythicis
386 800 511 865 auxiliis
527 800 675 864 auditum
691 816 760 864 est:
780 821 840 863 nec
857 798 909 863 ille
927 813 992 862 tam
1010 798 1204 863 festinanter

139 904 377 967 «commisisset
403 925 564 990 pugnam,
590 901 652 964 nisi
675 922 834 989 occupare
855 898 1029 963 adventum
1050 914 1201 963 nosnum

137 1003 348 1068 «studuisset.
372 1004 520 1089 Denique
540 1024 581 1065 ne
602 1000 681 1089 quid
702 1001 865 1090 postulare
885 998 1069 1064 indebitum
1086 998 1200 1065 videa·

136 1133 149 1158 ι
162 1126 254 1177 mur,
271 1102 312 1166 da
330 1103 429 1165 alium
450 1103 597 1184 hostem,
613 1117 646 1166 et
659 1101 801 1183 videbis,
817 1124 884 1165 non
900 1102 1047 1189 accipere
1064 1100 1200 1191 Scythas

134 1203 317 1292 «stipendia
334 1203 503 1291 cupidius,
522 1226 619 1290 quam
638 1203 766 1267 mereri.

180 1306 264 1369 LXI.
284 1336 297 1360 a
309 1305 343 1367 Si
359 1327 436 1368 vero
453 1306 541 1367 nulla
556 1321 589 1368 te
604 1303 645 1369 ad
663 1304 845 1393 aequitatem
864 1303 947 1368 ratio
965 1301 1080 1384 llectit,
1098 1300 1196 1366 hoca

134 1404 253 1468 «nobis
269 1427 337 1467 non
356 1405 520 1485 ferociter,
539 1404 595 1469 sed
613 1405 714 1471 libere
731 1402 857 1471 dictum
873 1404 982 1493 accipe
999 1427 1007 1467 :
1030 1403 1143 1491 painel,
1158 1418 1197 1467 ut

134 1538 147 1563 ι
161 1505 284 1584 dejure
301 1527 486 1594 ageremus,
503 1507 592 1570 missi
608 1528 720 1570 sumus
736 1529 745 1571 a
762 1506 790 1569 si
805 1527 873 1568 non
892 1504 952 1568 erit
968 1503 1195 1591 impetratum,

133 1638 146 1663 ι
156 1608 222 1688 jam
237 1630 350 1670 omnes
364 1607 411 1670 illi
426 1607 468 1671 ad
486 1606 680 1697 exigendum
695 1606 893 1695 stipendium
910 1604 1064 1686 aderunt,
1079 1604 1137 1691 qui
1153 1603 1196 1668 ad

133 1739 147 1765 ι
160 1708 353 1773 merendum
371 1725 570 1773 venerunt.»
593 1710 662 1774 Nec
679 1707 774 1773 dictis
789 1706 894 1772 defuit
912 1704 1009 1786 fides,
1029 1705 1194 1791 tersisque

132 1810 167 1873 in
187 1831 242 1873 eos
257 1810 372 1890 armis,
389 1833 447 1897 pro
462 1811 582 1897 quibus
597 1809 650 1874 illa
663 1808 763 1875 domo
778 1810 971 1890 extulerant,
983 1821 1106 1871 vastare
1118 1805 1194 1869 Pan·

133 1909 266 1974 thorum
289 1933 382 1999 agros
401 1912 526 2000 Scythae
548 1927 725 2001 coeperunt.
746 1910 896 1974 Occurrit
912 1931 987 1973 cum
1007 1907 1074 1971 suis
1090 1906 1193 1970 Phra-

131 2010 240 2092 hates,
256 2034 441 2101 graecosque
457 2013 573 2077 milites
589 2012 742 2078 Antiochi
761 2012 847 2076 bello
863 2027 989 2099 captos,
1006 2030 1191 2096 quanquam

132 2135 168 2176 ea
183 2135 259 2175 cum
273 2114 350 2200 ipsis
364 2114 445 2177 ratio
460 2131 492 2177 et
508 2137 602 2179 causa
618 2136 685 2179 non
699 2130 784 2196 erat,
801 2129 839 2177 ut
851 2132 1046 2202 magnopere
1059 2109 1192 2175 deberet

131 2215 282 2278 atrociter
300 2214 418 2277 habitis
437 2215 616 2297 confidere,
632 2231 740 2280 umen
758 2214 928 2278 adversum
950 2212 1060 2276 hostes
1080 2232 1190 2276 secum
1277 2208 1280 2213 ’

131 2317 225 2403 rapit.

174 2417 273 2480 LXII.
289 2419 330 2481 At
343 2418 389 2480 illi
406 2434 475 2479 tum
489 2418 699 2504 pristinorum
717 2418 886 2497 odiorum,
900 2432 972 2480 tum
988 2414 1126 2479 recentis
1140 2413 1190 2475 in·

124 2516 217 2596 juriae
240 2539 418 2597 memores,
434 2534 605 2605 postquam
625 2520 733 2608 praelio
756 2520 929 2583 commisso
952 2517 1097 2580 laborare
1118 2536 1191 2577 sen·
1273 2528 1276 2533 “

128 2634 241 2682 serunt
262 2620 415 2699 Parthos,
434 2621 594 2683 translatis
616 2620 658 2685 ad
680 2622 808 2685 hostem
830 2620 945 2708 signis,
968 2616 1190 2681 internecione

127 2719 293 2806 copiarum
307 2720 526 2806 parthicarum
541 2721 707 2809 ipsiusque
720 2722 805 2807 regis
820 2717 905 2781 caede
920 2716 1110 2803 captivitatis
1123 2737 1189 2779 suae

128 2821 209 2883 mala
233 2819 448 2882 vindicarunt.
474 2822 615 2906 Scythae,
638 2818 831 2908 depopulata
854 2815 998 2897 Parthia,
1024 2838 1085 2880 nec
1105 2816 1189 2880 ultra

126 2922 263 2984 fortunae
282 2921 481 2999 insistentes,
496 2920 536 2983 ad
552 2943 611 2983 sua
626 2922 744 2985 reversi
760 2935 847 2984 sunt.
862 2920 977 3005 Neque
995 2918 1099 2981 multo
1113 2932 1189 3004 post

125 3021 282 3100 Laudice,
296 3044 367 3106 qum
380 3019 614 3108 Cappadociam
626 3036 702 3108 post
717 3037 855 3085 mortem
871 3020 977 3084 mariti
989 3041 1065 3082 eum
1078 3018 1186 3082 liberis
1208 3062 1234 3103 3

125 3145 180 3185 sex
195 3122 294 3184 virilis
313 3144 407 3182 sexus
426 3136 607 3208 acceperat,
620 3120 713 3185 avida
729 3122 903 3210 regnandi,
920 3144 1041 3209 quum,
1053 3121 1186 3208 reliquis

123 3245 249 3286 veneno
270 3221 475 3306 interceptis,
498 3243 671 3284 numerum
688 3220 728 3285 ad
748 3246 853 3286 unum
871 3223 1060 3310 parvulum,
1082 3222 1135 3285 cui
1152 3238 1186 3286 et

123 3322 185 3409 ipsi
207 3342 328 3382 nomeu
346 3320 526 3382 Ariarathes
547 3321 626 3399 fuit,
646 3320 849 3405 deduxisset,
865 3323 1003 3387 vicissim
1022 3346 1041 3387 a
1061 3323 1184 3411 populo

123 3443 228 3485 occisa
245 3435 302 3483 est.
667 3444 670 3449 ·
1162 3410 1184 3439 “’

166 3524 282 3587 LXIII.
304 3522 506 3586 Mithridates
533 3547 664 3613 quoque
685 3545 903 3617 cognomento
925 3531 1104 3615 Euergetes,
1126 3526 1184 3615 qui

120 3626 243 3715 primus
256 3626 464 3712 ponticorum
479 3649 592 3714 regum
606 3628 729 3694 amicus
743 3632 855 3720 populi
868 3631 993 3695 romani
1006 3630 1183 3719 appellatus

121 3726 241 3807 luerat,
255 3748 397 3812 eumque
411 3726 495 3789 bello
510 3728 630 3814 punico
644 3730 750 3818 prius,
767 3731 885 3796 deinde
900 3732 1031 3796 asiatico
1048 3731 1183 3796 navibus

88 3834 94 3859 ²
120 3844 153 3892 et
170 3828 271 3915 copiis
284 3826 427 3906 juverat,
449 3852 585 3917 regnum
603 3832 697 3895 uxori
716 3832 889 3921 liberisque
907 3834 1084 3899 infantibus
1106 3833 1182 3899 reli·

119 3928 207 4016 quit,
225 3926 347 3991 insidiis
363 3929 541 3993 amicorum
560 3931 757 3998 interfectus.
774 3935 837 3999 Sed
853 3959 906 4000 me
919 3951 968 4000 tot
982 3958 1096 4025 regum
1111 3958 1181 4001 uno

120 4044 265 4115 tempore
281 4026 400 4090 flebiles
419 4029 537 4112 exitus,
555 4048 619 4095 tam
636 4033 719 4097 foede
737 4050 769 4099 et
785 4038 933 4123 quaesita,
953 4053 986 4101 et
999 4037 1113 4103 amissa
1128 4060 1182 4102 re-

118 4151 197 4217 gna,
216 4128 438 4214 scelerumque
460 4155 496 4193 uc
520 4154 687 4217 poenarum
710 4136 902 4224 multiplices
923 4139 1007 4203 vices
1030 4156 1183 4227 reputan-

118 4245 200 4310 tem,
212 4230 336 4317 generis
349 4230 482 4293 humani
497 4233 625 4297 miseret
636 4235 815 4323 pudetque.
831 4242 912 4320 Qua»
926 4242 1028 4321 enim,
1041 4242 1181 4326 malum,

152 4413 261 4478 sixti.
279 4416 369 4463 sustin.
384 4417 522 4474 xxxvii,
540 4436 560 4465 t.
