2594 4980
341 709 396 776 IN
425 708 540 775 LOC.
566 708 660 775 LIB.
688 707 756 774 LX
785 707 1000 776 LIVIANI.
1094 698 1097 703 ⁴
1132 711 1197 804 371

133 829 288 909 inimicis,
301 829 362 915 ipsi
374 850 451 891 vero
464 827 696 914 rempublicam
710 826 845 913 impune
857 828 1101 914 pecularentur:
1111 831 1201 918 quod

134 953 241 1017 neque
258 930 289 992 in
309 929 482 1018 provinciis
503 945 655 1017 praetores
674 927 802 991 obviam
823 927 986 992 audebant
1003 930 1066 1012 ire,
1087 935 1201 997 necin

117 1031 221 1114 ,Urbe
241 1030 326 1117 leges
341 1045 509 1117 poterant,
525 1052 667 1116 quorum
682 1028 799 1092 alteros
808 1045 920 1092 terror
930 1030 1130 1108 judiciorum
1144 1057 1202 1101 co·

133 1132 287 1210 bibebat,
306 1133 421 1195 alteras
434 1131 649 1209 judicantium
667 1130 940 1194 circumveniebat
956 1132 1157 1220 improbitas.

178 1236 277 1298 Lxx.
297 1234 360 1296 Sed
379 1235 448 1297 haec
469 1232 620 1319 deinceps
637 1231 847 1296 acciderunt:
868 1249 939 1295 tum
957 1251 1065 1297 autem
1087 1258 1202 1324 perur-

133 1358 211 1424 gens
226 1352 329 1423 coepta
348 1334 513 1399 Gracchus
528 1335 632 1422 legem
646 1333 687 1398 de
706 1335 841 1398 coloniis
858 1334 996 1415 ferebat,
1009 1338 1202 1403 nominatim

132 1439 273 1501 Tarento
291 1455 322 1501 et
336 1440 444 1525 Capua
459 1460 466 1500 :
482 1436 664 1522 eodemque
681 1451 843 1524 tempore,
856 1436 1018 1499 sociorum
1036 1438 1132 1502 etiam
1146 1439 1203 1504 be-

134 1541 349 1603 nevolentiam
367 1555 515 1627 captans,
530 1561 620 1625 paene
638 1536 681 1600 ad
696 1537 793 1625 Alpes
806 1560 912 1623 usque
927 1538 1055 1624 populis
1071 1540 1203 1623 italicis,

132 1641 194 1704 sub
214 1642 347 1704 nomine
368 1642 574 1720 Latinorum,
591 1639 753 1703 civitatem
770 1661 937 1702 romanam
961 1662 1037 1703 cum
1058 1642 1203 1733 suffragii

129 1743 202 1821 jure
228 1742 453 1830 permittebat,
479 1764 546 1828 quo
572 1756 712 1828 paratam
739 1740 930 1821 adomnia,
954 1765 1026 1828 quae
1050 1760 1202 1832 cuperet,

132 1843 296 1907 sciscenda
315 1845 507 1907 concionem
530 1843 672 1907 haberet.
692 1843 828 1907 Senatus
845 1843 1085 1931 propemodum
1104 1846 1201 1936 regali

132 1944 277 2026 licentia,
299 1961 433 2025 cuncta,
449 1967 530 2031 >quae
557 1945 699 2008 collibita
725 1945 835 2009 animo
861 1944 988 2029 forent,
1015 1947 1201 2013 Gracchum

132 2048 234 2109 facere
253 2047 481 2133 facturumque
500 2068 568 2109 esse
587 2045 803 2134 prospiciens,
819 2069 926 2132 neque
945 2069 1014 2111 sese
1029 2048 1083 2126 jus
1103 2072 1200 2114 suum

131 2150 279 2212 obtinere
300 2169 412 2234 posse,
429 2146 534 2210 donec
553 2147 685 2210 tribuno
702 2147 809 2211 studia
827 2147 929 2236 plebis
948 2149 1073 2238 integra
1091 2167 1124 2216 et
1141 2151 1203 2215 illi·

131 2250 204 2313 bata
225 2262 411 2326 manerent,
432 2245 652 2311 adversarium
677 2247 722 2311 illi
745 2249 901 2338 collegam
922 2249 990 2329 ejus
1011 2251 1055 2316 M.
1071 2252 1201 2318 Livium

132 2352 276 2414 Drusum
291 2371 375 2411 nova
386 2347 512 2411 ratione
526 2365 707 2437 comparat,
725 2372 792 2414 non
808 2352 864 2438 qui
878 2353 964 2441 leges
979 2354 1047 2432 ejus
1060 2354 1200 2420 interce·
1282 2433 1286 2449 ι

131 2451 240 2515 dendo
256 2466 452 2530 moraretur,
467 2448 524 2513 sed
540 2451 596 2536 qui
614 2467 744 2514 senatus
761 2452 894 2519 nomine
911 2453 1086 2532 majoribus
1101 2457 1199 2545 largi·

133 2552 274 2616 tionibus
298 2553 497 2638 antiquaret,
520 2567 576 2632 ut,
598 2552 719 2638 quibus
744 2553 868 2617 artibus
895 2553 1074 2620 invaluerat
1098 2557 1198 2622 Grac·

130 2655 228 2734 chus,
248 2653 359 2717 iisdem
378 2653 630 2716 subverteretur.

172 2756 288 2819 LXXI.
309 2755 384 2818 Non
404 2753 573 2841 ingenium
594 2751 634 2815 ad
650 2750 720 2814 hoec
739 2753 864 2833 Druso,
886 2776 953 2817 non
972 2753 1123 2820 facundia
1140 2755 1198 2819 de·

130 2874 226 2920 erat:
251 2855 449 2918 auctoritatis
477 2875 571 2933 vero,
596 2867 755 2939 quantum
780 2850 847 2915 aliis
868 2853 921 2916 vix
945 2869 1095 2940 provecta
1122 2871 1197 2921 aetss

129 2958 295 3033 conciliat,
316 2954 483 3018 severitate
506 2975 636 3015 morum
660 2967 693 3015 et
716 2952 905 3040 incorrupta
923 2954 1056 3032 juventa
1079 2956 1196 3043 quaesi·

129 3075 226 3123 verat.
245 3059 315 3120 Hoc
331 3056 431 3144 igitur
447 3057 533 3144 leges
548 3055 754 3144 promulgare
768 3077 936 3144 aggressO,
950 3057 1057 3121 statim
1074 3059 1195 3146 patuit,

130 3183 195 3222 non
217 3175 282 3221 tam
299 3157 481 3221 actionibus
496 3156 652 3236 Gracchi,
668 3179 765 3242 quam
784 3156 901 3244 opibus
919 3158 1064 3222 infensos
1085 3160 1195 3227 Patres

129 3283 197 3322 esse
213 3283 219 3322 :
238 3282 312 3322 nam
330 3259 402 3345 qui,
420 3257 499 3322 duas
519 3257 560 3320 ab
581 3258 636 3321 illo
651 3258 794 3322 colonias
815 3261 986 3337 constitui,
1003 3283 1071 3324 non
1088 3262 1195 3326 feren·

129 3360 207 3423 dum
226 3362 521 3441 conclamaverant,
537 3358 634 3423 iidem
650 3383 739 3424 nunc
757 3362 833 3425 ferri
848 3385 866 3425 a
886 3364 995 3426 Druso
1010 3362 1051 3427 de
1068 3362 1196 3430 duode-

129 3461 207 3538 cim,
227 3478 259 3523 et
282 3464 314 3523 in
339 3485 391 3525 eas
414 3479 506 3525 terna
527 3463 700 3526 hominum
727 3463 825 3526 millia
847 3463 960 3536 scribi,
982 3463 1072 3527 facile
1095 3466 1196 3554 patie-

129 3561 247 3623 bantur
256 3585 262 3624 :
272 3563 394 3649 quique
403 3565 601 3652 pauperibus
611 3588 724 3653 agrum
736 3565 858 3628 tributo
869 3565 1022 3651 imposito
1032 3566 1195 3648 diviserat,

129 3663 248 3726 Latinis
269 3663 429 3726 civitatem
452 3687 527 3728 cum
550 3665 706 3753 suffragio
726 3664 803 3728 dare
818 3663 987 3738 studebat,
1005 3687 1081 3730 eum
1098 3667 1194 3756 largi·

129 3763 271 3827 tionibus
282 3763 409 3851 plebem
419 3767 591 3853 sociosque
602 3788 810 3851 corrumpere
819 3763 1074 3829 crinrinabantur
1084 3790 1092 3847 ;
1104 3767 1193 3832 bunc

129 3889 254 3930 summa
278 3889 340 3952 ope
364 3866 576 3948 adjuvabant,
602 3865 1007 3955 tributumlrcmittentem
1033 3866 1138 3955 plebi,
1160 3882 1193 3930 et

130 3967 252 4045 socios,
270 3967 390 4031 militiae
410 3990 561 4054 quoque,
578 3968 675 4055 virgis
696 3965 773 4028 caedi
792 3979 963 4029 vetantem.

173 4069 305 4132 LXXII.
325 4067 428 4157 Igitur
443 4068 477 4129 in
493 4067 618 4157 legibus
635 4066 818 4154 reipublicae
836 4067 1040 4154 perniciosis,
1058 4068 1125 4131 haec
1144 4085 1192 4132 ta·

163 4287 179 4352 s
194 4291 283 4336 thx.
294 4288 402 4352 Apphn.
417 4313 451 4323 -
465 4285 634 4344 rlor.111,13
649 4294 774 4343 et17.-
787 4285 890 4334 Diodes.
905 4288 1028 4344 xxm,
1045 4303 1070 4334 a.
1084 4264 1190 4339 -V'ett

130 4374 165 4428 II,
176 4373 199 4418 6.
216 4399 248 4408 --
267 4375 361 4418 Auctor
375 4371 406 4418 de
417 4370 471 4419 vir.
482 4371 559 4419 illust.
572 4395 607 4407 -·
618 4367 740 4416 Plutarch.
754 4394 788 4404 —
801 4368 816 4433 S
833 4370 925 4416 LXII.
934 4372 994 4420 Tac.
1006 4371 1072 4418 Anu.
1082 4373 1132 4433 111,
1148 4388 1189 4432 η.

131 4477 164 4487 ·-
178 4453 279 4501 Diodes.
295 4454 362 4516 apud
373 4453 452 4501 Vales.
1190 4463 1194 4468 “

957 4552 1017 4632 πί..
