2594 4980
278 728 329 795 IN
359 727 472 795 LOC.
499 727 594 793 LIB.
620 724 769 793 LXXII
800 725 1013 793 LIVIANI.
1108 722 1180 796 653

113 863 332 912 succurrunt:
346 845 457 910 affines
470 844 796 934 consanguineosque
805 843 968 918 videmus,
983 844 1177 932 quibuscum

111 950 225 1013 «domi
239 949 424 1035 militiaeque
441 970 577 1038 magnus
592 947 686 1011 nobis
696 969 786 1027 usus,
797 962 830 1010 et
842 936 1107 1028 conjunctissima
1121 972 1179 1013 ne·

112 1049 297 1114 «cessitudo
315 1049 388 1113 fuit.
1140 1062 1152 1069 ··

156 1152 214 1215 XI.
234 1154 347 1215 «Inter
361 1151 511 1214 homines
530 1167 579 1214 tot
594 1150 782 1233 nominibus
799 1149 938 1212 invicem
953 1148 1130 1232 devinctos,
1147 1169 1180 1217 et

112 1253 284 1341 «proloqui
310 1253 408 1340 paulo
434 1250 587 1331 duriora,
614 1268 647 1315 et
669 1251 781 1315 audire
802 1240 1010 1340 juxta'grave
1034 1268 1093 1315 est.
1116 1253 1180 1317 Sed

113 1352 286 1416 «mandata
308 1353 462 1416 nimirum
485 1353 685 1440 accepimus,
709 1376 781 1440 quae
803 1375 879 1416 cum
904 1351 968 1416 fide
989 1354 1180 1441 perferenda

113 1470 230 1536 «sunt,
250 1456 406 1518 rationem
431 1455 530 1518 Italiae
555 1455 615 1517 toti
639 1453 825 1518 reddituris.
843 1455 893 1518 Ne
914 1454 1002 1518 enim
1026 1456 1180 1519 anostris

114 1586 126 1610 «ι
138 1556 366 1619 tantummodo
379 1555 563 1619 civitatibus
577 1555 692 1620 missos
704 1555 906 1620 credIden'tis
918 1578 926 1619 :
942 1556 1054 1620 eadem
1066 1557 1121 1620 hic
1131 1559 1179 1620 uti

113 1680 229 1720 «causa
249 1658 404 1721 Italorum
414 1658 581 1740 omnium,
598 1658 643 1721 ita
657 1657 807 1720 voluntas
825 1672 883 1722 est.
897 1659 938 1720 Et
950 1649 1010 1739 ne,
1024 1649 1063 1721 ut
1079 1658 1113 1721 in
1129 1682 1179 1722 rc-
1241 1664 1244 1669 ’

112 1759 275 1846 «pentinis
290 1759 431 1822 consiliis
445 1759 571 1823 facilem
583 1758 697 1822 sedatu
711 1776 839 1823 motum
854 1760 1085 1848 imaginemini,
1091 1760 1181 1840 jure-

113 1859 290 1940 «jurando,
308 1877 339 1923 et
361 1859 531 1923 obsidibus
554 1861 674 1936 missis,
694 1882 799 1947 usquc
821 1883 861 1924 eo
882 1860 1025 1925 devincti
1045 1884 1179 1942 sumus,

112 1992 125 2015 «
136 1977 173 2024 ut
189 1959 342 2024 eumdem
361 1983 475 2024 omnes
491 1983 602 2025 casum
617 1961 754 2049 experiri
771 1983 941 2025 necessum
960 1962 1011 2025 sit.
1028 1962 1133 2051 Igitur
1147 1979 1180 2026 et

113 2078 285 2123 «senatum
302 2061 520 2124 communiter
535 2063 688 2152 legImus,
709 2077 742 2125 et
755 2062 892 2126 consilio
908 2063 1039 2151 publico
1058 2064 1180 2128 consti·
1230 2138 1233 2145 ,

112 2189 125 2212 a
136 2161 257 2223 ruimus
275 2161 504 2247 temporariam
520 2162 631 2227 sedem
650 2185 657 2226 :
676 2164 856 2227 creavimus
872 2165 995 2228 interea
1011 2166 1178 2254 magistra-

112 2291 124 2315 «
138 2276 205 2342 tus,
218 2261 360 2350 legiones
370 2264 638 2352 conscripsimus,
651 2288 751 2346 arma,
763 2283 994 2349 commeatum,
1006 2268 1178 2357 pecuniam

112 2364 318 2452 acocgimus,
340 2386 380 2427 eo
403 2366 512 2429 omnia
531 2367 660 2443 animo,
681 2382 718 2429 ut
740 2368 830 2455 prius
848 2390 922 2432 cum
945 2369 1099 2432 omnibus
1117 2393 1179 2433 no·

112 2465 222 2540 «stris,
237 2464 327 2553 quod
341 2464 386 2528 dii
403 2483 548 2531 avertant
559 2491 674 2550 omen,
689 2467 837 2532 funditus
853 2469 1065 2551 intereamus,
1081 2494 1178 2557 quam

111 2564 256 2629 «diutius
274 2565 456 2631 defraudari
476 2591 535 2631 nos
549 2571 622 2649 jure
643 2584 756 2632 nostro
771 2571 942 2656 patiamur.

155 2669 232 2730 XII.
251 2668 389 2754 «Neque
403 2690 486 2732 nova
501 2669 570 2731 llaec
581 2668 675 2731 nobis
689 2667 819 2747 incidit,
834 2668 892 2732 sed
903 2692 921 2731 a
933 2669 1080 2757 patribus
1098 2671 1180 2735 avis·

111 2798 124 2822 ι
135 2790 199 2853 quc
214 2768 401 2829 transmissa
413 2782 445 2829 et
456 2766 612 2830 transdita
627 2782 674 2829 est
689 2767 850 2854 cogitatio.
865 2769 935 2831 lam
952 2769 1030 2832 olim
1047 2769 1179 2860 indigne

112 2869 286 2944 «ferimus,
298 2867 453 2947 Romani,
466 2867 555 2955 quod
565 2868 663 2930 rebus
677 2868 831 2931 omnibus
844 2891 951 2956 pares,
964 2893 1103 2934 numero
1116 2895 1181 2936 me-

112 3000 123 3026 ·
135 2971 270 3057 ritisqne
280 2969 475 3058 superiores,
486 2969 607 3057 quippe
617 2969 673 3056 qni
685 2984 776 3032 tanto
783 2970 848 3049 jam
861 2985 1006 3057 tempore
1015 2969 1177 3059 duplicem

111 3094 311 3135 «numerum
328 3070 469 3134 militum
492 3069 533 3133 ad
547 3070 657 3134 omnia
680 3069 760 3133 bella
780 3071 993 3158 praebuimus,
1011 3071 1052 3134 ita
1075 3074 1177 3161 negli-

111 3174 243 3262 «gimur
259 3197 277 3237 a
294 3174 387 3238 vobis
410 3187 507 3260 atque
531 3171 784 3236 contemnimur.
799 3172 911 3259 ,Igitur
932 3194 1004 3258 quae
1030 3195 1118 3237 nunc
1138 3173 1179 3237 de

110 3274 406 3339 «communicando
434 3274 529 3338 sociis
553 3274 649 3356 jure,
678 3290 833 3362 tanquam
861 3273 1014 3337 inauditae
1038 3273 1179 3339 audaciae

111 3380 232 3442 «verba
254 3379 462 3459 aversamini,
489 3401 526 3442 ea
545 3377 610 3457 jam
636 3392 712 3441 ante
728 3376 888 3441 ducentos
911 3398 1014 3440 annos
1035 3376 1179 3440 incuria

110 3495 238 3543 «vestra
254 3496 436 3545 sonuerunt
453 3503 461 3544 :
484 3495 516 3544 ct
532 3502 720 3567 quanquam
737 3502 776 3542 eo
795 3496 954 3568 tempore,
974 3501 1049 3542 cum
1066 3481 1178 3567 paucis

110 3579 231 3643 «Italiae
252 3581 382 3668 populis
407 3581 502 3645 sociis
533 3580 725 3660 uteremini,
752 3578 932 3644 mediocres
956 3603 1073 3643 eorum
1100 3604 1177 3669 opes

111 3680 290 3770 «fregistis,
313 3681 453 3745 subinde
472 3698 580 3744 tamen
601 3695 713 3769 postea
736 3681 874 3768 querelae
894 3679 1011 3744 auditae
1030 3695 1125 3762 sunt,
1145 3697 1177 3745 et

111 3782 297 3845 «interdum
314 3783 447 3846 consilia
463 3800 576 3871 capta:
593 3799 625 3845 ct
648 3805 689 3845 ne
712 3783 842 3871 longius
861 3783 1032 3863 abeamus,
1049 3798 1178 3869 patrum
1262 3782 1267 3789 “

111 3913 124 3938 α
135 3899 323 3947 nostrorum
338 3886 508 3966 memoria,
523 3883 603 3971 quid
620 3884 738 3947 mentis
751 3883 848 3946 ltaliae
862 3882 976 3962 fuerit,
991 3882 1178 3969 plenissime

113 3985 245 4048 «essetis
261 3986 397 4073 experti,
413 3987 474 4050 nisi
489 4010 558 4050 rem
573 3984 722 4050 nondum
741 4002 900 4050 maturam
914 3985 1177 4073 Fregellanorum

112 4087 298 4150 «festinatio
315 4087 519 4175 prodidisset.
1162 4072 1164 4077 .

146 4305 162 4370 s
175 4308 208 4352 X.
221 4305 273 4354 Cic.
289 4304 314 4351 in
328 4306 417 4361 Bruto,
430 4321 483 4369 cap.
494 4306 539 4367 89,
554 4316 578 4352 et
591 4304 617 4352 in
628 4304 711 4351 Pison.
722 4320 775 4368 cap.
788 4306 830 4352 26.
848 4330 882 4341 -·
898 4302 1001 4351 Diodor.
1014 4301 1081 4367 apud
1093 4301 1177 4350 vales.

112 4390 261 4455 -Appiam
272 4388 333 4453 -S
347 4391 404 4438 XII.
417 4388 469 4436 cic.
484 4388 516 4436 de
529 4391 635 4453 llamsp.
646 4391 720 4452 Resp.
735 4405 788 4451 cap.
806 4405 830 4448 9.
846 4415 879 4424 --
890 4386 954 4434 Vell.
970 4389 1008 4444 II,
1026 4385 1064 4433 15.
1078 4411 1112 4421 -
1126 4384 1179 4432 liv.
1241 4434 1244 4441 ,

112 4475 188 4534 VIII,
202 4477 226 4522 5.
240 4504 271 4512 —
289 4477 348 4539 Sap.
360 4477 421 4532 XL,
435 4475 476 4521 23.
