2594 4980
133 703 204 782 bod
309 702 377 765 JO.
408 698 753 767 rnterSHEMII.
773 696 1021 764 SUPPLEMi

135 824 217 909 quiis
230 823 298 883 haec
313 822 407 883 nobis
425 821 566 882 historie
580 819 771 883 concinnata
782 834 830 883 est
842 819 960 905 portio.
976 818 1119 881 Horum
1138 838 1229 881 con-

135 925 210 986 siliis
228 939 259 986 et
276 945 372 1009 opera
396 939 464 984 tum
490 939 635 984 caeteram
652 919 885 1001 jurisdictionis
910 934 1036 1006 partem
1058 918 1228 1006 praeclare

135 1026 288 1104 absolvit,
308 1042 376 1085 tum
397 1024 543 1110 inprimis
563 1020 688 1103 efl'ecit,
711 1038 749 1085 ut
769 1022 807 1087 i'as
830 1021 969 1085 maxime
988 1014 1227 1109 prospiceret,

134 1148 274 1213 quorum
294 1125 568 1210 opportunissima
585 1123 625 1186 ad
642 1123 793 1203 injuriam
810 1121 979 1185 infirmitas
995 1136 1078 1185 erat.
1101 1122 1227 1211 Pupil·

134 1229 171 1290 lis
186 1229 272 1289 enim
289 1245 321 1289 et
333 1227 455 1301 viduis,
471 1227 590 1312 quibus
602 1227 736 1315 legitimi
752 1241 875 1289 tutores
888 1246 953 1287 non
967 1240 1097 1305 essent,
1109 1246 1226 1325 quum

133 1330 186 1392 alii
201 1331 404 1418 magistratus
420 1328 495 1391 dare
512 1344 652 1390 tutorem
668 1326 925 1400 consuevissent,
942 1341 1091 1388 tutorem
1111 1326 1226 1389 nemi·

136 1454 209 1494 nem
228 1430 334 1509 dedit,
353 1455 386 1491 se
406 1431 539 1492 tutelam
556 1430 686 1492 illorum
699 1450 881 1516 curamque
897 1426 1063 1513 recipere,
1081 1426 1225 1515 profes-

136 1555 206 1611 sus;
233 1533 444 1620 praestititque
461 1531 634 1617 promissa,
652 1545 685 1594 et
700 1531 812 1594 litibus
828 1550 941 1593 eorum
960 1528 1127 1593 omnibus
1143 1528 1224 1593 dili·

135 1649 298 1722 gemeret
318 1636 440 1720 integre
457 1633 623 1715 judicatis,
642 1633 732 1721 ipsos
752 1632 1054 1721 patrimoniumque
1074 1653 1223 1712 eorum,

135 1751 244 1797 contra
275 1737 457 1822 potentium
485 1752 541 1797 aut
567 1734 770 1800 callidiorum
799 1733 972 1799 hominum
1001 1732 1223 1819 iniquitatem

136 1850 286 1923 protexit.

179 1937 266 1999 XlV.
292 1939 426 2000 Privatis
447 1941 541 2002 etiam
558 1938 761 2027 publicisque
777 1933 1151 2000 maleficiis-secundum
1171 1938 1222 2000 le·

137 2060 190 2124 ges
217 2061 362 2100 moresve
384 2041 487 2102 bonos
514 2040 699 2103 coercendis
724 2037 890 2102 assiduum
914 2035 1100 2113 vindicem,
1128 2036 1222 2124 pacis

137 2138 416 2223 vigilantissinntm
440 2140 608 2203 custodem
626 2140 798 2205 exhibuit:
818 2160 947 2220 servos,
963 2158 1005 2201 ne
1022 2137 1151 2202 iterum
1167 2161 1221 2203 res

139 2239 279 2301 novandi
305 2244 488 2303 occasiones
512 2258 697 2329 captarent,
721 2264 796 2307 cum
822 2240 886 2305 telo
907 2262 976 2302 esse
994 2240 1112 2304 vetuit.
1140 2240 1222 2305 Haeo

137 2341 281 2403 instituta
297 2366 399 2428 quum
414 2360 482 2405 toto
494 2344 621 2431 imperii
636 2343 687 2408 sui
699 2358 845 2431 tempore
859 2357 1049 2405 constanter
1058 2341 1221 2421 retinuis-

139 2459 202 2522 set,
220 2444 262 2505 ita
285 2443 422 2507 decessit
443 2470 481 2508 ex
502 2446 623 2526 Sicilia,
642 2461 698 2527 ut,
716 2467 814 2533 quam
837 2442 1009 2507 intraverat
1029 2443 1221 2507 miserrime

138 2545 284 2606 allectam
310 2545 469 2627 insulam,
496 2571 565 2611 carn
590 2564 716 2613 tantum
735 2568 802 2609 non
823 2546 863 2610 ad
888 2545 1032 2633 pristine
1046 2544 1220 2611 'felicitatis

139 2647 322 2731 exemplum
339 2647 462 2711 beatam
480 2648 717 2737 florentemque
729 2649 936 2736 relinqueret.
949 2648 1221 2735 Romae'quoque

140 2767 289 2808 censores
301 2751 398 2810 creari
415 2774 480 2811 nun
495 2768 622 2838 tempus
632 2751 749 2839 magis,
761 2770 859 2837 quam
872 2770 977 2811 mores
990 2746 1218 2834 postulabant.

141 2846 304 2911 Petiturus
322 2874 390 2912 csse
408 2853 529 2914 Marius
547 2852 760 2916 credebatur:
777 2851 834 2915 sed
851 2851 903 2913 ille
919 2848 1221 2928 abstinuit,·offen·

141 2972 189 3010 sas
205 2949 383 3029 declinans,
400 2977 470 3039 quar
486 2972 550 3016 tarn
562 2954 858 3042 corruptacivitate
872 2952 961 3015 bono
974 2951 1103 3015 censori
1120 2966 1220 3015 certa

140 3071 315 3136 gravesque
343 3055 581 3118 imminebant:
604 3055 650 3118 sic
674 3056 743 3142 ipse
765 3053 906 3141 praetulit
929 3052 1056 3132 verbis3
1078 3052 1140 3116 sed
1163 3053 1221 3118 alii

141 3165 230 3211 metu
245 3154 380 3236 repulsae
397 3156 538 3216 territam
552 3156 695 3219 hominis
705 3157 916 3219 ambitionem
929 3154 1104 3242 putabant,
1123 3154 1220 3243 quod

141 3273 179 3311 cx
195 3253 360 3335 apuleiana
378 3255 536 3317 seditione
554 3278 670 3344 magna
688 3279 723 3319 se
738 3257 825 3344 apud
845 3273 992 3321 senatum
1013 3256 1136 3344 parit'er
1155 3278 1220 3344 po·
1251 3312 1257 3321 ,

142 3352 321 3436 polumque
339 3355 457 3416 invidia
478 3356 622 3420 laborare
638 3358 782 3427 sentiret.
993 3402 998 3413 ι

185 3453 1220 3543 XV.l,.ValeriusL.F.L.N.Flaoctrs,M.AntoniusC,F.M.N.

142 3575 291 3616 censores
303 3558 409 3619 creati.
421 3560 458 3622 Τ.
473 3559 587 3623 Didius
601 3560 716 3624 consul
727 3560 761 3623 iu
774 3562 927 3650 Hispania
937 3562 1086 3625 citeriore
1098 3577 1222 3628 contra

140 3654 273 3718 rebelles
295 3659 394 3746 signis
412 3662 532 3724 collatis
551 3652 685 3726 feliciter
704 3661 887 3744 dimicavit,
898 3660 1079 3748 ,eidemque
1094 3685 1221 3751 proro-

141 3773 211 3842 gata
227 3757 259 3818 in
274 3782 396 3821 aunum
416 3779 605 3848 sequentem
620 3764 785 3851 provincia
799 3778 864 3846 est,
878 3786 946 3850 quo
962 3766 1021 3827 Cn.
1039 3765 1220 3831 Cornelius

141 3857 313 3935 Lentulus,
331 3863 366 3923 P.
389 3864 529 3928 Licinius
552 3867 683 3929 Crassus
706 3850 856 3937 consules
880 3866 1022 3929 luerunt.
1049 3866 1109 3929 His
1133 3888 1222 3933 oon-

141 3960 264 4024 sulibus
290 3968 370 4025 anni
392 3971 506 4048 rrtngni
530 3971 754 4055 conversionem
777 3986 850 4032 cum
868 3967 1024 4053 pltoertict's
1051 3970 1120 4030 avis
1144 3973 1224 4034 vt'ta

143 4058 211 4142 (sie
230 4065 314 4127 enim
340 4069 461 4154 solere)
483 4069 634 4132 Manilius
652 4084 782 4133 senator
794 4067 929 4156 factem
944 4066 1108 4155 prodidit,
1128 4072 1223 4135 circa

142 4165 314 4244 meridiem,
338 4192 399 4255 quo
427 4171 476 4230 die
506 4174 628 4254 signum
659 4173 766 4235 arietis
789 4168 841 4235 sol
861 4171 1030 4236 introven't.
1058 4170 1134 4234 Hoc
1161 4170 1224 4237 de·

177 4359 192 4422 §
206 4362 278 4409 x111.
289 4365 392 4411 Diodor.
404 4365 463 4428 -S
477 4367 547 4414 XIV.
562 4368 643 4416 lustit.
655 4364 674 4416 l.
685 4368 712 4427 1,
725 4368 763 4416 tit.
780 4384 826 4428 ao,
842 4368 874 4417 de
887 4368 948 4418 Atil.
963 4368 1174 4436 tut-Diodor.
1185 4400 1224 4413 -·

144 4440 193 4489 Cic.
208 4444 232 4488 in
242 4445 311 4491 verr.
322 4450 351 4494 v,
368 4450 390 4492 3.
406 4478 437 4484 —
452 4450 573 4498 Plutarch.
587 4451 613 4498 in
626 4453 690 4501 Mar.
704 4467 758 4517 cap.
774 4453 814 4500 51.
