<?xml version="1.0" encoding="UTF-8"?>
<!DOCTYPE html PUBLIC "-//W3C//DTD XHTML 1.0 Transitional//EN"
    "http://www.w3.org/TR/xhtml1/DTD/xhtml1-transitional.dtd">
<html xmlns="http://www.w3.org/1999/xhtml" xml:lang="en" lang="en">
 <head>
  <title>
</title>
<meta http-equiv="Content-Type" content="text/html;charset=utf-8" />
  <meta name='ocr-system' content='tesseract 3.04.00' />
  <meta name='ocr-capabilities' content='ocr_page ocr_carea ocr_par ocr_line ocrx_word'/>
</head>
<body>
  <div class='ocr_page' id='page_1' title='image "./titusliviuspata00freigoog_0501.png"; bbox 0 0 2594 4980; ppageno 0'>
   <div class='ocr_carea' id='block_1_1' title="bbox 145 713 1036 798">
    <p class='ocr_par' dir='ltr' id='par_1_1' title="bbox 145 713 1036 798">
     <span class='ocr_line' id='line_1_1' title="bbox 145 713 1036 798; baseline -0.004 -12"><span class='ocrx_word' id='word_1_1' title='bbox 145 715 213 798; x_wconf 72' lang='lat'><strong>514</strong></span> <span class='ocrx_word' id='word_1_2' title='bbox 319 718 387 781; x_wconf 84' lang='grc'><strong>10.</strong></span> <span class='ocrx_word' id='word_1_3' title='bbox 416 714 758 781; x_wconf 82' lang='lat' dir='ltr'><strong>FllElNSIlEMII</strong></span> <span class='ocrx_word' id='word_1_4' title='bbox 789 713 1036 782; x_wconf 85' lang='lat' dir='ltr'><strong>SUPPLEM.</strong></span> 
     </span>
    </p>
   </div>
   <div class='ocr_carea' id='block_1_2' title="bbox 138 834 1228 4175">
    <p class='ocr_par' dir='ltr' id='par_1_2' title="bbox 143 834 1228 1916">
     <span class='ocr_line' id='line_1_2' title="bbox 187 834 1228 923; baseline 0.001 -24"><span class='ocrx_word' id='word_1_5' title='bbox 187 838 286 899; x_wconf 79' lang='lat' dir='ltr'><strong>XLII.</strong></span> <span class='ocrx_word' id='word_1_6' title='bbox 309 837 484 920; x_wconf 64' lang='lat' dir='ltr'><strong>liteunqne</strong></span> <span class='ocrx_word' id='word_1_7' title='bbox 499 859 532 897; x_wconf 90' lang='lat' dir='ltr'><strong>se</strong></span> <span class='ocrx_word' id='word_1_8' title='bbox 550 837 609 897; x_wconf 86' lang='lat' dir='ltr'><strong>ista</strong></span> <span class='ocrx_word' id='word_1_9' title='bbox 624 834 826 914; x_wconf 89' lang='lat' dir='ltr'><strong>habuerunt,</strong></span> <span class='ocrx_word' id='word_1_10' title='bbox 846 834 993 922; x_wconf 79' lang='lat' dir='ltr'><strong>ingentes</strong></span> <span class='ocrx_word' id='word_1_11' title='bbox 1010 835 1056 897; x_wconf 90' lang='lat' dir='ltr'><strong>ibi</strong></span> <span class='ocrx_word' id='word_1_12' title='bbox 1074 852 1228 923; x_wconf 84' lang='lat' dir='ltr'><strong>repertas</strong></span> 
     </span>
     <span class='ocr_line' id='line_1_3' title="bbox 143 935 1228 1026; baseline 0 -24"><span class='ocrx_word' id='word_1_13' title='bbox 143 962 219 1026; x_wconf 87' lang='lat' dir='ltr'><strong>opes</strong></span> <span class='ocrx_word' id='word_1_14' title='bbox 233 953 380 1000; x_wconf 85' lang='lat' dir='ltr'><strong>constat:</strong></span> <span class='ocrx_word' id='word_1_15' title='bbox 398 936 453 998; x_wconf 86' lang='lat' dir='ltr'><strong>sed</strong></span> <span class='ocrx_word' id='word_1_16' title='bbox 472 936 644 999; x_wconf 82' lang='lat' dir='ltr'><strong>mediocris</strong></span> <span class='ocrx_word' id='word_1_17' title='bbox 659 937 692 998; x_wconf 93' lang='lat' dir='ltr'><strong>in</strong></span> <span class='ocrx_word' id='word_1_18' title='bbox 706 935 874 1024; x_wconf 91' lang='lat' dir='ltr'><strong>publicum</strong></span> <span class='ocrx_word' id='word_1_19' title='bbox 888 937 985 1000; x_wconf 87' lang='lat' dir='ltr'><strong>relata</strong></span> <span class='ocrx_word' id='word_1_20' title='bbox 999 938 1110 1024; x_wconf 88' lang='lat' dir='ltr'><strong>portio</strong></span> <span class='ocrx_word' id='word_1_21' title='bbox 1122 962 1133 1018; x_wconf 89' lang='lat'>;</span> <span class='ocrx_word' id='word_1_22' title='bbox 1151 939 1228 1026; x_wconf 87' lang='lat' dir='ltr'><strong>ple-</strong></span> 
     </span>
     <span class='ocr_line' id='line_1_4' title="bbox 143 1037 1227 1127; baseline 0 -24"><span class='ocrx_word' id='word_1_23' title='bbox 143 1063 243 1127; x_wconf 85' lang='lat' dir='ltr'><strong>raque</strong></span> <span class='ocrx_word' id='word_1_24' title='bbox 262 1055 317 1101; x_wconf 87' lang='lat' dir='ltr'><strong>aut</strong></span> <span class='ocrx_word' id='word_1_25' title='bbox 336 1040 418 1100; x_wconf 86' lang='lat' dir='ltr'><strong>inter</strong></span> <span class='ocrx_word' id='word_1_26' title='bbox 436 1062 551 1099; x_wconf 90' lang='lat' dir='ltr'><strong>manus</strong></span> <span class='ocrx_word' id='word_1_27' title='bbox 569 1037 791 1125; x_wconf 79' lang='lat' dir='ltr'><strong>diripientium</strong></span> <span class='ocrx_word' id='word_1_28' title='bbox 808 1038 991 1124; x_wconf 89' lang='lat' dir='ltr'><strong>perierunt,</strong></span> <span class='ocrx_word' id='word_1_29' title='bbox 1012 1053 1070 1102; x_wconf 88' lang='lat' dir='ltr'><strong>aut</strong></span> <span class='ocrx_word' id='word_1_30' title='bbox 1087 1039 1130 1101; x_wconf 89' lang='lat' dir='ltr'><strong>ab</strong></span> <span class='ocrx_word' id='word_1_31' title='bbox 1148 1039 1227 1126; x_wconf 85' lang='lat' dir='ltr'><strong>ipso</strong></span> 
     </span>
     <span class='ocr_line' id='line_1_5' title="bbox 144 1138 1225 1225; baseline -0.001 -21"><span class='ocrx_word' id='word_1_32' title='bbox 144 1141 277 1204; x_wconf 83' lang='lat' dir='ltr'><strong>consule</strong></span> <span class='ocrx_word' id='word_1_33' title='bbox 292 1158 369 1202; x_wconf 88' lang='lat' dir='ltr'><strong>sunt</strong></span> <span class='ocrx_word' id='word_1_34' title='bbox 384 1141 568 1202; x_wconf 86' lang='lat' dir='ltr'><strong>interversa.</strong></span> <span class='ocrx_word' id='word_1_35' title='bbox 588 1140 701 1219; x_wconf 90' lang='lat' dir='ltr'><strong>Quum</strong></span> <span class='ocrx_word' id='word_1_36' title='bbox 719 1138 807 1201; x_wconf 88' lang='lat' dir='ltr'><strong>enim</strong></span> <span class='ocrx_word' id='word_1_37' title='bbox 823 1138 964 1225; x_wconf 85' lang='lat' dir='ltr'><strong>praedam</strong></span> <span class='ocrx_word' id='word_1_38' title='bbox 983 1138 1014 1200; x_wconf 92' lang='lat' dir='ltr'><strong>in</strong></span> <span class='ocrx_word' id='word_1_39' title='bbox 1034 1139 1225 1203; x_wconf 86' lang='lat' dir='ltr'><strong>Massilien-</strong></span> 
     </span>
     <span class='ocr_line' id='line_1_6' title="bbox 144 1239 1224 1328; baseline -0.001 -23"><span class='ocrx_word' id='word_1_40' title='bbox 144 1245 227 1305; x_wconf 84' lang='lat' dir='ltr'><strong>sium</strong></span> <span class='ocrx_word' id='word_1_41' title='bbox 252 1243 367 1304; x_wconf 85' lang='lat' dir='ltr'><strong>urbem</strong></span> <span class='ocrx_word' id='word_1_42' title='bbox 391 1242 510 1328; x_wconf 90' lang='lat' dir='ltr'><strong>portari</strong></span> <span class='ocrx_word' id='word_1_43' title='bbox 534 1241 694 1321; x_wconf 88' lang='lat' dir='ltr'><strong>jussisset,</strong></span> <span class='ocrx_word' id='word_1_44' title='bbox 714 1240 748 1302; x_wconf 94' lang='lat' dir='ltr'><strong>in</strong></span> <span class='ocrx_word' id='word_1_45' title='bbox 771 1239 843 1327; x_wconf 86' lang='lat' dir='ltr'><strong>ipso</strong></span> <span class='ocrx_word' id='word_1_46' title='bbox 866 1239 980 1302; x_wconf 90' lang='lat' dir='ltr'><strong>itinere</strong></span> <span class='ocrx_word' id='word_1_47' title='bbox 1004 1262 1062 1326; x_wconf 91' lang='lat' dir='ltr'><strong>per</strong></span> <span class='ocrx_word' id='word_1_48' title='bbox 1085 1239 1224 1304; x_wconf 83' lang='lat' dir='ltr'><strong>insidias</strong></span> 
     </span>
     <span class='ocr_line' id='line_1_7' title="bbox 144 1341 1224 1428; baseline -0.001 -21"><span class='ocrx_word' id='word_1_49' title='bbox 144 1344 337 1421; x_wconf 78' lang='lat' dir='ltr'><strong>intersertis,</strong></span> <span class='ocrx_word' id='word_1_50' title='bbox 356 1344 412 1428; x_wconf 89' lang='lat' dir='ltr'><strong>qui</strong></span> <span class='ocrx_word' id='word_1_51' title='bbox 433 1343 657 1422; x_wconf 67' lang='lat' dir='ltr'><strong>deducebant,</strong></span> <span class='ocrx_word' id='word_1_52' title='bbox 676 1363 790 1405; x_wconf 89' lang='lat' dir='ltr'><strong>omnes</strong></span> <span class='ocrx_word' id='word_1_53' title='bbox 809 1341 877 1403; x_wconf 92' lang='lat' dir='ltr'><strong>illas</strong></span> <span class='ocrx_word' id='word_1_54' title='bbox 899 1363 977 1428; x_wconf 87' lang='lat' dir='ltr'><strong>opes</strong></span> <span class='ocrx_word' id='word_1_55' title='bbox 998 1343 1127 1405; x_wconf 88' lang='lat' dir='ltr'><strong>furatus</strong></span> <span class='ocrx_word' id='word_1_56' title='bbox 1148 1364 1224 1406; x_wconf 86' lang='lat' dir='ltr'><strong>esse</strong></span> 
     </span>
     <span class='ocr_line' id='line_1_8' title="bbox 144 1443 1223 1529; baseline -0.002 -20"><span class='ocrx_word' id='word_1_57' title='bbox 144 1444 290 1509; x_wconf 82' lang='lat' dir='ltr'><strong>traditur.</strong></span> <span class='ocrx_word' id='word_1_58' title='bbox 305 1446 387 1505; x_wconf 84' lang='lat' dir='ltr'><strong>Sane</strong></span> <span class='ocrx_word' id='word_1_59' title='bbox 404 1444 444 1505; x_wconf 91' lang='lat' dir='ltr'><strong>de</strong></span> <span class='ocrx_word' id='word_1_60' title='bbox 462 1446 557 1506; x_wconf 72' lang='lat' dir='ltr'><strong>relius</strong></span> <span class='ocrx_word' id='word_1_61' title='bbox 575 1445 643 1507; x_wconf 90' lang='lat' dir='ltr'><strong>istis</strong></span> <span class='ocrx_word' id='word_1_62' title='bbox 660 1444 823 1507; x_wconf 77' lang='lat' dir='ltr'><strong>acerrimae</strong></span> <span class='ocrx_word' id='word_1_63' title='bbox 840 1466 916 1505; x_wconf 82' lang='lat' dir='ltr'><strong>mox</strong></span> <span class='ocrx_word' id='word_1_64' title='bbox 930 1443 1127 1529; x_wconf 77' lang='lat' dir='ltr'><strong>quaestiones</strong></span> <span class='ocrx_word' id='word_1_65' title='bbox 1141 1461 1223 1509; x_wconf 89' lang='lat' dir='ltr'><strong>sunt</strong></span> 
     </span>
     <span class='ocr_line' id='line_1_9' title="bbox 144 1543 1220 1632; baseline 0 -24"><span class='ocrx_word' id='word_1_66' title='bbox 144 1547 277 1627; x_wconf 65' lang='lat' dir='ltr'><strong>habitae,</strong></span> <span class='ocrx_word' id='word_1_67' title='bbox 304 1569 484 1631; x_wconf 86' lang='lat' dir='ltr'><strong>omnesque</strong></span> <span class='ocrx_word' id='word_1_68' title='bbox 511 1547 565 1607; x_wconf 90' lang='lat' dir='ltr'><strong>illo</strong></span> <span class='ocrx_word' id='word_1_69' title='bbox 591 1546 757 1632; x_wconf 87' lang='lat' dir='ltr'><strong>sacrilegio</strong></span> <span class='ocrx_word' id='word_1_70' title='bbox 783 1545 943 1624; x_wconf 87' lang='lat' dir='ltr'><strong>contacti,</strong></span> <span class='ocrx_word' id='word_1_71' title='bbox 968 1559 1033 1606; x_wconf 88' lang='lat' dir='ltr'><strong>tarn</strong></span> <span class='ocrx_word' id='word_1_72' title='bbox 1060 1543 1220 1607; x_wconf 85' lang='lat' dir='ltr'><strong>miserum</strong></span> 
     </span>
     <span class='ocr_line' id='line_1_10' title="bbox 143 1645 1221 1733; baseline -0.002 -22"><span class='ocrx_word' id='word_1_73' title='bbox 143 1649 416 1733; x_wconf 84' lang='lat' dir='ltr'><strong>entciabilemque</strong></span> <span class='ocrx_word' id='word_1_74' title='bbox 435 1650 557 1710; x_wconf 76' lang='lat' dir='ltr'><strong>exitum</strong></span> <span class='ocrx_word' id='word_1_75' title='bbox 575 1649 687 1712; x_wconf 88' lang='lat' dir='ltr'><strong>l&#39;ecisse</strong></span> <span class='ocrx_word' id='word_1_76' title='bbox 701 1645 896 1725; x_wconf 89' lang='lat' dir='ltr'><strong>ereduntur,</strong></span> <span class='ocrx_word' id='word_1_77' title='bbox 914 1661 950 1707; x_wconf 94' lang='lat' dir='ltr'><strong>ut</strong></span> <span class='ocrx_word' id='word_1_78' title='bbox 966 1668 1017 1708; x_wconf 87' lang='lat' dir='ltr'><strong>res</strong></span> <span class='ocrx_word' id='word_1_79' title='bbox 1034 1645 1067 1707; x_wconf 95' lang='lat' dir='ltr'><strong>in</strong></span> <span class='ocrx_word' id='word_1_80' title='bbox 1083 1668 1221 1732; x_wconf 84' lang='lat' dir='ltr'><strong>prover·</strong></span> 
     </span>
     <span class='ocr_line' id='line_1_11' title="bbox 144 1746 1219 1837; baseline 0 -26"><span class='ocrx_word' id='word_1_81' title='bbox 144 1750 235 1812; x_wconf 90' lang='lat' dir='ltr'><strong>bium</strong></span> <span class='ocrx_word' id='word_1_82' title='bbox 254 1752 403 1828; x_wconf 79' lang='lat' dir='ltr'><strong>verterit,</strong></span> <span class='ocrx_word' id='word_1_83' title='bbox 426 1768 457 1811; x_wconf 87' lang='lat' dir='ltr'><strong>et</strong></span> <span class='ocrx_word' id='word_1_84' title='bbox 474 1768 589 1837; x_wconf 85' lang='lat' dir='ltr'><strong>praeter</strong></span> <span class='ocrx_word' id='word_1_85' title='bbox 606 1772 731 1812; x_wconf 88' lang='lat' dir='ltr'><strong>morem</strong></span> <span class='ocrx_word' id='word_1_86' title='bbox 753 1748 948 1827; x_wconf 86' lang='lat' dir='ltr'><strong>calamitosi,</strong></span> <span class='ocrx_word' id='word_1_87' title='bbox 965 1770 1079 1811; x_wconf 79' lang='lat' dir='ltr'><strong>aarum</strong></span> <span class='ocrx_word' id='word_1_88' title='bbox 1096 1746 1219 1811; x_wconf 83' lang='lat' dir='ltr'><strong>tolosa·</strong></span> 
     </span>
     <span class='ocr_line' id='line_1_12' title="bbox 144 1851 563 1916; baseline 0.007 -4"><span class='ocrx_word' id='word_1_89' title='bbox 144 1874 220 1912; x_wconf 75' lang='lat' dir='ltr'><strong>natm</strong></span> <span class='ocrx_word' id='word_1_90' title='bbox 237 1852 350 1913; x_wconf 72' lang='lat' dir='ltr'><strong>tabere</strong></span> <span class='ocrx_word' id='word_1_91' title='bbox 367 1851 563 1916; x_wconf 81' lang='lat' dir='ltr'><strong>dicerentur.</strong></span> 
     </span>
    </p>

    <p class='ocr_par' dir='ltr' id='par_1_3' title="bbox 143 1951 1220 3260">
     <span class='ocr_line' id='line_1_13' title="bbox 188 1951 1219 2041; baseline 0.002 -28"><span class='ocrx_word' id='word_1_92' title='bbox 188 1952 305 2014; x_wconf 84' lang='lat' dir='ltr'><strong>XLllI.</strong></span> <span class='ocrx_word' id='word_1_93' title='bbox 331 1956 368 2015; x_wconf 86' lang='lat' dir='ltr'><strong>ln</strong></span> <span class='ocrx_word' id='word_1_94' title='bbox 392 1955 546 2018; x_wconf 77' lang='lat' dir='ltr'><strong>Numidia</strong></span> <span class='ocrx_word' id='word_1_95' title='bbox 567 1956 631 2033; x_wconf 89' lang='lat' dir='ltr'><strong>jam</strong></span> <span class='ocrx_word' id='word_1_96' title='bbox 650 1977 690 2017; x_wconf 87' lang='lat' dir='ltr'><strong>eo</strong></span> <span class='ocrx_word' id='word_1_97' title='bbox 706 1952 869 2041; x_wconf 82' lang='lat' dir='ltr'><strong>perductae</strong></span> <span class='ocrx_word' id='word_1_98' title='bbox 886 1976 937 2016; x_wconf 90' lang='lat' dir='ltr'><strong>res</strong></span> <span class='ocrx_word' id='word_1_99' title='bbox 954 1968 1061 2033; x_wconf 87' lang='lat' dir='ltr'><strong>erant,</strong></span> <span class='ocrx_word' id='word_1_100' title='bbox 1079 1968 1117 2016; x_wconf 87' lang='lat' dir='ltr'><strong>ut</strong></span> <span class='ocrx_word' id='word_1_101' title='bbox 1135 1951 1219 2015; x_wconf 90' lang='lat' dir='ltr'><strong>nihil</strong></span> 
     </span>
     <span class='ocr_line' id='line_1_14' title="bbox 143 2053 1218 2143; baseline 0.001 -27"><span class='ocrx_word' id='word_1_102' title='bbox 143 2055 312 2141; x_wconf 78' lang='lat' dir='ltr'><strong>Jugurtlue</strong></span> <span class='ocrx_word' id='word_1_103' title='bbox 336 2058 402 2141; x_wconf 86' lang='lat' dir='ltr'><strong>spei</strong></span> <span class='ocrx_word' id='word_1_104' title='bbox 429 2058 584 2142; x_wconf 79' lang='lat' dir='ltr'><strong>opisque,</strong></span> <span class='ocrx_word' id='word_1_105' title='bbox 610 2073 827 2143; x_wconf 85' lang='lat' dir='ltr'><strong>praeterquam</strong></span> <span class='ocrx_word' id='word_1_106' title='bbox 852 2055 884 2116; x_wconf 89' lang='lat' dir='ltr'><strong>in</strong></span> <span class='ocrx_word' id='word_1_107' title='bbox 909 2053 1008 2117; x_wconf 88' lang='lat' dir='ltr'><strong>dubia</strong></span> <span class='ocrx_word' id='word_1_108' title='bbox 1030 2069 1063 2116; x_wconf 85' lang='lat' dir='ltr'><strong>et</strong></span> <span class='ocrx_word' id='word_1_109' title='bbox 1083 2054 1218 2141; x_wconf 86' lang='lat' dir='ltr'><strong>ancipiti</strong></span> 
     </span>
     <span class='ocr_line' id='line_1_15' title="bbox 143 2154 1217 2246; baseline 0.004 -31"><span class='ocrx_word' id='word_1_110' title='bbox 143 2154 335 2217; x_wconf 86' lang='lat' dir='ltr'><strong>Maurorum</strong></span> <span class='ocrx_word' id='word_1_111' title='bbox 351 2158 507 2231; x_wconf 77' lang='lat' dir='ltr'><strong>amicitia,</strong></span> <span class='ocrx_word' id='word_1_112' title='bbox 524 2160 728 2245; x_wconf 57' lang='lat' dir='ltr'><strong>superessetff,</strong></span> <span class='ocrx_word' id='word_1_113' title='bbox 743 2157 944 2246; x_wconf 80' lang='lat' dir='ltr'><strong>gravioribus</strong></span> <span class='ocrx_word' id='word_1_114' title='bbox 957 2155 1104 2243; x_wconf 88' lang='lat' dir='ltr'><strong>quotidie</strong></span> <span class='ocrx_word' id='word_1_115' title='bbox 1117 2157 1217 2219; x_wconf 89' lang='lat' dir='ltr'><strong>timo·</strong></span> 
     </span>
     <span class='ocr_line' id='line_1_16' title="bbox 144 2256 1217 2345; baseline 0.004 -29"><span class='ocrx_word' id='word_1_116' title='bbox 144 2256 186 2317; x_wconf 89' lang='lat' dir='ltr'><strong>ris</strong></span> <span class='ocrx_word' id='word_1_117' title='bbox 204 2274 235 2318; x_wconf 89' lang='lat' dir='ltr'><strong>et</strong></span> <span class='ocrx_word' id='word_1_118' title='bbox 253 2256 440 2320; x_wconf 69' lang='lat' dir='ltr'><strong>diffidentiae</strong></span> <span class='ocrx_word' id='word_1_119' title='bbox 456 2260 580 2321; x_wconf 78' lang='lat' dir='ltr'><strong>tausis:</strong></span> <span class='ocrx_word' id='word_1_120' title='bbox 601 2260 738 2321; x_wconf 85' lang='lat' dir='ltr'><strong>maxime</strong></span> <span class='ocrx_word' id='word_1_121' title='bbox 756 2275 947 2345; x_wconf 84' lang='lat' dir='ltr'><strong>postquam,</strong></span> <span class='ocrx_word' id='word_1_122' title='bbox 964 2256 1099 2320; x_wconf 88' lang='lat' dir='ltr'><strong>reversis</strong></span> <span class='ocrx_word' id='word_1_123' title='bbox 1112 2258 1217 2320; x_wconf 83' lang='lat' dir='ltr'><strong>Roma</strong></span> 
     </span>
     <span class='ocr_line' id='line_1_17' title="bbox 144 2354 1217 2447; baseline 0.005 -31"><span class='ocrx_word' id='word_1_124' title='bbox 144 2354 272 2443; x_wconf 77' lang='lat' dir='ltr'><strong>legatiS,</strong></span> <span class='ocrx_word' id='word_1_125' title='bbox 293 2358 412 2420; x_wconf 81' lang='lat' dir='ltr'><strong>Sullam</strong></span> <span class='ocrx_word' id='word_1_126' title='bbox 433 2383 450 2420; x_wconf 87' lang='lat' dir='ltr'><strong>a</strong></span> <span class='ocrx_word' id='word_1_127' title='bbox 469 2359 596 2422; x_wconf 84' lang='lat' dir='ltr'><strong>lloeclru</strong></span> <span class='ocrx_word' id='word_1_128' title='bbox 613 2360 708 2421; x_wconf 84' lang='lat' dir='ltr'><strong>acciri</strong></span> <span class='ocrx_word' id='word_1_129' title='bbox 726 2359 901 2422; x_wconf 86' lang='lat' dir='ltr'><strong>audiverat.</strong></span> <span class='ocrx_word' id='word_1_130' title='bbox 922 2360 1025 2447; x_wconf 83' lang='lat' dir='ltr'><strong>Igitur</strong></span> <span class='ocrx_word' id='word_1_131' title='bbox 1042 2358 1082 2421; x_wconf 91' lang='lat' dir='ltr'><strong>ad</strong></span> <span class='ocrx_word' id='word_1_132' title='bbox 1099 2381 1217 2447; x_wconf 82' lang='lat' dir='ltr'><strong>specu·</strong></span> 
     </span>
     <span class='ocr_line' id='line_1_18' title="bbox 143 2459 1218 2548; baseline 0.001 -27"><span class='ocrx_word' id='word_1_133' title='bbox 143 2459 239 2521; x_wconf 89' lang='lat' dir='ltr'><strong>landa</strong></span> <span class='ocrx_word' id='word_1_134' title='bbox 263 2463 365 2524; x_wconf 84' lang='lat' dir='ltr'><strong>soeeri</strong></span> <span class='ocrx_word' id='word_1_135' title='bbox 396 2463 549 2540; x_wconf 84' lang='lat' dir='ltr'><strong>consilia,</strong></span> <span class='ocrx_word' id='word_1_136' title='bbox 571 2461 747 2525; x_wconf 84' lang='lat' dir='ltr'><strong>Numidam</strong></span> <span class='ocrx_word' id='word_1_137' title='bbox 776 2461 950 2548; x_wconf 85' lang='lat' dir='ltr'><strong>quemdam</strong></span> <span class='ocrx_word' id='word_1_138' title='bbox 977 2464 1132 2548; x_wconf 88' lang='lat' dir='ltr'><strong>Asparem</strong></span> <span class='ocrx_word' id='word_1_139' title='bbox 1158 2482 1218 2548; x_wconf 82' lang='lat' dir='ltr'><strong>per</strong></span> 
     </span>
     <span class='ocr_line' id='line_1_19' title="bbox 144 2562 1218 2650; baseline 0.004 -28"><span class='ocrx_word' id='word_1_140' title='bbox 144 2562 283 2648; x_wconf 86' lang='lat' dir='ltr'><strong>speeiem</strong></span> <span class='ocrx_word' id='word_1_141' title='bbox 306 2564 473 2649; x_wconf 82' lang='lat' dir='ltr'><strong>legationis</strong></span> <span class='ocrx_word' id='word_1_142' title='bbox 495 2565 527 2625; x_wconf 91' lang='lat' dir='ltr'><strong>in</strong></span> <span class='ocrx_word' id='word_1_143' title='bbox 549 2564 775 2627; x_wconf 85' lang='lat' dir='ltr'><strong>Mauritaniam</strong></span> <span class='ocrx_word' id='word_1_144' title='bbox 797 2564 979 2650; x_wconf 70' lang='lat' dir='ltr'><strong>praemittit,</strong></span> <span class='ocrx_word' id='word_1_145' title='bbox 997 2564 1083 2649; x_wconf 89' lang='lat' dir='ltr'><strong>ipse,</strong></span> <span class='ocrx_word' id='word_1_146' title='bbox 1098 2563 1125 2626; x_wconf 86' lang='lat' dir='ltr'><strong>si</strong></span> <span class='ocrx_word' id='word_1_147' title='bbox 1142 2564 1218 2650; x_wconf 87' lang='lat' dir='ltr'><strong>qui·</strong></span> 
     </span>
     <span class='ocr_line' id='line_1_20' title="bbox 144 2661 1218 2751; baseline 0.007 -28"><span class='ocrx_word' id='word_1_148' title='bbox 144 2661 218 2724; x_wconf 89' lang='lat' dir='ltr'><strong>dem</strong></span> <span class='ocrx_word' id='word_1_149' title='bbox 241 2686 280 2725; x_wconf 79' lang='lat' dir='ltr'><strong>ex</strong></span> <span class='ocrx_word' id='word_1_150' title='bbox 296 2688 358 2724; x_wconf 89' lang='lat' dir='ltr'><strong>usu</strong></span> <span class='ocrx_word' id='word_1_151' title='bbox 374 2664 549 2743; x_wconf 86' lang='lat' dir='ltr'><strong>videretur,</strong></span> <span class='ocrx_word' id='word_1_152' title='bbox 566 2682 776 2751; x_wconf 84' lang='lat' dir='ltr'><strong>sequuturos.</strong></span> <span class='ocrx_word' id='word_1_153' title='bbox 790 2666 852 2728; x_wconf 87' lang='lat' dir='ltr'><strong>Sed</strong></span> <span class='ocrx_word' id='word_1_154' title='bbox 867 2667 1030 2745; x_wconf 80' lang='lat' dir='ltr'><strong>Bocchus,</strong></span> <span class='ocrx_word' id='word_1_155' title='bbox 1049 2665 1139 2729; x_wconf 87' lang='lat' dir='ltr'><strong>haud</strong></span> <span class='ocrx_word' id='word_1_156' title='bbox 1154 2667 1218 2730; x_wconf 92' lang='lat' dir='ltr'><strong>mi·</strong></span> 
     </span>
     <span class='ocr_line' id='line_1_21' title="bbox 146 2767 1218 2853; baseline 0.007 -29"><span class='ocrx_word' id='word_1_157' title='bbox 146 2787 223 2826; x_wconf 89' lang='lat' dir='ltr'><strong>nore</strong></span> <span class='ocrx_word' id='word_1_158' title='bbox 248 2767 363 2827; x_wconf 83' lang='lat' dir='ltr'><strong>astutia</strong></span> <span class='ocrx_word' id='word_1_159' title='bbox 383 2769 547 2846; x_wconf 85' lang='lat' dir='ltr'><strong>mortalis,</strong></span> <span class='ocrx_word' id='word_1_160' title='bbox 565 2791 669 2853; x_wconf 89' lang='lat' dir='ltr'><strong>quum</strong></span> <span class='ocrx_word' id='word_1_161' title='bbox 695 2768 755 2830; x_wconf 88' lang='lat' dir='ltr'><strong>alia</strong></span> <span class='ocrx_word' id='word_1_162' title='bbox 785 2768 895 2829; x_wconf 87' lang='lat' dir='ltr'><strong>omnia</strong></span> <span class='ocrx_word' id='word_1_163' title='bbox 919 2768 1029 2829; x_wconf 88' lang='lat' dir='ltr'><strong>animo</strong></span> <span class='ocrx_word' id='word_1_164' title='bbox 1057 2768 1218 2848; x_wconf 87' lang='lat' dir='ltr'><strong>volveret,</strong></span> 
     </span>
     <span class='ocr_line' id='line_1_22' title="bbox 144 2867 1218 2956; baseline 0.004 -29"><span class='ocrx_word' id='word_1_165' title='bbox 144 2889 202 2950; x_wconf 86' lang='lat' dir='ltr'><strong>per</strong></span> <span class='ocrx_word' id='word_1_166' title='bbox 218 2890 251 2929; x_wconf 84' lang='lat' dir='ltr'><strong>se</strong></span> <span class='ocrx_word' id='word_1_167' title='bbox 269 2869 410 2956; x_wconf 87' lang='lat' dir='ltr'><strong>benigne</strong></span> <span class='ocrx_word' id='word_1_168' title='bbox 428 2868 671 2955; x_wconf 77' lang='lat' dir='ltr'><strong>eutrapellando,</strong></span> <span class='ocrx_word' id='word_1_169' title='bbox 690 2885 722 2932; x_wconf 86' lang='lat' dir='ltr'><strong>et</strong></span> <span class='ocrx_word' id='word_1_170' title='bbox 742 2867 905 2955; x_wconf 81' lang='lat' dir='ltr'><strong>Magdalsa</strong></span> <span class='ocrx_word' id='word_1_171' title='bbox 926 2867 1072 2954; x_wconf 87' lang='lat' dir='ltr'><strong>principe</strong></span> <span class='ocrx_word' id='word_1_172' title='bbox 1093 2869 1218 2931; x_wconf 90' lang='lat' dir='ltr'><strong>amieo·</strong></span> 
     </span>
     <span class='ocr_line' id='line_1_23' title="bbox 145 2968 1218 3058; baseline 0.004 -32"><span class='ocrx_word' id='word_1_173' title='bbox 145 2990 215 3029; x_wconf 87' lang='lat' dir='ltr'><strong>rum</strong></span> <span class='ocrx_word' id='word_1_174' title='bbox 232 2972 366 3049; x_wconf 76' lang='lat' dir='ltr'><strong>lloeelii,</strong></span> <span class='ocrx_word' id='word_1_175' title='bbox 381 2973 598 3056; x_wconf 73' lang='lat' dir='ltr'><strong>Cornelioque</strong></span> <span class='ocrx_word' id='word_1_176' title='bbox 612 2969 884 3058; x_wconf 84' lang='lat' dir='ltr'><strong>Carthaginiensis</strong></span> <span class='ocrx_word' id='word_1_177' title='bbox 899 2968 1066 3047; x_wconf 88' lang='lat' dir='ltr'><strong>cujusdam</strong></span> <span class='ocrx_word' id='word_1_178' title='bbox 1082 2968 1218 3051; x_wconf 83' lang='lat' dir='ltr'><strong>liberto,</strong></span> 
     </span>
     <span class='ocr_line' id='line_1_24' title="bbox 145 3070 1220 3160; baseline 0.006 -31"><span class='ocrx_word' id='word_1_179' title='bbox 145 3070 265 3153; x_wconf 77' lang='lat' dir='ltr'><strong>quilius</strong></span> <span class='ocrx_word' id='word_1_180' title='bbox 285 3073 460 3158; x_wconf 84' lang='lat' dir='ltr'><strong>pluriuunn</strong></span> <span class='ocrx_word' id='word_1_181' title='bbox 480 3074 651 3151; x_wconf 83' lang='lat' dir='ltr'><strong>utebatur,</strong></span> <span class='ocrx_word' id='word_1_182' title='bbox 668 3073 790 3160; x_wconf 85' lang='lat' dir='ltr'><strong>prolixe</strong></span> <span class='ocrx_word' id='word_1_183' title='bbox 809 3070 850 3134; x_wconf 90' lang='lat' dir='ltr'><strong>de</strong></span> <span class='ocrx_word' id='word_1_184' title='bbox 866 3071 1032 3133; x_wconf 88' lang='lat' dir='ltr'><strong>voluntate</strong></span> <span class='ocrx_word' id='word_1_185' title='bbox 1049 3070 1134 3158; x_wconf 90' lang='lat' dir='ltr'><strong>regis</strong></span> <span class='ocrx_word' id='word_1_186' title='bbox 1150 3071 1220 3159; x_wconf 83' lang='lat' dir='ltr'><strong>pol·</strong></span> 
     </span>
     <span class='ocr_line' id='line_1_25' title="bbox 144 3169 690 3260; baseline 0.013 -31"><span class='ocrx_word' id='word_1_187' title='bbox 144 3169 332 3254; x_wconf 77' lang='lat' dir='ltr'><strong>lie-entibus,</strong></span> <span class='ocrx_word' id='word_1_188' title='bbox 352 3180 505 3260; x_wconf 68' lang='lat' dir='ltr'><strong>Asparem</strong></span> <span class='ocrx_word' id='word_1_189' title='bbox 525 3175 690 3237; x_wconf 88' lang='lat' dir='ltr'><strong>eludebat.</strong></span> 
     </span>
    </p>

    <p class='ocr_par' dir='ltr' id='par_1_4' title="bbox 138 3274 1223 4175">
     <span class='ocr_line' id='line_1_26' title="bbox 192 3274 1219 3360; baseline 0.001 -23"><span class='ocrx_word' id='word_1_190' title='bbox 192 3278 304 3337; x_wconf 65' lang='lat' dir='ltr'><strong>xilv.</strong></span> <span class='ocrx_word' id='word_1_191' title='bbox 330 3277 464 3336; x_wconf 86' lang='lat' dir='ltr'><strong>interim</strong></span> <span class='ocrx_word' id='word_1_192' title='bbox 493 3277 526 3336; x_wconf 91' lang='lat' dir='ltr'><strong>L.</strong></span> <span class='ocrx_word' id='word_1_193' title='bbox 551 3274 655 3353; x_wconf 79' lang='lat' dir='ltr'><strong>Sulla,</strong></span> <span class='ocrx_word' id='word_1_194' title='bbox 684 3297 782 3360; x_wconf 88' lang='lat' dir='ltr'><strong>quern</strong></span> <span class='ocrx_word' id='word_1_195' title='bbox 806 3275 846 3336; x_wconf 92' lang='lat' dir='ltr'><strong>ad</strong></span> <span class='ocrx_word' id='word_1_196' title='bbox 868 3276 974 3338; x_wconf 88' lang='lat' dir='ltr'><strong>literas</strong></span> <span class='ocrx_word' id='word_1_197' title='bbox 1001 3275 1118 3337; x_wconf 76' lang='lat' dir='ltr'><strong>Bocchi</strong></span> <span class='ocrx_word' id='word_1_198' title='bbox 1140 3297 1219 3338; x_wconf 86' lang='lat' dir='ltr'><strong>cum</strong></span> 
     </span>
     <span class='ocr_line' id='line_1_27' title="bbox 145 3375 1220 3461; baseline -0.003 -18"><span class='ocrx_word' id='word_1_199' title='bbox 145 3378 299 3443; x_wconf 79' lang='lat' dir='ltr'><strong>mediocri</strong></span> <span class='ocrx_word' id='word_1_200' title='bbox 326 3375 475 3460; x_wconf 76' lang='lat' dir='ltr'><strong>praesidio</strong></span> <span class='ocrx_word' id='word_1_201' title='bbox 501 3377 675 3461; x_wconf 88' lang='lat' dir='ltr'><strong>proconsul</strong></span> <span class='ocrx_word' id='word_1_202' title='bbox 703 3379 854 3456; x_wconf 87' lang='lat' dir='ltr'><strong>miserat,</strong></span> <span class='ocrx_word' id='word_1_203' title='bbox 879 3377 1013 3439; x_wconf 91' lang='lat' dir='ltr'><strong>obvium</strong></span> <span class='ocrx_word' id='word_1_204' title='bbox 1043 3376 1075 3437; x_wconf 90' lang='lat' dir='ltr'><strong>in</strong></span> <span class='ocrx_word' id='word_1_205' title='bbox 1102 3377 1220 3440; x_wconf 84' lang='lat' dir='ltr'><strong>itinere.</strong></span> 
     </span>
     <span class='ocr_line' id='line_1_28' title="bbox 145 3478 1218 3565; baseline 0 -26"><span class='ocrx_word' id='word_1_206' title='bbox 145 3479 245 3539; x_wconf 89' lang='lat' dir='ltr'><strong>lilium</strong></span> <span class='ocrx_word' id='word_1_207' title='bbox 264 3478 345 3564; x_wconf 81' lang='lat' dir='ltr'><strong>regis</strong></span> <span class='ocrx_word' id='word_1_208' title='bbox 367 3479 523 3538; x_wconf 73' lang='lat' dir='ltr'><strong>l&#39;olueem</strong></span> <span class='ocrx_word' id='word_1_209' title='bbox 542 3495 730 3564; x_wconf 87' lang='lat' dir='ltr'><strong>suspectum</strong></span> <span class='ocrx_word' id='word_1_210' title='bbox 749 3478 942 3565; x_wconf 89' lang='lat' dir='ltr'><strong>proditionis</strong></span> <span class='ocrx_word' id='word_1_211' title='bbox 960 3478 1090 3551; x_wconf 82' lang='lat' dir='ltr'><strong>habuit,</strong></span> <span class='ocrx_word' id='word_1_212' title='bbox 1112 3500 1218 3563; x_wconf 91' lang='lat' dir='ltr'><strong>quum</strong></span> 
     </span>
     <span class='ocr_line' id='line_1_29' title="bbox 145 3575 1221 3666; baseline 0.003 -28"><span class='ocrx_word' id='word_1_213' title='bbox 145 3579 239 3640; x_wconf 83' lang='lat' dir='ltr'><strong>tertio</strong></span> <span class='ocrx_word' id='word_1_214' title='bbox 267 3593 340 3663; x_wconf 81' lang='lat' dir='ltr'><strong>post</strong></span> <span class='ocrx_word' id='word_1_215' title='bbox 369 3601 541 3640; x_wconf 76' lang='lat' dir='ltr'><strong>‹icettrsum</strong></span> <span class='ocrx_word' id='word_1_216' title='bbox 568 3580 636 3656; x_wconf 83' lang='lat' dir='ltr'><strong>ejus</strong></span> <span class='ocrx_word' id='word_1_217' title='bbox 661 3578 733 3659; x_wconf 83' lang='lat' dir='ltr'><strong>die,</strong></span> <span class='ocrx_word' id='word_1_218' title='bbox 763 3580 956 3666; x_wconf 82' lang='lat' dir='ltr'><strong>Jugutthatn</strong></span> <span class='ocrx_word' id='word_1_219' title='bbox 985 3575 1073 3641; x_wconf 82' lang='lat' dir='ltr'><strong>hund</strong></span> <span class='ocrx_word' id='word_1_220' title='bbox 1101 3578 1221 3664; x_wconf 84' lang='lat' dir='ltr'><strong>procul</strong></span> 
     </span>
     <span class='ocr_line' id='line_1_30' title="bbox 144 3679 1221 3767; baseline 0.002 -27"><span class='ocrx_word' id='word_1_221' title='bbox 144 3679 254 3742; x_wconf 83' lang='lat' dir='ltr'><strong>abesse</strong></span> <span class='ocrx_word' id='word_1_222' title='bbox 286 3681 501 3767; x_wconf 79' lang='lat' dir='ltr'><strong>eognovisset.</strong></span> <span class='ocrx_word' id='word_1_223' title='bbox 531 3680 580 3742; x_wconf 85' lang='lat' dir='ltr'><strong>lbi</strong></span> <span class='ocrx_word' id='word_1_224' title='bbox 608 3679 755 3759; x_wconf 88' lang='lat' dir='ltr'><strong>juvenis,</strong></span> <span class='ocrx_word' id='word_1_225' title='bbox 783 3680 906 3742; x_wconf 77' lang='lat' dir='ltr'><strong>rudiam</strong></span> <span class='ocrx_word' id='word_1_226' title='bbox 932 3683 965 3741; x_wconf 80' lang='lat' dir='ltr'><strong>in</strong></span> <span class='ocrx_word' id='word_1_227' title='bbox 991 3703 1029 3740; x_wconf 84' lang='lat' dir='ltr'><strong>ea</strong></span> <span class='ocrx_word' id='word_1_228' title='bbox 1057 3700 1091 3740; x_wconf 80' lang='lat' dir='ltr'><strong>ee</strong></span> <span class='ocrx_word' id='word_1_229' title='bbox 1119 3700 1221 3767; x_wconf 76' lang='lat' dir='ltr'><strong>neptae</strong></span> 
     </span>
     <span class='ocr_line' id='line_1_31' title="bbox 142 3778 1221 3869; baseline 0.001 -28"><span class='ocrx_word' id='word_1_230' title='bbox 142 3807 251 3859; x_wconf 75' lang='lat' dir='ltr'><strong>,suaru,</strong></span> <span class='ocrx_word' id='word_1_231' title='bbox 272 3805 369 3867; x_wconf 73' lang='lat' dir='ltr'><strong>neque</strong></span> <span class='ocrx_word' id='word_1_232' title='bbox 385 3786 489 3868; x_wconf 77' lang='lat' dir='ltr'><strong>patris</strong></span> <span class='ocrx_word' id='word_1_233' title='bbox 507 3783 634 3869; x_wconf 57' lang='lat' dir='ltr'><strong>cadram</strong></span> <span class='ocrx_word' id='word_1_234' title='bbox 650 3805 712 3844; x_wconf 85' lang='lat' dir='ltr'><strong>esse</strong></span> <span class='ocrx_word' id='word_1_235' title='bbox 722 3831 731 3860; x_wconf 92' lang='lat'><strong>,</strong></span> <span class='ocrx_word' id='word_1_236' title='bbox 748 3798 901 3859; x_wconf 83' lang='lat' dir='ltr'><strong>testatus,</strong></span> <span class='ocrx_word' id='word_1_237' title='bbox 924 3780 1006 3843; x_wconf 81' lang='lat' dir='ltr'><strong>ttt&#39;ltil</strong></span> <span class='ocrx_word' id='word_1_238' title='bbox 1027 3778 1136 3842; x_wconf 77' lang='lat' dir='ltr'><strong>ntelt&#39;tts</strong></span> <span class='ocrx_word' id='word_1_239' title='bbox 1156 3802 1221 3842; x_wconf 77' lang='lat' dir='ltr'><strong>esse</strong></span> 
     </span>
     <span class='ocr_line' id='line_1_32' title="bbox 144 3879 1223 3971; baseline -0.005 -24"><span class='ocrx_word' id='word_1_240' title='bbox 144 3885 365 3963; x_wconf 85' lang='lat' dir='ltr'><strong>demonstrat,</strong></span> <span class='ocrx_word' id='word_1_241' title='bbox 383 3909 481 3971; x_wconf 80' lang='lat' dir='ltr'><strong>quana</strong></span> <span class='ocrx_word' id='word_1_242' title='bbox 495 3888 588 3971; x_wconf 82' lang='lat' dir='ltr'><strong>siper</strong></span> <span class='ocrx_word' id='word_1_243' title='bbox 603 3885 706 3946; x_wconf 68' lang='lat' dir='ltr'><strong>radia.</strong></span> <span class='ocrx_word' id='word_1_244' title='bbox 719 3883 889 3969; x_wconf 64' lang='lat' dir='ltr'><strong>Iugurtha</strong></span> <span class='ocrx_word' id='word_1_245' title='bbox 902 3897 1006 3944; x_wconf 77' lang='lat' dir='ltr'><strong>castra</strong></span> <span class='ocrx_word' id='word_1_246' title='bbox 1017 3879 1134 3969; x_wconf 78' lang='lat' dir='ltr'><strong>palam</strong></span> <span class='ocrx_word' id='word_1_247' title='bbox 1142 3903 1223 3967; x_wconf 83' lang='lat' dir='ltr'><strong>pro·</strong></span> 
     </span>
     <span class='ocr_line' id='line_1_33' title="bbox 138 3981 1221 4072; baseline 0.002 -27"><span class='ocrx_word' id='word_1_248' title='bbox 138 3981 323 4059; x_wconf 73' lang='lat' dir='ltr'><strong>ficiscuntur</strong></span> <span class='ocrx_word' id='word_1_249' title='bbox 334 4010 344 4045; x_wconf 92' lang='lat'><em>:</em></span> <span class='ocrx_word' id='word_1_250' title='bbox 364 4010 395 4046; x_wconf 87' lang='lat' dir='ltr'><strong>se</strong></span> <span class='ocrx_word' id='word_1_251' title='bbox 412 4011 482 4047; x_wconf 80' lang='lat' dir='ltr'><strong>cum</strong></span> <span class='ocrx_word' id='word_1_252' title='bbox 498 3985 591 4048; x_wconf 82' lang='lat' dir='ltr'><strong>Sulla</strong></span> <span class='ocrx_word' id='word_1_253' title='bbox 607 3988 739 4064; x_wconf 74' lang='lat' dir='ltr'><strong>iturum,</strong></span> <span class='ocrx_word' id='word_1_254' title='bbox 755 3987 922 4072; x_wconf 79' lang='lat' dir='ltr'><strong>proernirsis</strong></span> <span class='ocrx_word' id='word_1_255' title='bbox 935 3998 993 4046; x_wconf 73' lang='lat' dir='ltr'><strong>aad</strong></span> <span class='ocrx_word' id='word_1_256' title='bbox 1005 3982 1120 4045; x_wconf 69' lang='lat' dir='ltr'><strong>relictis</strong></span> <span class='ocrx_word' id='word_1_257' title='bbox 1131 3987 1221 4070; x_wconf 79' lang='lat' dir='ltr'><strong>equi·</strong></span> 
     </span>
     <span class='ocr_line' id='line_1_34' title="bbox 142 4086 1223 4175; baseline 0.003 -28"><span class='ocrx_word' id='word_1_258' title='bbox 142 4089 221 4149; x_wconf 80' lang='lat' dir='ltr'><strong>tibus</strong></span> <span class='ocrx_word' id='word_1_259' title='bbox 247 4091 330 4162; x_wconf 60' lang='lat' dir='ltr'><strong>suta,</strong></span> <span class='ocrx_word' id='word_1_260' title='bbox 358 4112 421 4173; x_wconf 83' lang='lat' dir='ltr'><strong>quo</strong></span> <span class='ocrx_word' id='word_1_261' title='bbox 441 4092 542 4149; x_wconf 82' lang='lat' dir='ltr'><strong>miuus</strong></span> <span class='ocrx_word' id='word_1_262' title='bbox 566 4091 670 4150; x_wconf 80' lang='lat' dir='ltr'><strong>ttinert&#39;</strong></span> <span class='ocrx_word' id='word_1_263' title='bbox 691 4087 783 4150; x_wconf 81' lang='lat' dir='ltr'><strong>dolus</strong></span> <span class='ocrx_word' id='word_1_264' title='bbox 798 4100 913 4175; x_wconf 78' lang='lat' dir='ltr'><strong>posset.</strong></span> <span class='ocrx_word' id='word_1_265' title='bbox 936 4086 1101 4175; x_wconf 69' lang='lat' dir='ltr'><strong>htgttttltae</strong></span> <span class='ocrx_word' id='word_1_266' title='bbox 1119 4108 1223 4173; x_wconf 76' lang='lat' dir='ltr'><strong>neque</strong></span> 
     </span>
    </p>
   </div>
   <div class='ocr_carea' id='block_1_3' title="bbox 142 4303 1221 4537">
    <p class='ocr_par' dir='ltr' id='par_1_5' title="bbox 142 4303 1221 4537">
     <span class='ocr_line' id='line_1_35' title="bbox 176 4303 1220 4371; baseline 0.006 -22"><span class='ocrx_word' id='word_1_267' title='bbox 176 4303 191 4365; x_wconf 69' lang='lat' dir='ltr'>s</span> <span class='ocrx_word' id='word_1_268' title='bbox 215 4306 289 4351; x_wconf 78' lang='lat' dir='ltr'><strong>xttt.</strong></span> <span class='ocrx_word' id='word_1_269' title='bbox 311 4309 362 4351; x_wconf 65' lang='lat' dir='ltr'><strong>(ir.</strong></span> <span class='ocrx_word' id='word_1_270' title='bbox 384 4308 414 4351; x_wconf 91' lang='lat' dir='ltr'><strong>de</strong></span> <span class='ocrx_word' id='word_1_271' title='bbox 436 4308 493 4351; x_wconf 68' lang='lat' dir='ltr'><strong>Nat.</strong></span> <span class='ocrx_word' id='word_1_272' title='bbox 516 4309 589 4353; x_wconf 75' lang='lat' dir='ltr'><strong>[leur.</strong></span> <span class='ocrx_word' id='word_1_273' title='bbox 611 4311 668 4365; x_wconf 87' lang='lat'><strong>111,</strong></span> <span class='ocrx_word' id='word_1_274' title='bbox 692 4309 734 4354; x_wconf 83' lang='grc' dir='ltr'><strong>3ο.</strong></span> <span class='ocrx_word' id='word_1_275' title='bbox 756 4336 791 4344; x_wconf 82' lang='lat'><strong>·-</strong></span> <span class='ocrx_word' id='word_1_276' title='bbox 809 4308 889 4371; x_wconf 81' lang='lat' dir='ltr'><strong>Agell.</strong></span> <span class='ocrx_word' id='word_1_277' title='bbox 915 4309 969 4363; x_wconf 89' lang='grc'>111,</span> <span class='ocrx_word' id='word_1_278' title='bbox 994 4323 1018 4368; x_wconf 82' lang='grc'><strong>9.</strong></span> <span class='ocrx_word' id='word_1_279' title='bbox 1037 4335 1071 4342; x_wconf 86' lang='lat'><strong>--</strong></span> <span class='ocrx_word' id='word_1_280' title='bbox 1088 4305 1105 4370; x_wconf 69' lang='lat' dir='ltr'>S</span> <span class='ocrx_word' id='word_1_281' title='bbox 1125 4308 1220 4362; x_wconf 74' lang='lat' dir='ltr'><strong>nan,</strong></span> 
     </span>
     <span class='ocr_line' id='line_1_36' title="bbox 142 4386 1221 4456; baseline 0.005 -26"><span class='ocrx_word' id='word_1_282' title='bbox 142 4386 237 4434; x_wconf 65' lang='lat' dir='ltr'><strong>sattim.</strong></span> <span class='ocrx_word' id='word_1_283' title='bbox 251 4391 364 4450; x_wconf 82' lang='lat' dir='ltr'><strong>Jugurtlr.</strong></span> <span class='ocrx_word' id='word_1_284' title='bbox 426 4392 487 4437; x_wconf 79' lang='lat' dir='ltr'><strong>l’lut.</strong></span> <span class='ocrx_word' id='word_1_285' title='bbox 504 4393 528 4437; x_wconf 92' lang='lat' dir='ltr'><strong>in</strong></span> <span class='ocrx_word' id='word_1_286' title='bbox 542 4394 602 4438; x_wconf 62' lang='lat' dir='ltr'><strong>tter.</strong></span> <span class='ocrx_word' id='word_1_287' title='bbox 616 4408 668 4456; x_wconf 80' lang='lat' dir='ltr'><strong>cap.</strong></span> <span class='ocrx_word' id='word_1_288' title='bbox 683 4394 722 4438; x_wconf 73' lang='lat' dir='ltr'><strong>tl.</strong></span> <span class='ocrx_word' id='word_1_289' title='bbox 733 4392 835 4437; x_wconf 82' lang='lat' dir='ltr'><strong>--Voll</strong></span> <span class='ocrx_word' id='word_1_290' title='bbox 850 4395 885 4441; x_wconf 88' lang='lat' dir='ltr'><strong>lt.</strong></span> <span class='ocrx_word' id='word_1_291' title='bbox 899 4405 938 4437; x_wconf 83' lang='lat' dir='ltr'><strong>tn.</strong></span> <span class='ocrx_word' id='word_1_292' title='bbox 956 4417 989 4426; x_wconf 88' lang='lat'>-</span> <span class='ocrx_word' id='word_1_293' title='bbox 1002 4390 1065 4436; x_wconf 76' lang='lat' dir='ltr'><strong>Flos.</strong></span> <span class='ocrx_word' id='word_1_294' title='bbox 1080 4392 1131 4443; x_wconf 84' lang='grc'>111,</span> <span class='ocrx_word' id='word_1_295' title='bbox 1152 4406 1221 4437; x_wconf 76' lang='lat' dir='ltr'><strong>r.—</strong></span> 
     </span>
     <span class='ocr_line' id='line_1_37' title="bbox 150 4473 508 4537; baseline 0.02 -23"><span class='ocrx_word' id='word_1_296' title='bbox 150 4473 247 4537; x_wconf 77' lang='lat' dir='ltr'><strong>thpian.</strong></span> <span class='ocrx_word' id='word_1_297' title='bbox 263 4474 410 4534; x_wconf 48' lang='lat' dir='ltr'><strong>aptati-&#39;alu</strong></span> <span class='ocrx_word' id='word_1_298' title='bbox 428 4476 508 4521; x_wconf 54' lang='lat' dir='ltr'><strong>lie-iu,</strong></span> 
     </span>
    </p>
   </div>
   <div class='ocr_carea' id='block_1_4' title="bbox 0 0 1305 4980">
    <p class='ocr_par' dir='ltr' id='par_1_6' title="bbox 0 0 1305 4980">
     <span class='ocr_line' id='line_1_38' title="bbox 0 0 1305 4980; baseline 0 0"><span class='ocrx_word' id='word_1_299' title='bbox 0 0 1305 4980; x_wconf 95' lang='lat' dir='ltr'><strong> </strong></span> 
     </span>
    </p>
   </div>
  </div>
 </body>
</html>
