2640 5046
122 964 250 1018 mmor,
269 945 410 1004 murinae
423 942 551 1029 qut'dem
570 965 702 1028 regnum
720 941 821 1023 Syriae
835 943 895 1011 sibi
914 944 1031 1006 restitui
1041 942 1187 1031 juberet5

123 1047 171 1106 sia
181 1065 274 1119 vero,
288 1054 416 1106 atcerte
425 1046 696 1131 permitteretettm
710 1042 866 1130 suissatis
873 1092 882 1123 ,
896 1067 992 1131 neque
1001 1059 1060 1107 aut
1071 1046 1187 1108 absum

124 1159 186 1208 tem
195 1160 380 1223 moraretur,
391 1158 450 1209 aut
463 1145 751 1236 volentibusjttvare
758 1161 913 1234 paternas
924 1169 993 1234 opes
1005 1160 1186 1233 repetentem

124 1248 340 1335 impedimento
357 1260 439 1313 esset.
453 1242 622 1336 Elicipiens
639 1248 757 1313 deinde
776 1248 977 1329 Heraclides,
997 1247 1105 1310 multis
1120 1247 1188 1311 col·

124 1347 252 1411 laudata
263 1350 344 1438 regis
354 1349 527 1437 Epiphanis
538 1352 707 1431 memoria,
717 1351 826 1415 multis
837 1351 984 1413 incusato
999 1348 1187 1428 Demetrio,

126 1471 309 1512 sermonem
321 1473 361 1514 eo
373 1450 521 1528 deduxit,
532 1468 584 1533 ut,
597 1451 727 1539 quando
742 1475 788 1515 res
802 1464 831 1513 et
842 1465 960 1539 tempus
972 1453 1018 1512 ita
1032 1472 1062 1511 se
1075 1448 1185 1526 daret,

114 1551 242 1637 justum
263 1574 324 1615 csse
343 1551 480 1634 diceret,
501 1554 725 1634 adolescentes,
748 1576 859 1617 verant
874 1551 1028 1616 Antiochi
1042 1554 1185 1638 stipem,

126 1649 225 1714 modis
241 1652 379 1716 omnz'bus
396 1654 553 1742 αιῇαναή.
575 1657 713 1720 Diversae
729 1678 827 1744 super
844 1655 894 1718 his
911 1653 1076 1717 sententiaa
1093 1673 1186 1715 sena·

126 1765 234 1815 torum
252 1753 352 1819 litere.
372 1756 524 1843 Optimus
543 1758 681 1845 quisque
700 1772 796 1844 atque
820 1754 1074 1842 sapientissimus
1098 1774 1187 1814 com·

126 1870 272 1918 mentum
289 1855 495 1943 improbum,
506 1875 538 1922 et
549 1875 689 1924 actorem
706 1858 821 1922 fabulae
836 1855 1051 1935 Heraclidem,
1062 1853 1188 1917 abomi-

127 1955 283 2021 nabatur:
301 1972 334 2020 at
352 1959 478 2047 plures,
493 1984 575 2048 quos
591 1977 647 2024 aut
665 1958 839 2023 mendaciis
851 1959 916 2022 suis
933 1957 1191 2034 dementaverat,

125 2071 181 2118 aut
191 2059 357 2145 promissis
374 2077 574 2149 corruperat,
585 2061 854 2125 senatusconsulti
864 2061 898 2123 in
915 2060 983 2123 haec
999 2058 1096 2121 verba
1109 2056 1190 2120 scri·

125 2156 225 2221 bendi
240 2176 387 2225 auctores
405 2161 538 2225 fuerunt
558 2187 565 2226 :
588 2163 684 2251 Quod
697 2162 888 2226 Alexander
906 2173 936 2224 et
954 2159 1092 2223 Laodice
1108 2160 1190 2244 regis

125 2262 202 2322 socii
219 2264 371 2350 amicique
390 2264 481 2327 liberi
495 2267 526 2327 in
550 2281 660 2329 senatu
680 2265 778 2329 verba
788 2262 957 2350 ficerunt,
979 2276 1103 2325 senatus
1118 2282 1190 2322 cert-

126 2363 203 2441 suit,
215 2363 413 2428 dimittendos
429 2368 461 2429 itt
474 2381 642 2454 paternum
664 2390 810 2454 regnum,
828 2381 937 2454 atque,
956 2367 1004 2428 uti
1012 2366 1184 2452 petierunt,

125 2464 257 2528 auxiliis
280 2466 476 2556 adt'uvaados
492 2469 606 2533 videri.

169 2566 227 2628 IX.
245 2569 316 2631 Hoc
332 2585 472 2632 armatus
484 2572 765 2635 senatusconsulto
780 2569 963 2633 Heraclides
978 2590 1045 2631 non
1063 2565 1188 2628 distulit

126 2669 288 2755 extemplo
301 2670 484 2735 conducere
497 2673 647 2748 militem,
662 2688 712 2753 et,
724 2694 807 2758 quos
821 2695 860 2735 ex
876 2668 1053 2733 illustribus
1068 2667 1142 2730 viris
1160 2665 1188 2727 ei

126 2769 261 2832 consilio
280 2788 483 2858 opportunos
500 2789 649 2853 noverat,
667 2795 834 2837 arcessere.
854 2772 1060 2853 Quibuscum
1077 2769 1187 2856 Ephe-

127 2890 199 2931 sum
210 2869 348 2952 delatus,
359 2875 434 2934 totis
446 2873 567 2937 viribus
584 2875 624 2936 ab
635 2874 772 2953 bellum,
788 2872 877 2960 quod
888 2872 1036 2958 parabat,
1048 2893 1081 2933 se
1094 2869 1190 2954 coepit

127 2968 303 3057 accingere.
322 2972 522 3052 Demetrius,
534 2988 571 3034 ut
584 2972 736 3036 adversus
750 2975 840 3033 hunc
853 2989 1008 3058 terrorem
1026 2993 1059 3032 se
1075 2972 1191 3031 Roma·

128 3071 481 3137 norumbenevolentia
497 3089 653 3154 tueretur,
671 3095 774 3159 quum
786 3072 845 3134 alia
860 3072 935 3160 ipsis
951 3070 1056 3133 officia
1068 3085 1190 3133 attente

126 3172 291 3258 praestitit,
311 3190 380 3237 tum
397 3174 667 3261 Adramyttenum
683 3173 856 3261 quemdam
876 3172 1050 3258 (Andrisco
1070 3194 1191 3235 nomen

127 3274 207 3360 erat)
222 3277 284 3340 sub
295 3277 441 3342 custodia
457 3280 593 3340 Romam
605 3278 710 3357 misit,
724 3278 799 3363 quia
813 3277 920 3339 Persei
931 3298 968 3339 se
980 3274 1081 3338 filium
1099 3275 1125 3337 is
1141 3275 1189 3336 le-

127 3377 235 3457 rebat,
252 3382 308 3466 qui
334 3396 498 3468 postremo
516 3403 573 3443 rex
597 3378 796 3443 Macedoniae
819 3379 948 3441 fuerat:
971 3400 1078 3464 neque
1100 3377 1189 3464 parvi

126 3480 348 3544 estimandum
362 3483 426 3547 hoc
439 3480 582 3547 officium
597 3480 751 3545 Demetrii
765 3481 881 3560 fuisse,
894 3504 968 3544 mox
980 3495 1113 3543 eventus
1131 3478 1191 3543 do·

128 3583 211 3662 cuit,
224 3568 326 3670 quum
339 3584 390 3648 ille
404 3601 574 3666 veterator,
591 3585 671 3648 clam
690 3585 833 3670 elapsus,
848 3581 1071 3647 Macedoniam
1084 3582 1191 3651 ,Thra-

129 3683 274 3771 ciamque
297 3687 421 3773 ingenti
444 3703 539 3751 motu
563 3688 755 3766 concitaret,
781 3700 818 3747 ut
840 3686 874 3747 in
901 3686 973 3747 loco
1002 3686 1188 3748 referemus.

130 3785 242 3865 Quum
259 3786 326 3849 haec
339 3787 472 3852 diversis
487 3804 645 3852 terrarum
657 3786 802 3875 partibus
814 3800 995 3875 agerentur,
1011 3787 1122 3848 Romae
1138 3785 1190 3847 in·

128 3887 236 3974 signes
251 3886 373 3973 aliquot
387 3890 448 3952 viri
464 3888 637 3953 obierunt:
659 3888 705 3952 M.
716 3887 865 3952 AEmilius
880 3886 1020 3974 Lepidus
1044 3887 1191 3973 pontifex

128 3987 306 4066 maximus,
327 4003 360 4051 et
378 3988 423 4053 Μ.
444 3990 578 4054 Porcius
599 4005 735 4077 praetor3
757 3989 837 4065 alter
859 4010 991 4074 quoque
1019 3987 1190 4051 consulum

129 4091 164 4153 L.
176 4089 308 4153 Flaccus
323 4090 358 4152 in
370 4091 558 4180 magistratu
570 4107 719 4154 mortuus
735 4105 793 4153 est.
810 4089 855 4154 M.
870 4089 1021 4152 Porcium
1039 4089 1119 4151 Cato
1137 4111 1193 4174 pa·

129 4205 178 4253 ter
195 4214 254 4279 pro
276 4191 375 4254 modo
394 4192 600 4273 facultatum,
617 4214 696 4279 quas
714 4190 854 4255 habebat
875 4212 943 4253 non
962 4188 1191 4276 amplissimas,

128 4291 255 4362 honore
273 4315 311 4357 ac
327 4293 463 4374 affectu,
480 4315 578 4378 quam
596 4294 756 4380 impensa,
776 4293 895 4371 majore
912 4288 1050 4354 extulit:
1067 4304 1099 4353 et
1115 4312 1190 4354 eum

164 4498 180 4564 S
195 4502 266 4551 vm.
279 4501 367 4567 Polyb.
382 4501 497 4565 Exeat-pt.
514 4501 596 4565 Legat.
613 4508 669 4556 rto.
688 4525 724 4538 -
738 4498 830 4564 Sulpic.
849 4499 933 4548 Severi
943 4494 1009 4545 Hist.
1022 4495 1089 4544 Sacr.
1102 4498 1137 4544 11.
1151 4522 1187 4534 —

130 4583 217 4649 Polyb.
1045 4612 1050 4619 .
