2594 4980
268 737 325 807 IN
356 736 471 805 LOC.
498 736 597 804 LIB.
626 734 799 803 LXXVI
830 733 1061 803 LIVIANI.
1131 732 1200 827 741
1259 806 1262 811 ,

131 854 280 920 «Italicos
297 879 316 919 a
332 876 408 945 rege
424 854 590 944 polliceor.
608 854 684 918 llaec
700 855 783 918 ratio
806 852 834 917 si
852 850 1020 941 displicet,
1041 871 1099 920 aut
1120 855 1201 919 iusi·

130 956 277 1022 «dicaam
302 957 396 1021 istam
421 957 596 1021 amicitiam
621 955 824 1046 abrumpite,
848 967 907 1019 aut
928 955 1068 1019 Romam
1092 955 1201 1036 injus

131 1089 144 1114 a
153 1081 275 1124 eamus
286 1089 299 1115 ι
318 1059 395 1124 Hac
408 1058 467 1123 ubi
482 1057 569 1123 diota
586 1074 666 1123 aunt
677 1081 697 1122 a
706 1055 877 1145 Pelopida,
889 1056 1030 1120 Romani
1043 1056 1201 1122 orationis

130 1160 302 1224 insolentia
316 1161 566 1241 commotiones,
579 1159 801 1224 Mithridatem
815 1160 971 1224 abstrbcre
985 1158 1159 1224 Nr'comede
1171 1173 1204 1225 et

133 1259 337 1349 Cappadocia
346 1263 533 1343 jusserunt3
546 1261 632 1326 bane
641 1262 950 1326 enimdriobarsaai
959 1283 991 1324 se
1001 1260 1200 1325 reddr'turos:

131 1361 322 1451 Pelopidam
336 1365 487 1428 continuo
499 1363 586 1427 abire
597 1365 707 1428 castris
714 1410 724 1443 ,
742 1385 840 1452 neque
857 1365 982 1444 reveni,
998 1363 1059 1427 nisi
1069 1383 1131 1425 rex
1141 1362 1201 1426 im·

123 1474 243 1550 perata
247 1462 390 1552 fecisset.

176 1563 290 1628 XLVI.
307 1563 496 1629 Discedenti
510 1565 692 1657 custodiqm
709 1564 786 1630 addi
805 1565 946 1654 placuit,
964 1587 1008 1629 ne
1027 1586 1111 1652 quos
1127 1564 1201 1630 obi·

35 1734 43 1745 ·
132 1677 181 1727 ter
204 1663 309 1729 invia
331 1682 565 1755 corrumperet.
589 1658 687 1770 Haud
708 1666 864 1732 absimilis
890 1669 1091 1757 legatorum,
1116 1689 1201 1755 quos

38 1850 42 1857 Ι
90 1832 93 1837 ,
132 1762 250 1857 deinde
273 1765 314 1830 ad
337 1782 487 1832 senatum
506 1760 711 1834 Mithridates
733 1769 838 1851 misit,
860 1771 982 1852 oratio,
1000 1771 1203 1857 Patrumque

131 1864 172 1929 ad
185 1889 257 1931 eam
273 1889 468 1958 responsum
480 1871 544 1934 fuit
557 1892 566 1934 ε
581 1870 784 1958 petentibus,
797 1870 950 1960 siquidem
961 1873 1081 1935 anneus
1087 1869 1205 1959 populi

131 1971 259 2032 romani
261 1969 448 2035 Nicomedes
460 1984 550 2051 esset,
566 1970 658 2035 illum
668 1973 858 2036 auctoritate
867 1994 927 2037 aaa
938 1972 987 2036 ad
996 1970 1200 2060 sanisacr'ea·
1220 2002 1224 2011 ¹

130 2071 208 2135 dum
222 2072 441 2161 conpellerent
445 2097 458 2153 ,·
474 2075 523 2136 sin
533 2090 628 2153 vera,
645 2073 864 2140 Mitlrn'a'alem
875 2075 938 2138 sibt
945 2072 1105 2138 coaiulere
1111 2086 1204 2161 paee·

36 2210 40 2215 -
131 2185 258 2254 reusam
271 2190 427 2239 neutrum
441 2198 634 2241 conoessum
652 2192 717 2258 cst,
735 2177 897 2265 minaeque
914 2179 1050 2266 insuper
1065 2175 1201 2256 addita,

130 2276 194 2338 nisi
209 2275 446 2366 Cappadociam
464 2278 680 2343 Ariobarzani
696 2278 859 2358 redderet,
881 2281 1085 2344 eremitteret
1101 2276 1201 2343 Nico·

130 2377 277 2443 medem:
293 2378 474 2469 eademque
491 2379 545 2445 die
563 2397 694 2446 coactos
716 2380 805 2445 abire
829 2380 951 2471 legator
972 2381 1122 2445 numiam
1137 2380 1206 2467 regi

129 2500 186 2543 suo
209 2480 393 2566 jusserunt,
413 2505 453 2546 aa
475 2505 568 2572 quem
592 2482 708 2548 deinde
725 2486 881 2562 narcara,
907 2482 1008 2547 donec
1037 2481 1201 2547 mandatis

131 2597 258 2646 meatus
267 2586 436 2671 paruisset.

173 2680 305 2747 XLVII.
322 2684 375 2748 Sic
390 2684 520 2749 irritatis
534 2685 691 2772 utrinque
702 2685 835 2766 animia,
850 2684 908 2772 qui
918 2705 978 2773 per
987 2683 1097 2749 Asiam
1108 2698 1202 2747 erant

130 2783 258 2847 romani
285 2782 404 2865 duces,
430 2807 499 2849 non
528 2800 712 2875 exspectato
735 2784 1021 2851 senatusconsulto
1046 2782 1203 2873 populive

127 2885 237 2969 jussu,
255 2908 294 2951 ex
310 2887 470 2976 Bithynia
484 2887 762 2977 Cappadociaque
777 2902 812 2952 et
824 2886 1052 2975 Paphlagoniae
1069 2884 1202 2950 delecti·
1292 2956 1296 2963 ,

130 2985 192 3050 bus
220 2987 398 3051 exercitum
428 3004 627 3078 coegerunt,
655 2986 773 3053 additia
797 2988 896 3053 etiam
922 2986 1200 3077 Gallograecorum

130 3087 265 3154 auxiliis.
285 3088 389 3153 Simul
413 3089 448 3154 L.
467 3090 585 3173 Cassii,
604 3090 662 3178 qui
684 3089 796 3155 Asiam
814 3089 1002 3171 obtinebat,
1023 3087 1201 3155 convenire

126 3187 238 3268 jussus
259 3205 309 3254 est
333 3190 510 3275 exercitum
525 3191 691 3280 copiaeque
714 3191 884 3257 amilianae
902 3213 1018 3255 omnes
1043 3189 1199 3255 eumdem

129 3289 164 3352 in
180 3290 291 3355 locum
307 3289 489 3357 conductae.
507 3291 633 3357 Deinde
649 3293 760 3382 partiti
775 3293 860 3357 inter
877 3313 912 3357 se
928 3293 1031 3358 vires:
1051 3291 1200 3375 Cassius,

130 3391 189 3455 ubi
205 3393 364 3482 Bithyniae
376 3393 584 3484 Gallograecia
597 3394 829 3475 committitur,
845 3393 957 3458 matris
970 3393 1058 3482 cepit
1070 3392 1200 3474 locunm

130 3494 259 3559 Manius
269 3496 447 3584 Aquillius,
462 3520 527 3585 qua
542 3497 729 3586 irrupturos
745 3497 779 3561 iu
793 3496 979 3584 Bithyniam
993 3494 1199 3562 Mithridates

129 3595 339 3681 credebatur,
356 3597 514 3663 consedit.

132 3728 135 3734 ¹
172 3700 318 3764 vafll.
338 3701 547 3790 Cappadocia
561 3698 683 3766 finibus
699 3701 824 3791 Appius
833 3698 987 3766 Claudius
996 3697 1200 3788 presidebat.

129 3802 239 3889 Copiae
254 3802 305 3866 his
324 3819 416 3867 erant
431 3804 579 3892 equitum
599 3802 830 3891 peditumque,
849 3800 1056 3890 quadragena
1072 3798 1202 3864 circiter

130 3901 239 3966 millia.
266 3904 372 3967 Naves
406 3905 504 3968 etiam
531 3904 685 3985 aderant,
711 3903 831 3992 quibus
859 3901 1003 3991 prefecti
1033 3901 1200 3967 Minucius

129 4004 251 4080 Rufus,
267 4006 304 4068 C.
316 4005 472 4094 Popillius
489 4007 653 4096 angustias
667 4007 762 4072 Ponti
780 4005 868 4095 apud
880 4004 1071 4093 Byzantium
1087 4003 1200 4068 obser-

128 4106 257 4170 vabant.
277 4106 398 4171 Praeter
418 4108 488 4172 hoec
508 4107 705 4174 Nicomedes
724 4131 821 4174 suum
840 4106 982 4171 habebat
1001 4105 1199 4187 exercitum,

129 4208 363 4296 quinquaginta
381 4208 530 4296 peditum
555 4210 672 4291 millia,
693 4233 747 4275 sex
768 4209 929 4299 equiturn.
950 4209 1068 4296 Neque
1090 4207 1200 4272 minus

164 4407 180 4473 §
201 4410 288 4456 xtvl.
309 4410 412 4473 Eutrop.
430 4408 473 4459 lib.
485 4410 515 4456 V.
536 4439 569 4447 --
588 4411 660 4457 Oros.
671 4412 722 4467 Vl,
735 4427 760 4458 2.
779 4438 813 4447 —
828 4409 878 4458 nio
896 4407 963 4474 apud
984 4407 1199 4456 Fulr.1lrsiu.·-

130 4493 236 4559 Appittu.
247 4493 360 4543 Mithrid.
