2594 4980
226 717 429 809 lnLoc.
458 716 554 786 LIB.
581 716 715 786 XLIX
744 719 974 791 LIVIANI.
1069 646 1135 791 1¹05

110 852 182 905 mua
197 839 376 903 revertisset
393 837 523 917 consul,
539 837 705 900 castellum
726 838 964 922 Romanorum,
985 840 1075 929 quod
1095 842 1137 907 ad

109 941 208 1005 tutelam
226 942 357 1005 navium
379 937 609 1004 exaedificatum
635 956 719 1020 crat,
737 957 839 1004 noctu
862 964 880 1005 a
902 942 1007 1007 Poenis
1030 966 1137 1032 oppu-

63 1042 68 1137 ξ
109 1059 209 1131 guantur
233 1058 283 1106 est
305 1064 382 1107 cum
408 1041 549 1105 maximo
575 1041 729 1116 clamore,
749 1062 846 1127 quem
871 1063 938 1104 non
959 1059 1138 1131 pugnantes

63 1146 68 1237 ξ
110 1140 196 1224 nodo,
210 1141 265 1207 sed
279 1144 377 1207 etiam
396 1143 453 1230 qui
468 1141 571 1205 relicti
587 1142 621 1204 in
637 1141 720 1205 urbe
733 1141 881 1217 fuerant,
900 1142 941 1206 ad
956 1141 1138 1207 distrahen-

63 1240 68 1313 ἰ
110 1238 168 1305 dun
175 1243 289 1307 bostem
300 1242 457 1308 tollebant
465 1269 475 1326 ;
484 1259 746 1331 processeratque
754 1243 832 1330 ipsis
844 1243 1013 1306 inventum
1025 1250 1141 1325 suum,

67 1402 70 1407 .
111 1340 232 1431 uiScipio
246 1345 281 1407 in
298 1344 441 1409 exercitu
454 1344 567 1408 fuisset
580 1368 587 1408 :
602 1345 723 1432 quippe
737 1345 853 1407 consul
867 1345 998 1432 ancipiti
1016 1346 1140 1409 tumul·

112 1454 152 1519 ¹11,
163 1444 236 1530 quod
250 1446 433 1534 periculum
449 1463 481 1509 et
494 1447 552 1509 ubi
566 1462 649 1510 esset
664 1445 834 1524 dubitans,
850 1468 892 1508 ne
905 1445 1078 1509 hostilibus
1092 1446 1142 1507 in-

114 1538 265 1609 tidibdaret
277 1547 405 1627 locum,
419 1569 496 1610 suos
509 1547 543 1611 in
558 1547 667 1611 castris
682 1546 879 1610 continebat.
892 1547 999 1633 Scipio
1013 1562 1140 1627 autem,

114 1648 247 1735 tttumptis
266 1649 414 1736 equitum
436 1648 525 1712 haud
541 1649 681 1736 amplius
698 1648 824 1712 duabus
841 1648 915 1727 alis,
934 1670 1009 1710 cum
1025 1671 1140 1712 accen·

114 1740 146 1805 tit
157 1746 260 1813 iacibus
278 1751 436 1826 accurrit,
454 1750 561 1815 edicto
579 1752 663 1830 suis,
680 1772 722 1812 ne
739 1749 811 1836 quis
827 1770 886 1835 per
903 1747 1051 1811 tenebras
1065 1771 1141 1812 cum

115 1838 182 1911 lion
196 1865 414 1930 concurreret,
440 1852 497 1913 sed
516 1850 745 1914 tantummodo
763 1872 839 1915 cum
858 1849 982 1921 facibus
1004 1851 1141 1938 obequi-

115 1954 202 2029 Μία,
218 1949 588 2038 multitudinisspeciem
602 1951 729 2030 Poenis,
745 1966 778 2013 et
795 1966 949 2037 tanquam
963 1954 1144 2040 aggressuri

115 2062 204 2113 ustum
221 2051 362 2115 iacerent
375 2075 383 2115 z
400 2052 463 2115 hoc
474 2068 661 2116 commento
674 2039 869 2140 perturbatis
882 2054 1049 2136 hostibus,
1064 2056 1140 2118 etin

116 2148 234 2233 oppidum
247 2152 501 2242 refugientibus,
517 2152 682 2217 castellum
699 2154 842 2240 periculo
857 2153 1030 2217 liberatum
1046 2171 1104 2217 est.

144 2247 238 2319 tux.
256 2253 396 2334 Consul,
409 2277 511 2342 quum
532 2254 610 2318 hine
633 2254 857 2341 frequentibus
874 2254 1049 2318 Poenorum
1069 2277 1143 2317 eru·

115 2347 254 2436 ptnibus,
263 2354 342 2421 inde
352 2356 486 2419 incursu
493 2354 701 2419 Hasdrubalis
712 2370 807 2419 noete
818 2354 937 2441 dieque
946 2356 1144 2443 fatigaretur,

116 2441 220 2519 utne
230 2470 417 2519 convertere
430 2455 588 2543 impetum
605 2457 732 2535 statuit3
749 2479 788 2519 eo
801 2455 942 2536 devicto,
955 2471 1068 2519 caetera
1082 2455 1142 2519 sibi
1207 2506 1211 2513 .

116 2546 301 2621 fluentiam
316 2556 469 2646 proclivia
484 2559 554 2620 fore
569 2559 751 2622 arbitratus.
770 2558 929 2645 Nepheris
946 2573 1012 2621 erat
1029 2558 1142 2621 castel-

116 2644 177 2735 bn,
192 2659 251 2723 situ
270 2675 305 2722 et
325 2680 424 2746 opere
443 2660 680 2746 permunitum,
704 2659 746 2724 ad
770 2658 860 2746 quod
883 2676 985 2724 castra
1006 2659 1145 2723 habebat

117 2744 281 2825 humet:
294 2759 499 2827 dissuadebat
515 2761 753 2849 expeditionem
766 2761 890 2848 Scipio,
906 2760 996 2848 quod
1011 2783 1069 2848 per
1080 2761 1144 2823 ini·

117 2870 190 2935 quum
202 2863 332 2943 saltum,
349 2863 571 2950 superioribus
591 2865 633 2927 ab
649 2864 742 2926 hoste
754 2856 842 2926 'locis
860 2863 1041 2949 occupatis,
1062 2884 1144 2924 eun·

63 2954 65 2961 ¹
116 2946 172 3023 im
186 2982 282 3046 ssset3
302 2986 416 3029 verum
432 2966 536 3031 victus
552 2964 676 3029 diversa
694 2987 752 3052 per
768 2962 921 3027 invidiam
939 2962 1142 3027 suadentium

63 3110 65 3153 3
116 3060 242 3146 Quibit,
257 3068 326 3153 ipse
342 3088 475 3154 quoque
495 3067 557 3130 iter
573 3082 623 3131 est
641 3066 813 3155 ingressus.
836 3064 947 3128 Minus
962 3065 1028 3142 jam
1044 3065 1144 3151 passi·

117 3146 160 3221 b⁰¹
170 3164 402 3255 qudringentis
417 3167 457 3231 ab
468 3166 563 3233 hoste
573 3168 723 3248 aberant,
733 3189 836 3254 quum
848 3166 951 3229 amnis
964 3188 999 3229 se
1011 3165 1145 3247 objecit,

116 3257 256 3337 isinana
274 3265 483 3333 Hasdrubalis
498 3269 682 3356 petentibus
698 3267 913 3332 transeundus
929 3284 1006 3332 erat.

147 3358 225 3432 blbi
234 3392 339 3457 quum
350 3391 465 3458 agmen
483 3372 662 3435 necessario
673 3371 886 3452 constitisset,
897 3371 1016 3434 iterum
1029 3371 1147 3435 institit

117 3448 212 3549 stipa,
225 3487 263 3535 ut
280 3487 531 3553 reverterentur,
549 3471 617 3535 αἱὶα
635 3475 794 3537 occasione
806 3471 936 3561 alliisque
951 3473 1068 3535 ortibus
1084 3472 1146 3534 ad»

63 3580 65 3587 '
116 3570 190 3627 *Μ
201 3570 427 3635 Hasdrubalem
441 3594 518 3660 opus
530 3597 610 3652 esse,
625 3572 774 3638 dictitans
793 3597 801 3637 :
819 3575 950 3662 reliquis
969 3590 1075 3637 autern
1090 3574 1147 3635 tri·

63 3700 65 3707 ·
117 3646 189 3730 dum}
203 3693 315 3763 magno
331 3672 441 3737 studio
459 3675 729 3762 repugnantibus,
747 3677 972 3762 timiditatique
984 3698 1048 3737 rem
1061 3676 1148 3738 simi-

119 3747 212 3849 Ἣ,
223 3796 318 3861 quam
328 3773 472 3854 considio,
477 3773 631 3862 futuram
643 3774 843 3856 dicentibus,
859 3778 889 3838 si
894 3790 1053 3864 conspecto
1065 3775 1149 3839 boste

63 3900 65 3953 5
120 3872 322 3956 Medeon,
339 3876 434 3964 idque
447 3898 504 3939 nee
516 3874 794 3964 inpuncfacturos
800 3924 810 3955 ,
828 3876 884 3939 illo
897 3888 985 3963 terga
997 3889 1149 3963 tanquam

63 3963 65 4017 5
114 3952 269 4047 stiuam
286 3978 464 4041 contemtim
481 3979 626 4041 invasum
640 4001 652 4040 :
668 3978 786 4041 iterum
801 3977 910 4064 petiit,
926 3991 962 4040 ut
975 3979 1083 4038 saltem
1096 3997 1148 4037 ca-

123 4070 169 4123 “m
178 4074 244 4139 citra
259 4100 383 4141 ammm
393 4092 565 4166 ponerent,
583 4100 645 4166 qno
660 4080 689 4141 si
690 4077 893 4166 pellerentur,
909 4076 998 4163 quod
1012 4076 1148 4138 omnino

124 4152 237 4241 summm
259 4178 453 4255 affirmabat,
479 4194 614 4268 receptus
638 4193 744 4242 tamen
765 4192 856 4257 esset,
880 4175 1069 4262 sicquidem
1094 4198 1149 4238 nec

63 4394 66 4399 '
149 4365 171 4499 §A
171 4373 268 4441 ¹1¹V111.
275 4389 330 4439 Lis.
341 4391 406 4458 Epis.
417 4392 566 4457 -Appirm
580 4420 615 4429 -
624 4394 710 4441 Zonar.
722 4408 775 4455 cap.
790 4400 830 4453 49.
842 4416 876 4427 -
887 4386 902 4450 S
914 4386 1005 4433 xm.
1015 4387 1067 4435 Lir.
1079 4388 1145 4452 Epit.

125 4466 150 4484 '''
170 4461 242 4521 triu.
