2594 4980
348 727 402 796 IN
432 726 545 795 LOC.
572 726 668 796 L'lb.
694 728 806 796 LXII
835 727 1052 798 LIVIANI.
1161 727 1235 815 dab

163 868 306 910 errorem
320 864 419 934 puto,
433 862 599 911 exaratum
610 864 675 930 est,
687 847 823 938 Ligures
836 862 870 912 ct
881 847 1233 940 cantuumque»

163 949 326 1013 diversum
342 973 463 1040 genus,
479 949 656 1016 domuisse.
1171 962 1175 969 '

206 1050 275 1114 LII.
291 1052 403 1116 Fuisse
418 1053 503 1116 sicut
517 1054 602 1117 fama
618 1052 809 1132 obscuram,
825 1052 872 1117 sic
885 1053 983 1117 etiam
999 1053 1099 1118 rebus
1117 1074 1234 1144 geren·

161 1153 211 1216 dis
221 1152 310 1216 haud
323 1153 487 1235 dillicilem
500 1153 762 1244 expeditionem,
777 1152 905 1241 opinari
918 1153 1011 1234 licet,
1019 1154 1097 1241 quis
1105 1169 1234 1243 tempus

162 1255 191 1317 ei
214 1256 390 1342 superfuit,
406 1278 425 1318 a
447 1256 608 1320 Placentia
624 1256 773 1321 Parmam
791 1277 896 1343 usque
915 1257 1018 1321 fossas
1039 1255 1234 1346 navigabiles

161 1356 318 1439 ducendi,
331 1357 529 1421 exsiccandis
538 1357 731 1446 paludibus,
744 1379 825 1446 quaa
839 1357 931 1436 juxta
937 1356 1134 1423 Placentiam
1143 1354 1234 1423 Pado

161 1457 309 1522 incidens
322 1460 457 1540 Trebia,
480 1460 599 1548 aliique
618 1482 716 1549 supra
739 1482 815 1524 eum
838 1479 971 1538 amnes,
988 1455 1234 1540 incommodas,

161 1562 339 1646 praesertim
356 1584 431 1625 cum
444 1563 587 1626 exercitu
603 1560 866 1640 transeuntibus,
877 1558 1062 1625 efficiebant
1075 1581 1083 1622 :
1097 1581 1172 1647 quat
1182 1580 1235 1625 aea

161 1663 256 1726 etiam
272 1664 487 1728 Hannibalem
499 1664 596 1747 obus,
610 1687 727 1754 magna
742 1685 819 1728 cum
832 1662 1003 1727 vexatione
1014 1661 1184 1750 copiarum
1193 1662 1233 1729 iis

162 1766 238 1827 Iocis
257 1765 318 1828 iter
331 1766 519 1848 facientem,
538 1784 656 1854 praeter
667 1769 816 1848 jumenta
832 1781 865 1830 et
880 1765 999 1830 militat
1015 1763 1170 1846 amissos,
1187 1764 1233 1829 al·

163 1867 260 1930 terius
275 1867 361 1930 oculi
378 1867 499 1932 damno
516 1870 734 1934 mulctaverat.
1141 1924 1145 1951 ,

203 1969 288 2032 LIII.
310 1969 525 2040 Praetermissa
541 1971 699 2036 haetenus
715 1971 768 2035 illa
784 1993 861 2034 cura
880 1992 949 2034 non
969 1985 1035 2033 tam
1056 1969 1233 2059 imperato·

162 2092 235 2132 rum
250 2071 375 2157 ignavia
389 2072 510 2152 iuerat,
521 2096 619 2161 quam
634 2073 712 2161 quia
720 2073 964 2136 munimentum
976 2071 1073 2136 Italiae
1081 2069 1234 2135 advertus

162 2168 271 2233 Gallos
287 2172 320 2233 in
337 2171 525 2237 difficultate
534 2175 659 2238 viarum
673 2174 850 2262 putabatur
863 2196 872 2238 z
885 2189 957 2238 tum
971 2190 1083 2239 autem
1096 2194 1233 2262 prospe·

160 2272 203 2334 ris
222 2288 309 2336 trans
321 2275 419 2361 Alpes
435 2275 551 2356 rebus,
565 2294 668 2364 quum
684 2292 873 2365 appareret,
891 2275 992 2340 duces
1006 2275 1233 2365 exercitusque

159 2395 312 2437 romanos
325 2396 409 2464 saepe
427 2399 464 2439 ea
482 2378 676 2442 transituros
692 2400 781 2459 esse,
794 2377 960 2468 diligentia
976 2379 1089 2445 Scauri
1105 2377 1157 2443 via
1171 2398 1232 2466 ep·

158 2492 300 2562 portune
324 2479 510 2564 permunita
528 2497 587 2545 est.
611 2480 671 2543 Vir
693 2481 781 2544 enim
800 2479 957 2570 impiger,
979 2495 1014 2543 et
1034 2501 1152 2568 magna
1174 2499 1234 2566 per

158 2597 291 2641 omnem
307 2579 405 2642 vitam
421 2581 590 2668 gravitate,
602 2581 739 2644 militem
755 2581 878 2669 optime
891 2580 1059 2644 laboribus
1071 2580 1233 2644 contineri

158 2677 278 2741 sciebat
289 2702 297 2741 :
309 2694 375 2742 tam
389 2681 519 2769 largiter
534 2697 614 2744 voto
630 2682 772 2769 potitus,
784 2696 823 2745 ut
836 2682 905 2769 ipse
919 2680 1124 2769 disciplinam
1137 2702 1231 2746 exer·

157 2778 241 2839 citus
257 2779 325 2853 sui,
343 2797 430 2843 certe
449 2779 664 2846 admiratione
685 2781 836 2870 dignam,
852 2781 1047 2870 praedicans,
1064 2782 1231 2847 memorio

156 2877 358 2964 prodiderit,
380 2879 573 2967 pomrflram
596 2883 759 2960 arborem,
780 2905 878 2970 quam
897 2886 932 2945 in
951 2881 1033 2971 peda
1054 2892 1232 2948 castrorum

146 2976 264 3065 fuerat
277 2980 447 3068 complexa
462 2984 592 3046 nictatio
600 3031 611 3064 ,
623 2997 748 3072 postero
762 2983 812 3047 die
819 3030 830 3065 ,
847 2983 984 3048 munta
999 2987 1161 3064 acreda,
1179 2987 1230 3049 rit·

156 3083 249 3142 tactis
256 3079 422 3168 fiuctibus
439 3083 595 3148 relictam.

200 3183 282 3248 LIV.
302 3184 357 3249 Μ’.
372 3186 475 3251 Acilio
486 3186 606 3268 Balbo,
626 3189 663 3252 C.
679 3186 796 3250 Porcio
813 3189 937 3252 Catone
955 3187 1161 3270 consulibus,
1178 3187 1230 3253 in·

156 3287 249 3350 famis
266 3288 386 3351 saevitia
405 3286 631 3378 prodigiorum
647 3310 754 3353 annus
772 3288 846 3354 fuit.
864 3289 949 3353 Nam
971 3305 1004 3353 et
1021 3289 1107 3353 droa
1126 3289 1229 3354 solem

156 3387 244 3450 orbis
260 3391 427 3476 apparuit:
440 3408 492 3471 et,
506 3390 588 3455 lacte
601 3408 635 3455 et
648 3391 807 3480 sanguine
819 3391 957 3480 pluisse,
970 3391 1004 3454 in
1016 3408 1230 3457 monumenta

156 3488 292 3552 relatum
309 3508 368 3555 est.
385 3491 450 3555 Sed
463 3515 529 3580 prae
542 3494 664 3558 caeteris
680 3491 805 3558 foedum
821 3515 858 3557 ac
877 3493 1022 3557 terribile
1039 3491 1228 3574 videbatur,

156 3589 246 3674 quod
265 3591 382 3677 equitis
397 3595 524 3659 romani
541 3596 576 3659 L.
588 3595 692 3660 Helvii
709 3594 774 3660 filia
792 3597 901 3684 virgo,
916 3617 1021 3683 quum
1034 3593 1156 3660 aludis
1174 3618 1229 3661 ro-

155 3692 260 3753 manis
271 3691 307 3757 in
319 3694 467 3781 Apuliam
484 3718 560 3760 cum
574 3712 666 3785 patre
682 3711 918 3776 reverteretur,
934 3696 1072 3760 fulmine
1087 3697 1151 3762 icta
1160 3712 1227 3779 est,

156 3813 222 3854 non
242 3793 343 3882 magis
360 3811 464 3859 morte
477 3798 592 3884 puellas
608 3797 801 3877 miserabili,
814 3786 913 3884 quam
930 3798 1093 3862 minarum
1107 3797 1227 3886 plenis.

154 3917 227 3979 quae
243 3896 328 3958 circa
343 3913 526 3961 evenerant.
538 3899 665 3964 Oborta
675 3914 883 3988 tempestate,
893 3920 1001 3986 quum
1012 3899 1226 3967 exanimatam

157 4013 249 4061 metu
267 4013 358 4086 pater
373 3996 523 4080 vidisset,
537 4022 605 4088 quo
621 4001 716 4065 citius
737 3999 947 4089 propioribus
965 4002 1058 4067 tectis
1074 3999 1228 4069 suecede-

192 4235 207 4298 s
221 4237 287 4285 LIII.
299 4236 396 4285 Sallust.
409 4237 523 4300 Jugonb.
536 4254 590 4303 cap.
604 4238 644 4286 15.
658 4265 694 4274 -
705 4236 759 4288 cie.
773 4252 820 4303 pro
834 4238 960 4297 Μυκη,
971 4254 1026 4303 cap.
1042 4252 1082 4298 ¹7·
1094 4262 1132 4275 -
1140 4238 1228 4295 Frons,

159 4320 291 4377 Srmt.1V‚
310 4322 333 4370 ³.
353 4348 387 4358 -
405 4320 421 4385 S
435 4322 499 4369 LIV.
514 4323 545 4371 U.
559 4322 587 4371 C.
599 4323 670 4381 639;
689 4323 721 4373 b
733 4323 763 4372 C.
777 4330 835 4378 rra.
855 4350 890 4359 -
911 4321 975 4370 Plin.
991 4323 1028 4379 11,
1047 4335 1083 4384 ao
1096 4332 1121 4371 et
1136 4321 1178 4377 56,
1189 4348 1225 4360 -

157 4402 267 4461 ΟΜΝ,
282 4405 526 4470 15.-JuI.0bseq.
539 4433 573 4445 -
583 4406 707 4456 Plutarch.
719 4407 811 4473 Quat.
824 4408 897 4456 Rom.
910 4421 964 4471 cap,
978 4405 1019 4455 83.
