2594 4980
118 712 191 792 420
296 708 365 775 ro.
394 699 1013 775 rastnsnuuusunrtuu,

117 851 191 894 rum
214 827 322 892 adhuc
338 828 433 916 (nam
451 843 576 913 patrem
597 838 693 888 natus
714 843 819 887 annos
845 821 1000 888 undecim
1020 825 1195 914 amiserat)

118 953 204 1019 equo
234 929 523 1017 feroimpositum
553 924 695 991 exerceri
718 923 891 1005 jaculando
917 942 1115 1015 coegerunt:
1144 928 1193 993 ita

116 1034 288 1107 ellectum,
303 1046 341 1095 ut
358 1029 536 1118 quamlibet
553 1029 677 1092 seroces
691 1048 794 1116 equos
809 1025 932 1090 viribus
950 1041 983 1090 et
998 1026 1111 1114 peritia
1125 1025 1193 1093 do·

118 1144 231 1198 maret.
255 1133 395 1195 Veneno
421 1131 561 1220 aggressi
586 1144 664 1193 sunt
690 1128 823 1222 tollere:
851 1127 1032 1218 adegerunt
1055 1151 1124 1194 non
1148 1130 1193 1195 ad

117 1232 275 1299 sumenda
296 1249 441 1316 tantum,
464 1232 520 1297 sed
542 1232 638 1295 etiarn
663 1230 872 1320 excogitanda
893 1228 1052 1311 remedia,
1067 1230 1193 1319 quibus

117 1329 282 1419 firmatus,
297 1353 369 1401 tum
384 1358 534 1422 quoque,
551 1355 656 1421 quum
673 1333 758 1399 mori
770 1352 900 1397 veneno
916 1332 1029 1414 vellet,
1043 1356 1112 1401 nou
1129 1356 1192 1422 po·

117 1442 200 1504 tuit:
216 1458 288 1527 quae
305 1437 413 1502 adhuc
427 1438 528 1525 ipsius
546 1437 679 1500 nomine
696 1435 918 1522 memoriaque
933 1434 1149 1500 celebrantur.

160 1541 317 1605 XXXIX.
330 1539 430 1601 Ferro
444 1537 598 1600 mandare
609 1537 713 1602 scelus
725 1536 952 1601 instituerunt:
964 1537 1193 1602 necessitatem

116 1645 347 1730 imposuerunt
363 1639 606 1702 adolescentulo
625 1638 836 1704 uon‘urbana
858 1653 985 1702 tantum
995 1687 1007 1720 ,
1017 1637 1078 1711 ¹sed
1092 1640 1193 1704 etiam

116 1741 237 1808 rustica
260 1756 344 1806 tecta
368 1741 512 1805 vitandi:
536 1756 670 1832 vagatus
693 1762 752 1829 per
774 1740 867 1804 silvas
896 1755 929 1803 et
953 1757 1083 1805 montes
1106 1764 1193 1830 saepe

117 1843 264 1907 mutabat
280 1841 418 1923 cubilia,
434 1843 554 1930 ignaris
577 1841 732 1907 omnibus
751 1840 810 1905 ubi
828 1850 1053 1929 pernoctaret:
1069 1843 1194 1930 quibus

116 1942 283 2009 laboribus
308 1963 375 2006 non
400 1943 499 2007 modo
520 1941 709 2006 admirabile
731 1941 877 2029 corporis
899 1942 1066 2030 animique
1089 1943 1195 2019 mbur

117 2046 336 2133 comparavit,
363 2043 454 2131 quod
477 2067 518 2107 ne
546 2064 658 2108 senem
683 2041 816 2130 quidem
843 2043 994 2130 reliquit;
1010 2043 1069 2108 sed
1094 2046 1192 2111 etium

117 2147 334 2235 plurimarum
348 2144 535 2233 linguarum
552 2144 793 2234 coguitionem,
804 2166 874 2207 rem
892 2144 1026 2209 minime
1041 2147 1192 2212 inutilem

117 2246 308 2334 imperanti,
329 2244 466 2333 adeptus
488 2262 555 2309 est:
577 2260 615 2308 ut
632 2244 674 2309 ad
697 2244 768 2309 huc
786 2261 934 2333 tempora
959 2247 1047 2312 solus
1070 2265 1192 2314 morta·

117 2350 198 2414 lium
220 2364 369 2437 repertus
388 2348 447 2427 sit,
465 2348 521 2435 qui
538 2347 664 2437 lingum
685 2369 783 2436 supra
804 2347 918 2437 viginti
942 2349 1077 2431 mlieris,
1096 2351 1193 2416 annis

118 2452 207 2533 LVI,
221 2450 341 2538 quibus
353 2451 517 2539 regnavit,
532 2449 752 2530 subjectarum
764 2450 912 2540 gentium
924 2451 1046 2540 legatos
1059 2474 1192 2538 omnes,

119 2553 212 2617 nullo
226 2551 373 2616 adhibito
388 2553 582 2639 interprete,
598 2550 769 2616 audiverit.

163 2655 232 2719 XL.
256 2654 512 2740 Magnitudinem
528 2652 620 2742 ltq'us
643 2656 722 2742 regis
740 2666 932 2724 cometarum
946 2653 1194 2741 apparitionibus

113 2752 421 2844 proedictomsuuse,
435 2755 527 2818 aiunt
536 2802 544 2835 ,
553 2757 675 2843 quiper
683 2753 748 2818 diet
757 2759 969 2843 sqrrtuaginto,
982 2768 1015 2818 et
1022 2776 1084 2843 quo
1097 2770 1195 2820 natm

119 2872 164 2921 est
177 2878 265 2920 anno
273 2904 282 2934 ,
299 2869 331 2918 et
345 2877 407 2944 qno
423 2859 576 2943 imperare
589 2860 701 2946 coepit,
714 2879 786 2920 oum
807 2860 927 2944 ingenti
941 2855 1010 2922 luce
1028 2855 1193 2944 deflcgru·

121 2974 205 3024 runt.
218 2957 299 3023 Solis
301 2957 472 3044 fulgorem
489 2960 530 3021 ab
546 2962 584 3021 iis
602 2961 723 3023 numm
739 2975 890 3024 narrant:
911 2982 1008 3048 quum
1024 2957 1097 3023 coeli
1108 2982 1193 3050 par·

120 3077 184 3126 cern
207 3061 287 3123 odeo
310 3083 463 3146 magnam
486 3073 641 3146 tegerent,
661 3075 713 3140 ut,
735 3061 833 3124 donec
856 3065 916 3125 toti
938 3063 1109 3140 orirentur,
1134 3078 1195 3128 atet

120 3163 311 3243 occiderent,
324 3164 426 3248 spatio
438 3175 577 3247 quotuor
590 3161 740 3225 horarum
751 3163 933 3250 indigerent.
949 3163 1094 3254 Ingentis
1108 3163 1194 3245 eius·

122 3264 263 3351 demque
290 3261 454 3328 diuturnae
483 3264 624 3327 fortunae
648 3264 840 3352 presagium
870 3265 992 3347 fuisse,
1018 3281 1193 3353 postquam

120 3381 299 3451 utrumque
322 3363 446 3443 evenit,
465 3363 636 3429 creditum.
658 3364 794 3430 Minime
817 3365 857 3429 ab
878 3366 1028 3430 instituto
1048 3367 1192 3430 alienum

121 3486 211 3546 reor,
232 3483 265 3528 et
285 3465 370 3544 hac,
395 3482 426 3528 et
449 3467 588 3529 aliorum
610 3467 810 3555 populorum
833 3491 905 3550 res,
928 3470 1038 3557 quales
1057 3492 1094 3532 ea
1110 3484 1194 3533 tem·

121 3582 245 3656 pestate
268 3567 425 3650 fuerunt,
450 3569 631 3657 attingere:
659 3570 736 3656 quia
754 3570 841 3633 enim
869 3592 948 3658 opes
969 3592 1112 3636 romanae
1127 3569 1192 3650 jam

121 3693 161 3737 eo
182 3669 415 3761 magnitudinis
437 3687 620 3753 creverant,
643 3687 683 3736 ut
707 3672 817 3736 omnia
837 3674 942 3761 ferme
963 3695 1062 3763 regna
1085 3673 1192 3738 natio-

121 3794 245 3859 nesque
272 3772 416 3860 cognitas
443 3769 529 3836 bello
555 3786 613 3836 aut
638 3771 813 3840 foederibus
839 3777 1128 3863 amplecterentur,
1152 3773 1193 3839 ad

120 3892 253 3939 externa
276 3896 515 3961 nonnunquam
539 3873 777 3940 deflectendum
801 3895 870 3959 est,
889 3892 928 3941 ut
950 3875 1192 3957 animadverso,

121 4000 193 4065 quae
217 3997 351 4065 quoquc
368 3992 513 4065 tempore
530 4000 629 4067 regna
647 3978 877 4067 civitatesque,
899 3994 933 4044 et
953 3978 1018 4043 sub
1041 3977 1193 4068 qualibus

154 4197 170 4261 S
187 4199 336 4257 XXXVIII.
354 4198 432 4245 strab.
447 4198 490 4246 lib.
505 4200 545 4257 X,
563 4215 618 4263 pag.
632 4207 691 4261 477.
708 4227 744 4238 -·
758 4201 851 4249 lustin.
869 4229 904 4238 -
920 4202 984 4251 Plin.
997 4204 1103 4262 XXIII,
1119 4203 1147 4260 8,
1168 4215 1193 4252 et

120 4283 204 4340 XXV,
217 4296 240 4330 n.
256 4310 291 4318 —
304 4286 334 4330 Δ.
346 4282 410 4329 Gell.
421 4283 510 4339 XVII,
531 4283 570 4330 16.
586 4309 621 4321 -
633 4285 717 4334 Sereu.
730 4288 854 4334 Smnom
865 4301 919 4351 cup.
929 4285 972 4333 62.
984 4311 1021 4321 -
1037 4284 1192 4351 suun.

120 4365 228 4429 Appian.
243 4366 356 4413 Mithrid.
370 4383 427 4430 pag.
443 4367 499 4413 250.
515 4393 550 4402 -
564 4366 697 4427 Ptiuvu,
708 4375 755 4427 ²4,
766 4380 790 4418 et
803 4369 888 4428 XXV,
902 4384 927 4417 a.
940 4395 975 4407 »-
987 4371 1019 4418 Δ.
1029 4369 1093 4419 Gell.
1102 4369 1191 4426 XVII,

122 4449 622 4508 17..-vn.uax.vn1,7.-Juntn.
969 4434 971 4438 ”
