2594 4980
152 754 220 827 308
321 756 389 821 JO.
416 750 757 821 FREINSHEMII
787 748 1027 818 SUPPLEM.

149 889 286 938 verteret
302 874 423 960 (plebis
440 873 527 935 enirn
542 894 656 960 magna
673 871 799 959 portio,
816 869 940 932 intenta
959 867 1049 956 operi
1062 868 1202 949 rustico,

152 976 272 1060 aberat)
292 991 473 1037 commotus
493 975 538 1035 ira
556 995 593 1035 ac
609 989 717 1052 metu,
736 970 849 1058 iurgiis
865 971 1034 1033 adversum
1051 969 1204 1059 collegas,

152 1077 208 1164 qui
227 1075 395 1138 commoda
421 1076 539 1161 plebis,
568 1075 629 1161 ipsi
653 1072 788 1136 divitum
810 1071 974 1150 satellites,
991 1071 1041 1134 sui
1066 1086 1205 1156 quaestus

153 1200 249 1241 causa
267 1175 458 1264 proderent,
472 1192 598 1262 tempus
616 1174 771 1252 eximere,
785 1170 902 1235 deinde
916 1170 1075 1235 dimittere
1087 1170 1206 1250 tribus,

153 1296 331 1367 cogeretur,
351 1277 472 1354 edicte,
487 1291 521 1338 ut
530 1275 680 1363 postridie
690 1273 808 1338 vellent
820 1273 933 1336 adesse.
944 1273 1029 1335 'l'um
1046 1270 1206 1359 digressus

152 1404 170 1442 a
185 1382 311 1469 rostris,
324 1394 355 1441 ct
368 1402 424 1466 per
439 1380 545 1440 lorum
559 1375 771 1439 obambulans
781 1422 789 1453 ‚
799 1373 933 1461 supplici
950 1396 1028 1436 voce
1045 1372 1208 1460 lacrymis·

152 1504 216 1568 que
232 1480 434 1543 manantibus
445 1478 567 1564 populo
581 1499 614 1539 se
629 1472 881 1553 commendavit,
894 1472 1049 1560 periculo,
1064 1471 1153 1558 quod
1168 1471 1207 1535 il·

153 1584 215 1646 lius
230 1582 419 1655 utilitatibus
433 1578 602 1642 serviendo
617 1579 784 1658 subiisset,
799 1576 945 1666 gravibus
957 1575 1062 1639 verbis
1075 1574 1209 1663 exagge-

154 1701 224 1748 rato
237 1708 244 1747 :
257 1685 375 1771 quibus
385 1684 428 1745 ita
439 1682 597 1770 permovit
607 1679 755 1743 homines
764 1728 773 1760 ,
783 1694 835 1759 ut,
846 1700 947 1766 quum
956 1677 1042 1740 inter
1056 1676 1115 1740 alia
1127 1676 1209 1739 forte

153 1785 294 1866 jecisset,
312 1785 370 1845 sibi
388 1784 429 1844 ab
452 1783 568 1845 insidiis
587 1784 779 1844 inimicorum
796 1803 835 1842 ne
850 1780 937 1842 domi
947 1777 1070 1867 quidem
1085 1799 1151 1840 sure
1163 1799 1210 1838 se·

154 1906 263 1947 curam
286 1898 404 1946 noctem
418 1882 515 1969 fore,
541 1904 655 1971 magna
674 1903 746 1969 pars
769 1881 871 1969 plebis
894 1880 1014 1944 circum
1034 1879 1117 1942 fores
1142 1875 1209 1954 ejus

155 1986 308 2049 custodiae
326 2007 419 2047 causa
439 1999 648 2070 pernoctaret

199 2086 327 2148 XLVII.
345 2085 408 2147 Ubi
428 2084 495 2146 dies
514 2083 632 2164 adfuit,
650 2099 811 2170 postrema
829 2085 900 2147 vitae
915 2085 983 2163 ejus
1000 2083 1126 2162 futura,
1144 2104 1211 2165 non

153 2186 218 2265 jam
236 2185 457 2273 magnitudine
472 2183 570 2247 modo
584 2185 722 2271 suscepti
737 2185 875 2273 negotii,
887 2201 919 2247 et
931 2182 1127 2247 imminentis
1143 2204 1212 2245 cer·

157 2287 285 2350 taminis
305 2287 494 2349 obversante
511 2286 615 2372 specie
632 2283 762 2366 tardior,
774 2285 831 2348 sed
844 2286 938 2349 etiam
953 2284 1125 2373 prodigiis,
1142 2304 1214 2371 que

157 2389 288 2451 adversa
306 2390 405 2450 multa
430 2402 620 2465 evenerant,
638 2387 805 2466 turbatus,
825 2386 904 2473 quid
922 2385 1112 2473 capiendum
1134 2404 1213 2447 cott-

158 2490 217 2552 silii
235 2490 336 2568 foret,
350 2487 568 2550 addubitabat.
585 2488 695 2569 Quum
710 2488 796 2551 enim
810 2486 951 2574 auspicia
963 2486 1063 2574 prima
1075 2486 1147 2549 luce
1162 2505 1215 2571 pe·

159 2604 256 2670 teret,
268 2613 373 2674 neque
384 2588 462 2674 pulli
473 2588 512 2650 ad
527 2603 654 2675 pastum
669 2586 798 2675 prodire
814 2588 982 2652 voluerant
995 2608 1117 2673 ,neque
1130 2605 1215 2649 unus

160 2690 215 2777 qui
241 2688 419 2777 prodierat,
439 2690 542 2776 pasci,
559 2687 615 2752 sed
637 2689 683 2751 ala
704 2689 831 2753 sinistra
855 2689 996 2769 sublata,
1017 2705 1216 2775 extensoque

131 2856 140 2869 ,
159 2789 240 2877 pede
256 2813 367 2852 rursus
383 2790 414 2850 in
433 2812 562 2852 caveam
580 2778 740 2879 refugerat
753 2812 761 2853 ε
775 2791 820 2854 sie
831 2789 918 2853 aliud
929 2811 1061 2877 quoque
1076 2787 1217 2852 recorda·

161 2908 214 2955 tus
235 2914 329 2953 omen
342 2939 350 2969 ,
364 2913 402 2952 eo
421 2892 597 2977 impensius
620 2892 804 2972 cohorruit3
818 2891 938 2978 quippe
960 2890 1218 2978 quum-haberet

161 2993 298 3079 galeam,
312 3014 374 3076 qua
391 2992 512 3053 solebat
535 2992 567 3052 in
585 2992 699 3077 praeliis
720 2993 785 3071 uti,
803 2992 917 3056 eximie
935 3008 1106 3082 comptam·
1121 3014 1217 3054 orna-

162 3109 309 3178 tamque,
327 3093 359 3152 in
385 3114 452 3152 eam
475 3092 555 3152 clam
572 3092 724 3155 omnibus
743 3093 936 3178 irrepserant
954 3114 1093 3179 angues,
1109 3092 1218 3179 ibique

161 3208 337 3280 posuerant
353 3207 384 3252 et
400 3192 599 3253 excluserant
616 3213 675 3253 ova
690 3215 696 3253 :
713 3190 746 3253 id
765 3208 918 3278 tanquam
934 3191 1027 3254 fatale
1042 3212 1107 3254 suae
1120 3191 1218 3254 lami-

161 3291 210 3353 liae
225 3290 408 3376 prodigium
421 3289 544 3366 timuit,
560 3312 662 3374 quum
678 3305 709 3351 et
721 3288 869 3352 Graccho
880 3339 889 3369 ,
900 3293 956 3377 qui
967 3292 1000 3354 in
1018 3292 1152 3355 Lucanis
1167 3291 1218 3354 iu·

164 3392 314 3454 terfectus
332 3405 395 3465 est,
413 3404 444 3450 et
466 3389 545 3475 patri
571 3411 631 3452 suo
647 3390 792 3469 Tiberio,
809 3392 896 3476 paria
915 3408 1101 3478 serpentum
1122 3414 1219 3456 omen

163 3491 312 3554 interitus
328 3488 487 3549 fecissent.

209 3591 355 3653 XLVlll.
366 3589 448 3669 Quia
459 3605 563 3651 tamen
578 3590 609 3651 in
624 3591 779 3678 Capitolio
791 3592 854 3672 jam
867 3595 1053 3659 convenisse
1062 3595 1220 3682 populum

167 3693 350 3755 nuntiatum
366 3706 446 3770 erat,
459 3713 548 3777 spem
561 3714 694 3756 suorum
708 3693 844 3781 prodere
854 3717 919 3757 non
935 3696 1110 3777 sustinens,
1121 3694 1220 3760 domo

167 3793 329 3881 profectus
347 3807 403 3853 est.
424 3792 472 3853 lbi
495 3814 570 3860 eum
589 3793 646 3856 alia
663 3813 857 3881 exceperunt
874 3778 1121 3884 terrueruntque
1144 3821 1221 3885 por·

169 3909 270 3956 tenta:
283 3914 356 3953 nam
370 3894 400 3953 in
419 3894 489 3978 ipso
504 3893 609 3956 statim
621 3887 758 3983 'egressu
773 3895 937 3959 sinistrum
953 3896 1067 3984 pedem
1086 3913 1173 3961 tanta
1190 3897 1222 3962 ri

168 3994 301 4082 impegit
310 3994 428 4071 limini,
441 4011 477 4055 ut
486 4042 494 4072 ,
503 3994 623 4081 pollicis
636 4018 747 4084 ¹ungue
757 3997 932 4084 perfracto,
945 3999 1072 4086 sanguis
1089 4021 1146 4087 per
1159 3998 1223 4063 cal·

126 4096 128 4103 ⁴
170 4117 263 4158 ceum
282 4095 439 4156 emicaret.
453 4094 566 4180 Neque
579 4096 674 4184 longe
687 4114 899 4183 processerat,
913 4122 1014 4184 quum
1037 4100 1070 4161 itt
1093 4101 1224 4165 sinistro
1264 4128 1274 4153 s

170 4194 286 4257 domus
300 4193 460 4255 stillicidio
476 4217 587 4257 corvos
600 4198 766 4283 conspexit
775 4216 973 4286 pugnantes,
984 4200 1101 4264 deinde
1117 4203 1150 4264 in
1169 4200 1224 4265 ad·

206 4374 221 4438 S
235 4376 319 4421 XLVI.
332 4375 394 4421 Flor.
405 4377 454 4429 lll,
465 4381 488 4428 4.
498 4400 532 4409 -—
543 4374 664 4423 Plutarch.
672 4402 708 4413 -
716 4378 821 4441 Appiae.
835 4404 869 4415 -
882 4379 1008 4443 §vast
1015 4381 1070 4428 Vel.
1081 4383 1149 4430 Max.
1159 4384 1186 4441 1,
1198 4384 1224 4444 6,

172 4467 196 4505 et
207 4459 276 4514 Νη
292 4469 316 4505 et
329 4460 353 4507 6.
366 4486 400 4495 -
411 4458 463 4506 Liv.
474 4458 558 4517 m,
573 4460 833 4509 16.-1>tuarct1.-
844 4458 877 4510 U.
889 4464 917 4512 C.
928 4463 992 4526 6193
1003 4465 1035 4512 Δ.
1047 4465 1075 4514 C.
1089 4465 1148 4514 1³3.
