2594 4980
120 769 185 842 ¹7²
291 749 358 815 JO.
384 747 723 818 FREINSHEMII
752 748 998 819 SUPPLEM.

115 869 164 931 cia
176 866 285 932 subito
301 867 334 929 in
352 883 479 930 tantum
492 890 645 955 pavorem
658 867 789 949 incidit,
805 884 843 932 ut
856 891 965 958 neque
979 868 1093 934 eodem
1104 871 1162 936 loon

116 984 298 1057 exspectare
310 969 456 1051 hostem,
468 990 577 1056 neque
588 970 698 1033 saltem
712 970 745 1032 in
762 969 917 1060 angustiis
930 969 972 1034 a'd
982 970 1163 1059 'l'hcrmopp

115 1071 159 1134 las
172 1069 304 1134 auderet
316 1070 507 1151 consistere,
524 1068 614 1134 unde
629 1085 742 1134 contra
757 1071 905 1159 ingentes
918 1069 1089 1135 Persarum
1102 1072 1160 1137 Gal·

113 1173 287 1258 lorumque
302 1172 409 1259 copias
420 1171 524 1237 Graeci
542 1194 658 1261 magna
672 1172 749 1236 olim
762 1172 899 1254 virtute,
913 1195 1094 1262 magnaque
1106 1173 1159 1263 glo·

114 1275 160 1337 ria
175 1272 415 1338 dimicaverant.

157 1376 216 1440 ΙΙΙ.
231 1375 281 1439 Ad
297 1376 496 1463 Scarpheam
508 1372 650 1439 Locridis
663 1375 779 1439 urbem
792 1374 909 1439 itinere
919 1374 1008 1464 fugio
1018 1373 1157 1439 simillimo

114 1475 334 1556 contendens,
351 1497 417 1538 non
435 1490 542 1539 umen
561 1475 718 1564 attingere
738 1475 825 1538 illam
839 1475 965 1564 potuit,
978 1477 1061 1564 quin
1076 1497 1094 1539 a
1107 1474 1157 1539 tle·

115 1577 207 1658 tello,
222 1577 279 1664 qui
295 1576 484 1640 festinanter
499 1575 692 1663 insequutus
705 1576 828 1657 fuerat,
841 1598 986 1666 pugnare
999 1580 1156 1665 cogeretur.

114 1677 265 1766 Magnam
279 1677 324 1739 ihi
336 1675 456 1740 caedem
469 1675 568 1740 fuisse
581 1699 649 1741 non
666 1677 841 1768 ambigitur
855 1700 863 1742 τ
878 1677 1006 1741 circiter
1018 1677 1103 1741 mille
1112 1674 1157 1740 vivi

114 1778 208 1867 capti.
223 1778 382 1842 Critolaus
398 1794 472 1866 post
486 1799 536 1841 res
550 1776 706 1866 perditas,
720 1776 834 1857 judicii
846 1776 897 1841 sui
912 1798 1023 1842 errore
1039 1777 1156 1866 primun

115 1877 241 1966 agnito,
254 1894 293 1940 ut
307 1900 341 1941 se
353 1876 564 1965 presentibus
576 1879 667 1942 malis
682 1879 877 1959 exsolveret,
887 1878 1094 1943 venenumin
1103 1878 1157 1965 fuga

115 1977 208 2041 bibit.
221 1976 319 2066 Apud
331 1979 409 2043 alios
424 2002 530 2067 neque
543 1979 655 2062 vivus,
669 2003 776 2068 neque
787 1996 937 2044 mortuus
953 1996 1099 2068 repertus
1109 1998 1157 2043 este

116 2094 190 2168 post
201 2103 343 2169 pugnam
356 2079 514 2161 traditur;
531 2103 635 2167 quum
650 2080 690 2144 ad
702 2081 822 2145 montis
833 2081 927 2145 OEtae
937 2078 1061 2144 radices
1073 2080 1157 2169 lugia

116 2197 263 2269 urgeret,
278 2183 312 2244 in
329 2183 408 2245 locis
424 2179 589 2271 paludosis
605 2198 638 2246 et
655 2182 826 2270 profundis
840 2180 1017 2246 subsidisse
1032 2178 1157 2245 creditu.

117 2284 165 2345 Ex
182 2301 295 2347 caetera
312 2282 521 2349 multitudine
538 2284 625 2348 mille
639 2281 797 2366 Arcades,
812 2282 935 2348 delecta
946 2280 1101 2362 juvenum
1111 2300 1160 2343 nt·

118 2404 196 2464 nus,
214 2384 356 2448 Elateam
372 2383 525 2448 Phocidis
543 2384 658 2448 urbem
678 2384 854 2465 concessit,
869 2399 903 2447 et
919 2382 961 2446 ab
977 2380 1161 2447 Elatensibus

118 2506 177 2570 pro
193 2485 308 2548 veteris
326 2486 473 2550 amicitiae
487 2485 560 2565 jure
577 2485 778 2573 hospitaliter
793 2500 924 2573 excepta
941 2499 1001 2549 cst.
1021 2482 1083 2549 Sed
1097 2482 1163 2546 fam

118 2585 217 2672 praelii
231 2585 271 2648 ad
287 2587 487 2675 Scarphaeam
506 2587 651 2676 vulgata,
668 2602 849 2651 metuentes
862 2586 943 2650 iram
962 2589 1163 2651 Romanorum

120 2685 302 2751 Phocenses
323 2688 476 2753 excedere
491 2687 610 2752 finibus
626 2687 693 2752 suis
710 2686 848 2753 Arcadas
861 2685 990 2766 jubent.

160 2789 217 2852 lV.
239 2789 307 2853 Hos
330 2791 470 2855 reditum
494 2813 553 2879 per
577 2790 729 2854 Boeotiam
756 2804 934 2869 tentantes,
954 2786 1046 2851 haud
1070 2776 1169 2876 pmttl

119 2891 297 2955 Chaeronea
320 2893 469 2956 Metellus
494 2891 621 2956 delevit.
650 2891 727 2954 llaec
746 2914 856 2955 rerum
878 2914 897 2953 a
919 2889 1051 2953 Metello
1074 2898 1172 2951 contr!

119 2992 253 3058 Achaeos
271 3010 433 3083 gestarum
454 2993 601 3083 proxima
620 3015 698 3056 vero
716 2990 929 3056 videturesse
944 2987 1174 3053 narratione·

120 3116 184 3179 que
199 3095 286 3158 enim
305 3111 360 3158 aut
378 3095 420 3159 de
442 3117 581 3157 numero
599 3093 802 3183 praeliorum,
824 3109 881 3156 aut
903 3089 1052 3171 deloco,
1073 3081 1173 3153 simil!

120 3194 208 3281 apud
225 3196 398 3282 scriptores
421 3194 605 3259 traduntur.
626 3196 817 3259 Achaeorum
836 3193 877 3258 ad
889 3191 1120 3281 Thermopylas
1129 3182 1175 3249 tl·

120 3296 201 3383 ginti
222 3296 338 3376 millia,
358 3297 475 3360 iterum
499 3296 533 3358 in
553 3294 776 3361 Phocensihus
796 3311 918 3383 septem
940 3293 1046 3357 occisa
1068 3286 1176 3357 millia,

121 3394 276 3458 Claudius
294 3397 401 3459 refert.
417 3397 456 3460 ln
473 3396 593 3464 Achaia
610 3396 741 3483 quidam
756 3413 789 3461 et
805 3395 905 3460 Elidis
922 3394 1045 3483 eampis
1061 3406 1178 3483 pugni·

121 3510 191 3558 tum
210 3494 355 3583 produnt
373 3519 380 3558 :
398 3496 493 3559 etiam
509 3496 550 3559 de
567 3495 649 3560 duce
667 3497 812 3561 hostium
835 3496 1026 3585 ambiguum
1042 3488 1181 3587 Valeria}

120 3596 233 3659 Antias
254 3595 348 3677 facit,
364 3597 422 3682 qui
438 3618 513 3660 cum
531 3598 620 3662 Diaeo
638 3621 798 3687 pugnasse
819 3597 986 3662 Metellum
1010 3596 1054 3683 (si
1080 3599 1184 3659 unffi

120 3693 175 3758 lidi
187 3711 265 3758 suut
277 3695 424 3783 codices)
443 3698 579 3786 scripsit.
599 3701 642 3762 At
659 3699 835 3787 Polybius,
851 3698 907 3786 qui
924 3720 976 3763 res
996 3694 1187 3762 domeni&

120 3795 269 3882 ignorare
290 3819 358 3860 uon
382 3799 506 3885 potuit,
530 3823 605 3863 cum
626 3800 790 3888 plerisque
809 3799 983 3880 omnihus,
1009 3798 1189 3864 Critolaum

121 3895 291 3960 nominat:
310 3920 416 3984 neque
435 3898 573 3964 dubium
591 3900 741 3982 habetur,
755 3923 795 3965 eo
810 3900 942 3965 demum
962 3900 1109 3982 sublato,
1124 3898 1192 3961 im·

121 3997 248 4083 perium
264 3999 305 4061 ad
322 3999 447 4061 Diaeum
465 4002 644 4066 revertisse.
662 4002 734 4065 Hoc
750 4002 837 4066 enim
850 4000 924 4081 jure
933 3999 1042 4064 Achaei
1057 3998 1194 4064 uteba*

120 4112 184 4180 tur,
205 4114 259 4180 ut,
276 4098 333 4162 ubi
349 4115 468 4186 praetor
489 4101 561 4167 fatis
581 4102 807 4182 concessisset,
827 4102 883 4191 qui
903 4101 1052 4190 proxime
1070 4096 1194 4191 praet⁰¹

156 4335 172 4399 s
185 4338 217 4383 11.
230 4336 336 4393 croam,
350 4337 374 4382 3.
386 4363 421 4372 -
429 4339 516 4387 Zonar.
530 4367 565 4378 -
578 4342 680 4388 Paussn.
692 4337 754 4403 -S
767 4341 814 4388 111.
822 4339 887 4386 Vell.
901 4341 927 4396 l,
940 4353 980 4387 rr.
991 4364 1026 4377 -
1037 4340 1146 4386 Pausan-
1158 4336 1194 4361 κ

122 4417 174 4464 Liv.
186 4418 251 4482 Epit.
263 4445 299 4454 -
315 4417 386 4482 siv.
400 4423 473 4469 Oros.
490 4450 524 4460 -
546 4424 609 4472 llor.
622 4425 663 4486 11,
680 4424 719 4471 16.
738 4450 773 4459 -
790 4426 863 4471 Auct.
879 4421 910 4471 de
919 4421 973 4469 Vir.
984 4420 1019 4470 ill.
1029 4438 1082 4487 esp.
1094 4422 1144 4469 60·
1159 4421 1194 4443 ²

123 4504 223 4549 Pansam
234 4530 268 4540 -
284 4503 369 4569 Polyb.
382 4533 416 4542 —
431 4508 484 4556 Liv.
496 4506 565 4572 Epit.
