<?xml version="1.0" encoding="UTF-8"?>
<!DOCTYPE html PUBLIC "-//W3C//DTD XHTML 1.0 Transitional//EN"
    "http://www.w3.org/TR/xhtml1/DTD/xhtml1-transitional.dtd">
<html xmlns="http://www.w3.org/1999/xhtml" xml:lang="en" lang="en">
 <head>
  <title>
</title>
<meta http-equiv="Content-Type" content="text/html;charset=utf-8" />
  <meta name='ocr-system' content='tesseract 3.04.00' />
  <meta name='ocr-capabilities' content='ocr_page ocr_carea ocr_par ocr_line ocrx_word'/>
</head>
<body>
  <div class='ocr_page' id='page_1' title='image "./titusliviuspata00freigoog_0454.png"; bbox 0 0 2594 4980; ppageno 0'>
   <div class='ocr_carea' id='block_1_1' title="bbox 310 723 1203 825">
    <p class='ocr_par' dir='ltr' id='par_1_1' title="bbox 310 723 1203 825">
     <span class='ocr_line' id='line_1_1' title="bbox 310 723 1203 825; baseline 0.006 -30"><span class='ocrx_word' id='word_1_1' title='bbox 310 725 365 795; x_wconf 90' lang='lat' dir='ltr'><strong>IN</strong></span> <span class='ocrx_word' id='word_1_2' title='bbox 395 724 506 794; x_wconf 92' lang='lat' dir='ltr'><strong>LOC.</strong></span> <span class='ocrx_word' id='word_1_3' title='bbox 532 725 626 792; x_wconf 85' lang='lat' dir='ltr'><strong>LIB.</strong></span> <span class='ocrx_word' id='word_1_4' title='bbox 654 723 779 792; x_wconf 83' lang='lat' dir='ltr'>LXIV</span> <span class='ocrx_word' id='word_1_5' title='bbox 809 723 1027 795; x_wconf 82' lang='lat' dir='ltr'><strong>LIVIANI.</strong></span> <span class='ocrx_word' id='word_1_6' title='bbox 1133 727 1203 825; x_wconf 64' lang='lat'><strong>[167</strong></span> 
     </span>
    </p>
   </div>
   <div class='ocr_carea' id='block_1_2' title="bbox 69 845 1249 4293">
    <p class='ocr_par' dir='ltr' id='par_1_2' title="bbox 69 845 1212 1829">
     <span class='ocr_line' id='line_1_2' title="bbox 135 845 1206 940; baseline -0.003 -22"><span class='ocrx_word' id='word_1_7' title='bbox 135 870 171 918; x_wconf 90' lang='lat' dir='ltr'><strong>ut</strong></span> <span class='ocrx_word' id='word_1_8' title='bbox 187 865 369 940; x_wconf 88' lang='lat' dir='ltr'><strong>optaverat,</strong></span> <span class='ocrx_word' id='word_1_9' title='bbox 388 846 558 928; x_wconf 88' lang='lat' dir='ltr'><strong>omnibus,</strong></span> <span class='ocrx_word' id='word_1_10' title='bbox 578 845 715 909; x_wconf 90' lang='lat' dir='ltr'><strong>obseura</strong></span> <span class='ocrx_word' id='word_1_11' title='bbox 732 860 830 908; x_wconf 89' lang='lat' dir='ltr'><strong>nocte</strong></span> <span class='ocrx_word' id='word_1_12' title='bbox 850 847 962 909; x_wconf 85' lang='lat' dir='ltr'><strong>eastris</strong></span> <span class='ocrx_word' id='word_1_13' title='bbox 978 846 1075 936; x_wconf 86' lang='lat' dir='ltr'><strong>legati</strong></span> <span class='ocrx_word' id='word_1_14' title='bbox 1092 851 1206 916; x_wconf 91' lang='lat' dir='ltr'><strong>multi-</strong></span> 
     </span>
     <span class='ocr_line' id='line_1_3' title="bbox 134 946 1206 1019; baseline 0.001 -1"><span class='ocrx_word' id='word_1_15' title='bbox 134 954 280 1019; x_wconf 82' lang='lat' dir='ltr'><strong>tudinem</strong></span> <span class='ocrx_word' id='word_1_16' title='bbox 295 950 512 1015; x_wconf 85' lang='lat' dir='ltr'><strong>Numidarum</strong></span> <span class='ocrx_word' id='word_1_17' title='bbox 528 948 638 1013; x_wconf 89' lang='lat' dir='ltr'><strong>subito</strong></span> <span class='ocrx_word' id='word_1_18' title='bbox 655 946 899 1012; x_wconf 85' lang='lat' dir='ltr'><strong>circumfundit.</strong></span> <span class='ocrx_word' id='word_1_19' title='bbox 915 948 1064 1014; x_wconf 90' lang='lat' dir='ltr'><strong>Percellit</strong></span> <span class='ocrx_word' id='word_1_20' title='bbox 1078 952 1206 1018; x_wconf 82' lang='lat' dir='ltr'><strong>insolita</strong></span> 
     </span>
     <span class='ocr_line' id='line_1_4' title="bbox 135 1047 1208 1141; baseline 0 -21"><span class='ocrx_word' id='word_1_21' title='bbox 135 1080 185 1120; x_wconf 89' lang='lat' dir='ltr'><strong>res</strong></span> <span class='ocrx_word' id='word_1_22' title='bbox 199 1072 231 1120; x_wconf 88' lang='lat' dir='ltr'><strong>et</strong></span> <span class='ocrx_word' id='word_1_23' title='bbox 244 1056 463 1141; x_wconf 83' lang='lat' dir='ltr'><strong>inexspectata</strong></span> <span class='ocrx_word' id='word_1_24' title='bbox 476 1049 603 1113; x_wconf 86' lang='lat' dir='ltr'><strong>animos</strong></span> <span class='ocrx_word' id='word_1_25' title='bbox 617 1050 783 1113; x_wconf 89' lang='lat' dir='ltr'><strong>omnium:</strong></span> <span class='ocrx_word' id='word_1_26' title='bbox 795 1047 1000 1132; x_wconf 82' lang='lat' dir='ltr'><strong>discurritur,</strong></span> <span class='ocrx_word' id='word_1_27' title='bbox 1012 1053 1208 1141; x_wconf 80' lang='lat' dir='ltr'><strong>trepidatur3</strong></span> 
     </span>
     <span class='ocr_line' id='line_1_5' title="bbox 136 1151 1209 1244; baseline 0.003 -24"><span class='ocrx_word' id='word_1_28' title='bbox 136 1180 243 1244; x_wconf 89' lang='lat' dir='ltr'><strong>neque</strong></span> <span class='ocrx_word' id='word_1_29' title='bbox 268 1176 400 1217; x_wconf 88' lang='lat' dir='ltr'><strong>manere</strong></span> <span class='ocrx_word' id='word_1_30' title='bbox 425 1172 565 1241; x_wconf 74' lang='lat' dir='ltr'><strong>praesens</strong></span> <span class='ocrx_word' id='word_1_31' title='bbox 590 1151 791 1239; x_wconf 91' lang='lat' dir='ltr'><strong>periculum,</strong></span> <span class='ocrx_word' id='word_1_32' title='bbox 813 1174 920 1238; x_wconf 91' lang='lat' dir='ltr'><strong>neque</strong></span> <span class='ocrx_word' id='word_1_33' title='bbox 943 1154 1056 1240; x_wconf 87' lang='lat' dir='ltr'><strong>fugere</strong></span> <span class='ocrx_word' id='word_1_34' title='bbox 1076 1157 1209 1224; x_wconf 82' lang='lat' dir='ltr'><strong>alterius</strong></span> 
     </span>
     <span class='ocr_line' id='line_1_6' title="bbox 136 1253 1208 1346; baseline 0.002 -24"><span class='ocrx_word' id='word_1_35' title='bbox 136 1258 272 1345; x_wconf 88' lang='lat' dir='ltr'><strong>periculi</strong></span> <span class='ocrx_word' id='word_1_36' title='bbox 291 1272 397 1320; x_wconf 84' lang='lat' dir='ltr'><strong>metus</strong></span> <span class='ocrx_word' id='word_1_37' title='bbox 424 1255 510 1319; x_wconf 91' lang='lat' dir='ltr'><strong>sinit.</strong></span> <span class='ocrx_word' id='word_1_38' title='bbox 534 1255 623 1318; x_wconf 90' lang='lat' dir='ltr'><strong>Inter</strong></span> <span class='ocrx_word' id='word_1_39' title='bbox 640 1254 708 1316; x_wconf 85' lang='lat' dir='ltr'><strong>haec</strong></span> <span class='ocrx_word' id='word_1_40' title='bbox 726 1276 765 1316; x_wconf 83' lang='lat' dir='ltr'><strong>ex</strong></span> <span class='ocrx_word' id='word_1_41' title='bbox 783 1253 838 1333; x_wconf 89' lang='lat' dir='ltr'><strong>iis,</strong></span> <span class='ocrx_word' id='word_1_42' title='bbox 862 1276 945 1340; x_wconf 88' lang='lat' dir='ltr'><strong>quos</strong></span> <span class='ocrx_word' id='word_1_43' title='bbox 963 1253 1058 1319; x_wconf 92' lang='lat' dir='ltr'><strong>donis</strong></span> <span class='ocrx_word' id='word_1_44' title='bbox 1077 1279 1114 1321; x_wconf 87' lang='lat' dir='ltr'><strong>ac</strong></span> <span class='ocrx_word' id='word_1_45' title='bbox 1129 1280 1208 1346; x_wconf 89' lang='lat' dir='ltr'><strong>pro·</strong></span> 
     </span>
     <span class='ocr_line' id='line_1_7' title="bbox 137 1354 1209 1451; baseline 0.002 -28"><span class='ocrx_word' id='word_1_46' title='bbox 137 1360 242 1423; x_wconf 89' lang='lat' dir='ltr'><strong>missis</strong></span> <span class='ocrx_word' id='word_1_47' title='bbox 260 1358 427 1448; x_wconf 81' lang='lat' dir='ltr'><strong>Iugurthae</strong></span> <span class='ocrx_word' id='word_1_48' title='bbox 444 1355 540 1420; x_wconf 88' lang='lat' dir='ltr'><strong>fidem</strong></span> <span class='ocrx_word' id='word_1_49' title='bbox 558 1372 699 1419; x_wconf 87' lang='lat' dir='ltr'><strong>mutasse</strong></span> <span class='ocrx_word' id='word_1_50' title='bbox 716 1354 874 1436; x_wconf 87' lang='lat' dir='ltr'><strong>diximus,</strong></span> <span class='ocrx_word' id='word_1_51' title='bbox 889 1357 1008 1421; x_wconf 84' lang='lat' dir='ltr'><strong>cohors</strong></span> <span class='ocrx_word' id='word_1_52' title='bbox 1026 1381 1093 1424; x_wconf 84' lang='lat' dir='ltr'><strong>uua</strong></span> <span class='ocrx_word' id='word_1_53' title='bbox 1109 1359 1209 1451; x_wconf 82' lang='lat' dir='ltr'><strong>Ligu·</strong></span> 
     </span>
     <span class='ocr_line' id='line_1_8' title="bbox 137 1457 1211 1549; baseline 0.006 -26"><span class='ocrx_word' id='word_1_54' title='bbox 137 1486 226 1541; x_wconf 88' lang='lat' dir='ltr'><strong>rum,</strong></span> <span class='ocrx_word' id='word_1_55' title='bbox 245 1477 360 1523; x_wconf 81' lang='lat' dir='ltr'><strong>turmae</strong></span> <span class='ocrx_word' id='word_1_56' title='bbox 386 1458 458 1523; x_wconf 81' lang='lat' dir='ltr'><strong>duae</strong></span> <span class='ocrx_word' id='word_1_57' title='bbox 477 1458 640 1521; x_wconf 87' lang='lat' dir='ltr'><strong>Thracum</strong></span> <span class='ocrx_word' id='word_1_58' title='bbox 665 1459 769 1545; x_wconf 88' lang='lat' dir='ltr'><strong>palam</strong></span> <span class='ocrx_word' id='word_1_59' title='bbox 796 1457 837 1521; x_wconf 90' lang='lat' dir='ltr'><strong>ad</strong></span> <span class='ocrx_word' id='word_1_60' title='bbox 859 1481 967 1547; x_wconf 85' lang='lat' dir='ltr'><strong>regem</strong></span> <span class='ocrx_word' id='word_1_61' title='bbox 991 1460 1083 1549; x_wconf 84' lang='lat' dir='ltr'><strong>signa</strong></span> <span class='ocrx_word' id='word_1_62' title='bbox 1106 1478 1211 1529; x_wconf 79' lang='lat' dir='ltr'><strong>trans·</strong></span> 
     </span>
     <span class='ocr_line' id='line_1_9' title="bbox 69 1559 1211 1653; baseline 0.003 -27"><span class='ocrx_word' id='word_1_63' title='bbox 69 1619 72 1625; x_wconf 91' lang='lat'><strong>.</strong></span> <span class='ocrx_word' id='word_1_64' title='bbox 137 1565 274 1626; x_wconf 87' lang='lat' dir='ltr'><strong>ferunt:</strong></span> <span class='ocrx_word' id='word_1_65' title='bbox 299 1578 332 1625; x_wconf 88' lang='lat' dir='ltr'><strong>et</strong></span> <span class='ocrx_word' id='word_1_66' title='bbox 362 1585 380 1624; x_wconf 96' lang='lat' dir='ltr'><strong>a</strong></span> <span class='ocrx_word' id='word_1_67' title='bbox 410 1560 602 1624; x_wconf 88' lang='lat' dir='ltr'><strong>centurione</strong></span> <span class='ocrx_word' id='word_1_68' title='bbox 632 1559 730 1647; x_wconf 91' lang='lat' dir='ltr'><strong>primi</strong></span> <span class='ocrx_word' id='word_1_69' title='bbox 763 1559 819 1647; x_wconf 91' lang='lat' dir='ltr'><strong>pili</strong></span> <span class='ocrx_word' id='word_1_70' title='bbox 853 1560 954 1623; x_wconf 82' lang='lat' dir='ltr'><strong>tertiae</strong></span> <span class='ocrx_word' id='word_1_71' title='bbox 986 1561 1123 1651; x_wconf 82' lang='lat' dir='ltr'><strong>legionis</strong></span> <span class='ocrx_word' id='word_1_72' title='bbox 1151 1586 1211 1653; x_wconf 90' lang='lat' dir='ltr'><strong>per</strong></span> 
     </span>
     <span class='ocr_line' id='line_1_10' title="bbox 137 1661 1212 1749; baseline 0.005 -23"><span class='ocrx_word' id='word_1_73' title='bbox 137 1664 372 1743; x_wconf 88' lang='lat' dir='ltr'><strong>munitionem,</strong></span> <span class='ocrx_word' id='word_1_74' title='bbox 397 1684 495 1749; x_wconf 87' lang='lat' dir='ltr'><strong>quam</strong></span> <span class='ocrx_word' id='word_1_75' title='bbox 518 1661 674 1725; x_wconf 87' lang='lat' dir='ltr'><strong>tuendam</strong></span> <span class='ocrx_word' id='word_1_76' title='bbox 698 1677 883 1749; x_wconf 87' lang='lat' dir='ltr'><strong>acceperat,</strong></span> <span class='ocrx_word' id='word_1_77' title='bbox 904 1662 996 1726; x_wconf 86' lang='lat' dir='ltr'><strong>locus</strong></span> <span class='ocrx_word' id='word_1_78' title='bbox 1020 1664 1212 1731; x_wconf 88' lang='lat' dir='ltr'><strong>introeundi</strong></span> 
     </span>
     <span class='ocr_line' id='line_1_11' title="bbox 137 1763 412 1829; baseline 0.004 -1"><span class='ocrx_word' id='word_1_79' title='bbox 137 1766 287 1829; x_wconf 84' lang='lat' dir='ltr'><strong>hostibus</strong></span> <span class='ocrx_word' id='word_1_80' title='bbox 306 1763 412 1829; x_wconf 91' lang='lat' dir='ltr'><strong>datur.</strong></span> 
     </span>
    </p>

    <p class='ocr_par' dir='ltr' id='par_1_3' title="bbox 138 1863 1240 2767">
     <span class='ocr_line' id='line_1_12' title="bbox 182 1863 1213 1955; baseline 0 -24"><span class='ocrx_word' id='word_1_81' title='bbox 182 1868 295 1932; x_wconf 84' lang='lat' dir='ltr'><strong>XLIV.</strong></span> <span class='ocrx_word' id='word_1_82' title='bbox 319 1868 368 1930; x_wconf 88' lang='lat' dir='ltr'><strong>Ita</strong></span> <span class='ocrx_word' id='word_1_83' title='bbox 385 1866 486 1955; x_wconf 88' lang='lat' dir='ltr'><strong>captis</strong></span> <span class='ocrx_word' id='word_1_84' title='bbox 504 1865 631 1941; x_wconf 87' lang='lat' dir='ltr'><strong>castris,</strong></span> <span class='ocrx_word' id='word_1_85' title='bbox 648 1864 775 1927; x_wconf 91' lang='lat' dir='ltr'><strong>romani</strong></span> <span class='ocrx_word' id='word_1_86' title='bbox 797 1863 932 1946; x_wconf 86' lang='lat' dir='ltr'><strong>milites,</strong></span> <span class='ocrx_word' id='word_1_87' title='bbox 956 1865 1104 1953; x_wconf 85' lang='lat' dir='ltr'><strong>plerique</strong></span> <span class='ocrx_word' id='word_1_88' title='bbox 1123 1867 1213 1948; x_wconf 76' lang='lat' dir='ltr'><strong>abie-</strong></span> 
     </span>
     <span class='ocr_line' id='line_1_13' title="bbox 138 1966 1214 2058; baseline 0.004 -26"><span class='ocrx_word' id='word_1_89' title='bbox 138 1971 198 2033; x_wconf 89' lang='lat' dir='ltr'><strong>ctis</strong></span> <span class='ocrx_word' id='word_1_90' title='bbox 214 1970 329 2049; x_wconf 89' lang='lat' dir='ltr'><strong>armis,</strong></span> <span class='ocrx_word' id='word_1_91' title='bbox 348 1969 401 2030; x_wconf 88' lang='lat' dir='ltr'><strong>alii</strong></span> <span class='ocrx_word' id='word_1_92' title='bbox 417 1990 486 2055; x_wconf 84' lang='lat' dir='ltr'><strong>prae</strong></span> <span class='ocrx_word' id='word_1_93' title='bbox 498 1982 611 2046; x_wconf 91' lang='lat' dir='ltr'><strong>metu,</strong></span> <span class='ocrx_word' id='word_1_94' title='bbox 626 1966 777 2030; x_wconf 89' lang='lat' dir='ltr'><strong>nonnulli</strong></span> <span class='ocrx_word' id='word_1_95' title='bbox 793 1966 975 2032; x_wconf 83' lang='lat' dir='ltr'><strong>voluntaria</strong></span> <span class='ocrx_word' id='word_1_96' title='bbox 991 1967 1086 2056; x_wconf 83' lang='lat' dir='ltr'><strong>Iuga,</strong></span> <span class='ocrx_word' id='word_1_97' title='bbox 1103 1971 1214 2058; x_wconf 75' lang='lat' dir='ltr'><strong>proxi-</strong></span> 
     </span>
     <span class='ocr_line' id='line_1_14' title="bbox 140 2059 1215 2158; baseline 0.005 -25"><span class='ocrx_word' id='word_1_98' title='bbox 140 2093 231 2134; x_wconf 89' lang='lat' dir='ltr'><strong>mum</strong></span> <span class='ocrx_word' id='word_1_99' title='bbox 246 2070 361 2133; x_wconf 91' lang='lat' dir='ltr'><strong>collem</strong></span> <span class='ocrx_word' id='word_1_100' title='bbox 374 2085 509 2157; x_wconf 73' lang='lat' dir='ltr'><strong>petunt,</strong></span> <span class='ocrx_word' id='word_1_101' title='bbox 523 2090 563 2132; x_wconf 93' lang='lat' dir='ltr'><strong>eo</strong></span> <span class='ocrx_word' id='word_1_102' title='bbox 578 2067 787 2155; x_wconf 75' lang='lat' dir='ltr'><strong>paucioribus</strong></span> <span class='ocrx_word' id='word_1_103' title='bbox 804 2064 1008 2150; x_wconf 86' lang='lat' dir='ltr'><strong>desideratis,</strong></span> <span class='ocrx_word' id='word_1_104' title='bbox 1022 2059 1114 2158; x_wconf 66' lang='lat' dir='ltr'><strong>quod</strong></span> <span class='ocrx_word' id='word_1_105' title='bbox 1127 2073 1215 2138; x_wconf 79' lang='lat' dir='ltr'><strong>inter</strong></span> 
     </span>
     <span class='ocr_line' id='line_1_15' title="bbox 140 2170 1214 2262; baseline 0.004 -26"><span class='ocrx_word' id='word_1_106' title='bbox 140 2174 288 2262; x_wconf 84' lang='lat' dir='ltr'><strong>tenebras</strong></span> <span class='ocrx_word' id='word_1_107' title='bbox 308 2172 411 2236; x_wconf 89' lang='lat' dir='ltr'><strong>tutius</strong></span> <span class='ocrx_word' id='word_1_108' title='bbox 433 2171 628 2253; x_wconf 78' lang='lat' dir='ltr'><strong>evadebant,</strong></span> <span class='ocrx_word' id='word_1_109' title='bbox 649 2170 867 2259; x_wconf 78' lang='lat' dir='ltr'><strong>Numidaeque</strong></span> <span class='ocrx_word' id='word_1_110' title='bbox 889 2170 1007 2260; x_wconf 76' lang='lat' dir='ltr'><strong>praedae</strong></span> <span class='ocrx_word' id='word_1_111' title='bbox 1032 2188 1214 2240; x_wconf 85' lang='lat' dir='ltr'><strong>castrorum</strong></span> 
     </span>
     <span class='ocr_line' id='line_1_16' title="bbox 140 2273 1212 2364; baseline 0.005 -27"><span class='ocrx_word' id='word_1_112' title='bbox 140 2276 257 2339; x_wconf 87' lang='lat' dir='ltr'><strong>intenti</strong></span> <span class='ocrx_word' id='word_1_113' title='bbox 274 2291 375 2338; x_wconf 89' lang='lat' dir='ltr'><strong>erant.</strong></span> <span class='ocrx_word' id='word_1_114' title='bbox 391 2274 517 2338; x_wconf 86' lang='lat' dir='ltr'><strong>Infeliei</strong></span> <span class='ocrx_word' id='word_1_115' title='bbox 533 2275 644 2361; x_wconf 81' lang='lat' dir='ltr'><strong>praelio</strong></span> <span class='ocrx_word' id='word_1_116' title='bbox 659 2273 816 2362; x_wconf 82' lang='lat' dir='ltr'><strong>postridie</strong></span> <span class='ocrx_word' id='word_1_117' title='bbox 832 2274 959 2362; x_wconf 87' lang='lat' dir='ltr'><strong>turpior</strong></span> <span class='ocrx_word' id='word_1_118' title='bbox 974 2297 1037 2364; x_wconf 86' lang='lat' dir='ltr'><strong>pax</strong></span> <span class='ocrx_word' id='word_1_119' title='bbox 1052 2274 1212 2356; x_wconf 87' lang='lat' dir='ltr'><strong>adjicitur.</strong></span> 
     </span>
     <span class='ocr_line' id='line_1_17' title="bbox 141 2375 1214 2465; baseline 0.003 -25"><span class='ocrx_word' id='word_1_120' title='bbox 141 2379 178 2440; x_wconf 95' lang='lat' dir='ltr'><strong>In</strong></span> <span class='ocrx_word' id='word_1_121' title='bbox 205 2377 369 2465; x_wconf 84' lang='lat' dir='ltr'><strong>colloquio</strong></span> <span class='ocrx_word' id='word_1_122' title='bbox 390 2375 568 2465; x_wconf 80' lang='lat' dir='ltr'><strong>Iugurtha,</strong></span> <span class='ocrx_word' id='word_1_123' title='bbox 587 2399 691 2463; x_wconf 89' lang='lat' dir='ltr'><strong>quum</strong></span> <span class='ocrx_word' id='word_1_124' title='bbox 717 2379 749 2438; x_wconf 90' lang='lat' dir='ltr'><strong>in</strong></span> <span class='ocrx_word' id='word_1_125' title='bbox 771 2398 831 2438; x_wconf 81' lang='lat' dir='ltr'><strong>sun</strong></span> <span class='ocrx_word' id='word_1_126' title='bbox 854 2397 953 2439; x_wconf 84' lang='lat' dir='ltr'><strong>tnanu</strong></span> <span class='ocrx_word' id='word_1_127' title='bbox 977 2396 1040 2438; x_wconf 82' lang='lat' dir='ltr'><strong>esse</strong></span> <span class='ocrx_word' id='word_1_128' title='bbox 1062 2375 1214 2460; x_wconf 79' lang='lat' dir='ltr'><strong>dixisset,</strong></span> 
     </span>
     <span class='ocr_line' id='line_1_18' title="bbox 140 2474 1214 2565; baseline 0.002 -23"><span class='ocrx_word' id='word_1_129' title='bbox 140 2502 250 2560; x_wconf 73' lang='lat' dir='ltr'><strong>omnes</strong></span> <span class='ocrx_word' id='word_1_130' title='bbox 250 2478 345 2563; x_wconf 80' lang='lat' dir='ltr'><strong>ferro</strong></span> <span class='ocrx_word' id='word_1_131' title='bbox 359 2492 389 2541; x_wconf 81' lang='lat' dir='ltr'><strong>ct</strong></span> <span class='ocrx_word' id='word_1_132' title='bbox 393 2477 492 2565; x_wconf 87' lang='lat' dir='ltr'><strong>same</strong></span> <span class='ocrx_word' id='word_1_133' title='bbox 507 2474 676 2563; x_wconf 78' lang='lat' dir='ltr'><strong>eorficere,</strong></span> <span class='ocrx_word' id='word_1_134' title='bbox 698 2476 833 2557; x_wconf 87' lang='lat' dir='ltr'><strong>adjecit,</strong></span> <span class='ocrx_word' id='word_1_135' title='bbox 855 2498 986 2541; x_wconf 81' lang='lat' dir='ltr'><strong>casuum</strong></span> <span class='ocrx_word' id='word_1_136' title='bbox 1001 2478 1214 2544; x_wconf 82' lang='lat' dir='ltr'><strong>ltunranorum</strong></span> 
     </span>
     <span class='ocr_line' id='line_1_19' title="bbox 139 2578 1240 2668; baseline 0.001 -24"><span class='ocrx_word' id='word_1_137' title='bbox 139 2605 305 2645; x_wconf 81' lang='lat' dir='ltr'><strong>memorem</strong></span> <span class='ocrx_word' id='word_1_138' title='bbox 319 2580 500 2668; x_wconf 83' lang='lat' dir='ltr'><strong>subjugum</strong></span> <span class='ocrx_word' id='word_1_139' title='bbox 515 2600 566 2640; x_wconf 80' lang='lat' dir='ltr'><strong>eor</strong></span> <span class='ocrx_word' id='word_1_140' title='bbox 582 2581 701 2641; x_wconf 80' lang='lat' dir='ltr'><strong>mittere</strong></span> <span class='ocrx_word' id='word_1_141' title='bbox 715 2578 798 2640; x_wconf 81' lang='lat' dir='ltr'><strong>velle</strong></span> <span class='ocrx_word' id='word_1_142' title='bbox 805 2625 815 2658; x_wconf 93' lang='lat'><strong>,</strong></span> <span class='ocrx_word' id='word_1_143' title='bbox 831 2592 947 2643; x_wconf 73' lang='lat' dir='ltr'><strong>caetera</strong></span> <span class='ocrx_word' id='word_1_144' title='bbox 958 2578 1144 2662; x_wconf 68' lang='lat' dir='ltr'><strong>nicodoro,</strong></span> <span class='ocrx_word' id='word_1_145' title='bbox 1160 2583 1218 2645; x_wconf 78' lang='lat' dir='ltr'><strong>sed</strong></span> <span class='ocrx_word' id='word_1_146' title='bbox 1236 2655 1240 2666; x_wconf 32' lang='grc' dir='ltr'>Ι</span> 
     </span>
     <span class='ocr_line' id='line_1_20' title="bbox 140 2677 1005 2767; baseline -0.003 -23"><span class='ocrx_word' id='word_1_147' title='bbox 140 2686 202 2746; x_wconf 82' lang='lat' dir='ltr'><strong>hae</strong></span> <span class='ocrx_word' id='word_1_148' title='bbox 218 2684 302 2767; x_wconf 80' lang='lat' dir='ltr'><strong>lege,</strong></span> <span class='ocrx_word' id='word_1_149' title='bbox 319 2697 356 2744; x_wconf 84' lang='lat' dir='ltr'><strong>ut</strong></span> <span class='ocrx_word' id='word_1_150' title='bbox 370 2685 456 2744; x_wconf 85' lang='lat' dir='ltr'><strong>intra</strong></span> <span class='ocrx_word' id='word_1_151' title='bbox 471 2681 537 2742; x_wconf 65' lang='lat' dir='ltr'><strong>dies</strong></span> <span class='ocrx_word' id='word_1_152' title='bbox 551 2680 657 2742; x_wconf 82' lang='lat' dir='ltr'><strong>decem</strong></span> <span class='ocrx_word' id='word_1_153' title='bbox 670 2678 827 2741; x_wconf 82' lang='lat' dir='ltr'><strong>Numidia</strong></span> <span class='ocrx_word' id='word_1_154' title='bbox 838 2677 1005 2742; x_wconf 83' lang='lat' dir='ltr'><strong>decedant.</strong></span> 
     </span>
    </p>

    <p class='ocr_par' dir='ltr' id='par_1_4' title="bbox 141 2777 1249 3684">
     <span class='ocr_line' id='line_1_21' title="bbox 185 2777 1216 2867; baseline 0.001 -21"><span class='ocrx_word' id='word_1_155' title='bbox 185 2786 282 2846; x_wconf 85' lang='lat' dir='ltr'><strong>XLV.</strong></span> <span class='ocrx_word' id='word_1_156' title='bbox 295 2784 377 2863; x_wconf 83' lang='lat' dir='ltr'><strong>Quae</strong></span> <span class='ocrx_word' id='word_1_157' title='bbox 389 2781 516 2844; x_wconf 82' lang='lat' dir='ltr'><strong>tametsi</strong></span> <span class='ocrx_word' id='word_1_158' title='bbox 531 2777 744 2867; x_wconf 85' lang='lat' dir='ltr'><strong>turpitudinis</strong></span> <span class='ocrx_word' id='word_1_159' title='bbox 757 2794 790 2841; x_wconf 89' lang='lat' dir='ltr'><strong>et</strong></span> <span class='ocrx_word' id='word_1_160' title='bbox 802 2779 991 2866; x_wconf 73' lang='lat' dir='ltr'><strong>ignominie</strong></span> <span class='ocrx_word' id='word_1_161' title='bbox 1001 2778 1098 2865; x_wconf 89' lang='lat' dir='ltr'><strong>plena</strong></span> <span class='ocrx_word' id='word_1_162' title='bbox 1108 2797 1216 2864; x_wconf 79' lang='lat' dir='ltr'><strong>eraut,</strong></span> 
     </span>
     <span class='ocr_line' id='line_1_22' title="bbox 141 2878 1249 2968; baseline 0.005 -23"><span class='ocrx_word' id='word_1_163' title='bbox 141 2881 409 2962; x_wconf 86' lang='lat' dir='ltr'><strong>abhominibus,</strong></span> <span class='ocrx_word' id='word_1_164' title='bbox 426 2879 508 2943; x_wconf 90' lang='lat' dir='ltr'><strong>nihil</strong></span> <span class='ocrx_word' id='word_1_165' title='bbox 524 2894 600 2943; x_wconf 88' lang='lat' dir='ltr'><strong>ante</strong></span> <span class='ocrx_word' id='word_1_166' title='bbox 617 2879 717 2943; x_wconf 81' lang='lat' dir='ltr'><strong>vitam</strong></span> <span class='ocrx_word' id='word_1_167' title='bbox 736 2878 955 2968; x_wconf 87' lang='lat' dir='ltr'><strong>ponentibus,</strong></span> <span class='ocrx_word' id='word_1_168' title='bbox 977 2896 1108 2968; x_wconf 83' lang='lat' dir='ltr'><strong>accepta</strong></span> <span class='ocrx_word' id='word_1_169' title='bbox 1126 2898 1216 2951; x_wconf 80' lang='lat' dir='ltr'><strong>suut.</strong></span> <span class='ocrx_word' id='word_1_170' title='bbox 1246 2945 1249 2952; x_wconf 89' lang='lat'><strong>.</strong></span> 
     </span>
     <span class='ocr_line' id='line_1_23' title="bbox 144 2980 1218 3075; baseline 0 -28"><span class='ocrx_word' id='word_1_171' title='bbox 144 2986 218 3047; x_wconf 86' lang='lat' dir='ltr'><strong>Ilaec</strong></span> <span class='ocrx_word' id='word_1_172' title='bbox 240 2984 377 3045; x_wconf 85' lang='lat' dir='ltr'><strong>Romam</strong></span> <span class='ocrx_word' id='word_1_173' title='bbox 396 2981 517 3068; x_wconf 85' lang='lat' dir='ltr'><strong>perlata</strong></span> <span class='ocrx_word' id='word_1_174' title='bbox 539 2980 704 3045; x_wconf 86' lang='lat' dir='ltr'><strong>civitatem</strong></span> <span class='ocrx_word' id='word_1_175' title='bbox 727 2981 762 3043; x_wconf 92' lang='lat' dir='ltr'><strong>in</strong></span> <span class='ocrx_word' id='word_1_176' title='bbox 778 3000 918 3043; x_wconf 87' lang='lat' dir='ltr'><strong>moerore</strong></span> <span class='ocrx_word' id='word_1_177' title='bbox 934 2995 1032 3067; x_wconf 84' lang='lat' dir='ltr'><strong>atque</strong></span> <span class='ocrx_word' id='word_1_178' title='bbox 1048 2998 1140 3047; x_wconf 88' lang='lat' dir='ltr'><strong>metu</strong></span> <span class='ocrx_word' id='word_1_179' title='bbox 1155 3006 1218 3075; x_wconf 85' lang='lat' dir='ltr'><strong>po-</strong></span> 
     </span>
     <span class='ocr_line' id='line_1_24' title="bbox 142 3081 1216 3170; baseline 0.005 -22"><span class='ocrx_word' id='word_1_180' title='bbox 142 3101 294 3166; x_wconf 88' lang='lat' dir='ltr'><strong>suerunt;</strong></span> <span class='ocrx_word' id='word_1_181' title='bbox 312 3083 382 3146; x_wconf 88' lang='lat' dir='ltr'><strong>aliis</strong></span> <span class='ocrx_word' id='word_1_182' title='bbox 403 3081 564 3146; x_wconf 89' lang='lat' dir='ltr'><strong>dedecore</strong></span> <span class='ocrx_word' id='word_1_183' title='bbox 581 3081 727 3170; x_wconf 92' lang='lat' dir='ltr'><strong>imperii,</strong></span> <span class='ocrx_word' id='word_1_184' title='bbox 747 3081 910 3170; x_wconf 86' lang='lat' dir='ltr'><strong>plerisque</strong></span> <span class='ocrx_word' id='word_1_185' title='bbox 932 3081 1080 3170; x_wconf 83' lang='lat' dir='ltr'><strong>periculo</strong></span> <span class='ocrx_word' id='word_1_186' title='bbox 1102 3086 1216 3153; x_wconf 82' lang='lat' dir='ltr'><strong>anxiis.</strong></span> 
     </span>
     <span class='ocr_line' id='line_1_25' title="bbox 146 3184 1214 3273; baseline 0.002 -22"><span class='ocrx_word' id='word_1_187' title='bbox 146 3187 235 3273; x_wconf 83' lang='lat' dir='ltr'><strong>Quid</strong></span> <span class='ocrx_word' id='word_1_188' title='bbox 254 3189 338 3250; x_wconf 84' lang='lat' dir='ltr'><strong>enim</strong></span> <span class='ocrx_word' id='word_1_189' title='bbox 358 3209 422 3249; x_wconf 86' lang='lat' dir='ltr'><strong>non</strong></span> <span class='ocrx_word' id='word_1_190' title='bbox 446 3204 597 3247; x_wconf 75' lang='lat' dir='ltr'><strong>ausurum</strong></span> <span class='ocrx_word' id='word_1_191' title='bbox 617 3184 811 3270; x_wconf 75' lang='lat' dir='ltr'><strong>Iugurtham</strong></span> <span class='ocrx_word' id='word_1_192' title='bbox 818 3233 827 3263; x_wconf 96' lang='lat'><strong>,</strong></span> <span class='ocrx_word' id='word_1_193' title='bbox 847 3197 936 3247; x_wconf 82' lang='lat' dir='ltr'><strong>tanto</strong></span> <span class='ocrx_word' id='word_1_194' title='bbox 958 3185 1067 3248; x_wconf 83' lang='lat' dir='ltr'><strong>animo</strong></span> <span class='ocrx_word' id='word_1_195' title='bbox 1090 3190 1214 3269; x_wconf 68' lang='lat' dir='ltr'><strong>cinon,</strong></span> 
     </span>
     <span class='ocr_line' id='line_1_26' title="bbox 142 3283 1221 3375; baseline 0.002 -23"><span class='ocrx_word' id='word_1_196' title='bbox 142 3303 234 3353; x_wconf 85' lang='lat' dir='ltr'><strong>tanta</strong></span> <span class='ocrx_word' id='word_1_197' title='bbox 249 3288 371 3353; x_wconf 81' lang='lat' dir='ltr'><strong>militt&#39;oe</strong></span> <span class='ocrx_word' id='word_1_198' title='bbox 389 3302 421 3352; x_wconf 87' lang='lat' dir='ltr'><strong>et</strong></span> <span class='ocrx_word' id='word_1_199' title='bbox 437 3287 532 3350; x_wconf 80' lang='lat' dir='ltr'><strong>hostis</strong></span> <span class='ocrx_word' id='word_1_200' title='bbox 540 3287 659 3375; x_wconf 82' lang='lat' dir='ltr'><strong>peritr&#39;a</strong></span> <span class='ocrx_word' id='word_1_201' title='bbox 670 3288 689 3348; x_wconf 70' lang='grc' dir='ltr'><strong>ἱ)</strong></span> <span class='ocrx_word' id='word_1_202' title='bbox 701 3285 784 3349; x_wconf 79' lang='lat' dir='ltr'><strong>nihil</strong></span> <span class='ocrx_word' id='word_1_203' title='bbox 800 3283 851 3348; x_wconf 88' lang='lat' dir='ltr'><strong>illi</strong></span> <span class='ocrx_word' id='word_1_204' title='bbox 867 3284 1025 3350; x_wconf 84' lang='lat' dir='ltr'><strong>occultum</strong></span> <span class='ocrx_word' id='word_1_205' title='bbox 1042 3309 1119 3369; x_wconf 75' lang='lat' dir='ltr'><strong>erse,</strong></span> <span class='ocrx_word' id='word_1_206' title='bbox 1136 3289 1221 3354; x_wconf 75' lang='lat' dir='ltr'><strong>nihil</strong></span> 
     </span>
     <span class='ocr_line' id='line_1_27' title="bbox 143 3381 1214 3478; baseline 0.005 -26"><span class='ocrx_word' id='word_1_207' title='bbox 143 3394 346 3477; x_wconf 78' lang='lat' dir='ltr'><strong>impervium:</strong></span> <span class='ocrx_word' id='word_1_208' title='bbox 364 3412 481 3453; x_wconf 83' lang='lat' dir='ltr'><strong>aurum</strong></span> <span class='ocrx_word' id='word_1_209' title='bbox 501 3388 613 3452; x_wconf 77' lang='lat' dir='ltr'><strong>habere</strong></span> <span class='ocrx_word' id='word_1_210' title='bbox 636 3402 669 3450; x_wconf 80' lang='lat' dir='ltr'><strong>et</strong></span> <span class='ocrx_word' id='word_1_211' title='bbox 690 3381 791 3451; x_wconf 79' lang='lat' dir='ltr'><strong>artem</strong></span> <span class='ocrx_word' id='word_1_212' title='bbox 812 3388 943 3451; x_wconf 76' lang='lat' dir='ltr'><strong>utendi:</strong></span> <span class='ocrx_word' id='word_1_213' title='bbox 962 3411 1060 3478; x_wconf 79' lang='lat' dir='ltr'><strong>neque</strong></span> <span class='ocrx_word' id='word_1_214' title='bbox 1077 3392 1214 3475; x_wconf 78' lang='lat' dir='ltr'><strong>nescire,</strong></span> 
     </span>
     <span class='ocr_line' id='line_1_28' title="bbox 144 3491 1217 3584; baseline 0.007 -32"><span class='ocrx_word' id='word_1_215' title='bbox 144 3493 278 3578; x_wconf 78' lang='lat' dir='ltr'><strong>cognitis</strong></span> <span class='ocrx_word' id='word_1_216' title='bbox 297 3508 328 3555; x_wconf 84' lang='lat' dir='ltr'><strong>et</strong></span> <span class='ocrx_word' id='word_1_217' title='bbox 341 3495 520 3581; x_wconf 61' lang='lat' dir='ltr'><strong>princionm</strong></span> <span class='ocrx_word' id='word_1_218' title='bbox 538 3501 569 3554; x_wconf 80' lang='lat' dir='ltr'><strong>et</strong></span> <span class='ocrx_word' id='word_1_219' title='bbox 582 3491 699 3578; x_wconf 84' lang='lat' dir='ltr'><strong>populi</strong></span> <span class='ocrx_word' id='word_1_220' title='bbox 714 3493 843 3554; x_wconf 81' lang='lat' dir='ltr'><strong>romani</strong></span> <span class='ocrx_word' id='word_1_221' title='bbox 857 3492 992 3556; x_wconf 83' lang='lat' dir='ltr'><strong>ntoribns</strong></span> <span class='ocrx_word' id='word_1_222' title='bbox 1007 3493 1217 3584; x_wconf 67' lang='lat' dir='ltr'><strong>ingentisque,</strong></span> 
     </span>
     <span class='ocr_line' id='line_1_29' title="bbox 144 3580 1173 3684; baseline 0.003 -30"><span class='ocrx_word' id='word_1_223' title='bbox 144 3592 291 3655; x_wconf 73' lang='lat' dir='ltr'><strong>adversio</strong></span> <span class='ocrx_word' id='word_1_224' title='bbox 308 3592 489 3680; x_wconf 80' lang='lat' dir='ltr'><strong>qttosscrro</strong></span> <span class='ocrx_word' id='word_1_225' title='bbox 505 3592 633 3670; x_wconf 81' lang='lat' dir='ltr'><strong>melius,</strong></span> <span class='ocrx_word' id='word_1_226' title='bbox 649 3592 795 3656; x_wconf 74' lang='lat' dir='ltr'><strong>adversus</strong></span> <span class='ocrx_word' id='word_1_227' title='bbox 810 3580 888 3680; x_wconf 76' lang='lat' dir='ltr'><strong>quoi</strong></span> <span class='ocrx_word' id='word_1_228' title='bbox 894 3595 1033 3681; x_wconf 61' lang='lat' dir='ltr'><strong>pecunia</strong></span> <span class='ocrx_word' id='word_1_229' title='bbox 1040 3611 1173 3684; x_wconf 79' lang='lat' dir='ltr'><strong>pugnet.</strong></span> 
     </span>
    </p>

    <p class='ocr_par' dir='ltr' id='par_1_5' title="bbox 146 3688 1221 4293">
     <span class='ocr_line' id='line_1_30' title="bbox 189 3688 1220 3781; baseline 0.007 -25"><span class='ocrx_word' id='word_1_230' title='bbox 189 3696 305 3759; x_wconf 88' lang='lat' dir='ltr'><strong>XLVI.</strong></span> <span class='ocrx_word' id='word_1_231' title='bbox 320 3694 558 3781; x_wconf 85' lang='lat' dir='ltr'><strong>Crescebatque</strong></span> <span class='ocrx_word' id='word_1_232' title='bbox 569 3695 604 3757; x_wconf 93' lang='lat' dir='ltr'><strong>in</strong></span> <span class='ocrx_word' id='word_1_233' title='bbox 618 3693 687 3757; x_wconf 86' lang='lat' dir='ltr'><strong>dies</strong></span> <span class='ocrx_word' id='word_1_234' title='bbox 699 3691 901 3774; x_wconf 89' lang='lat' dir='ltr'><strong>sollicitudo,</strong></span> <span class='ocrx_word' id='word_1_235' title='bbox 916 3693 1006 3780; x_wconf 87' lang='lat' dir='ltr'><strong>quod</strong></span> <span class='ocrx_word' id='word_1_236' title='bbox 1020 3688 1220 3762; x_wconf 78' lang='lat' dir='ltr'><strong>incrementa</strong></span> 
     </span>
     <span class='ocr_line' id='line_1_31' title="bbox 147 3794 1220 3887; baseline 0.005 -30"><span class='ocrx_word' id='word_1_237' title='bbox 147 3796 214 3874; x_wconf 80' lang='lat' dir='ltr'><strong>rjus</strong></span> <span class='ocrx_word' id='word_1_238' title='bbox 237 3794 464 3880; x_wconf 85' lang='lat' dir='ltr'><strong>frequentibus</strong></span> <span class='ocrx_word' id='word_1_239' title='bbox 485 3795 625 3875; x_wconf 87' lang='lat' dir='ltr'><strong>nuntiis,</strong></span> <span class='ocrx_word' id='word_1_240' title='bbox 649 3809 682 3858; x_wconf 86' lang='lat' dir='ltr'><strong>et</strong></span> <span class='ocrx_word' id='word_1_241' title='bbox 703 3794 821 3875; x_wconf 85' lang='lat' dir='ltr'><strong>ferme,</strong></span> <span class='ocrx_word' id='word_1_242' title='bbox 841 3810 879 3857; x_wconf 91' lang='lat' dir='ltr'><strong>ut</strong></span> <span class='ocrx_word' id='word_1_243' title='bbox 898 3816 969 3858; x_wconf 87' lang='lat' dir='ltr'><strong>mos</strong></span> <span class='ocrx_word' id='word_1_244' title='bbox 985 3816 1004 3858; x_wconf 87' lang='lat' dir='ltr'><strong>e</strong></span> <span class='ocrx_word' id='word_1_245' title='bbox 1018 3795 1220 3887; x_wconf 83' lang='lat' dir='ltr'><strong>longinquo,</strong></span> 
     </span>
     <span class='ocr_line' id='line_1_32' title="bbox 147 3894 1217 3985; baseline 0.002 -25"><span class='ocrx_word' id='word_1_246' title='bbox 147 3900 180 3960; x_wconf 91' lang='lat' dir='ltr'><strong>in</strong></span> <span class='ocrx_word' id='word_1_247' title='bbox 207 3896 310 3975; x_wconf 86' lang='lat' dir='ltr'><strong>majus</strong></span> <span class='ocrx_word' id='word_1_248' title='bbox 334 3894 573 3959; x_wconf 84' lang='lat' dir='ltr'><strong>audiebantur:</strong></span> <span class='ocrx_word' id='word_1_249' title='bbox 597 3918 694 3984; x_wconf 78' lang='lat' dir='ltr'><strong>neque</strong></span> <span class='ocrx_word' id='word_1_250' title='bbox 713 3917 812 3958; x_wconf 86' lang='lat' dir='ltr'><strong>unam</strong></span> <span class='ocrx_word' id='word_1_251' title='bbox 835 3905 896 3957; x_wconf 85' lang='lat' dir='ltr'><strong>aut</strong></span> <span class='ocrx_word' id='word_1_252' title='bbox 917 3895 1057 3961; x_wconf 68' lang='lat' dir='ltr'><strong>atteram</strong></span> <span class='ocrx_word' id='word_1_253' title='bbox 1075 3914 1217 3985; x_wconf 79' lang='lat' dir='ltr'><strong>gentem,</strong></span> 
     </span>
     <span class='ocr_line' id='line_1_33' title="bbox 146 3994 1219 4090; baseline 0.006 -29"><span class='ocrx_word' id='word_1_254' title='bbox 146 3999 203 4062; x_wconf 85' lang='lat' dir='ltr'><strong>sed</strong></span> <span class='ocrx_word' id='word_1_255' title='bbox 221 3999 396 4062; x_wconf 78' lang='lat' dir='ltr'><strong>universnm</strong></span> <span class='ocrx_word' id='word_1_256' title='bbox 410 4017 505 4083; x_wconf 81' lang='lat' dir='ltr'><strong>poene</strong></span> <span class='ocrx_word' id='word_1_257' title='bbox 522 3994 671 4082; x_wconf 81' lang='lat' dir='ltr'><strong>Africam</strong></span> <span class='ocrx_word' id='word_1_258' title='bbox 692 4019 714 4058; x_wconf 76' lang='lat' dir='ltr'><strong>a</strong></span> <span class='ocrx_word' id='word_1_259' title='bbox 739 3996 888 4060; x_wconf 82' lang='lat' dir='ltr'><strong>Romanis</strong></span> <span class='ocrx_word' id='word_1_260' title='bbox 908 3995 1104 4084; x_wconf 79' lang='lat' dir='ltr'><strong>deficientem</strong></span> <span class='ocrx_word' id='word_1_261' title='bbox 1119 4024 1219 4090; x_wconf 80' lang='lat' dir='ltr'><strong>regno</strong></span> 
     </span>
     <span class='ocr_line' id='line_1_34' title="bbox 147 4098 1220 4192; baseline 0.002 -26"><span class='ocrx_word' id='word_1_262' title='bbox 147 4127 202 4166; x_wconf 83' lang='lat' dir='ltr'><strong>suo</strong></span> <span class='ocrx_word' id='word_1_263' title='bbox 207 4104 368 4192; x_wconf 76' lang='lat' dir='ltr'><strong>junxisse.</strong></span> <span class='ocrx_word' id='word_1_264' title='bbox 389 4098 469 4163; x_wconf 87' lang='lat' dir='ltr'><strong>Ideo</strong></span> <span class='ocrx_word' id='word_1_265' title='bbox 486 4099 624 4186; x_wconf 70' lang='lat' dir='ltr'><strong>querelae</strong></span> <span class='ocrx_word' id='word_1_266' title='bbox 640 4112 675 4161; x_wconf 89' lang='lat' dir='ltr'><strong>et</strong></span> <span class='ocrx_word' id='word_1_267' title='bbox 692 4098 837 4162; x_wconf 83' lang='lat' dir='ltr'><strong>convicia</strong></span> <span class='ocrx_word' id='word_1_268' title='bbox 853 4101 1003 4167; x_wconf 86' lang='lat' dir='ltr'><strong>omnium</strong></span> <span class='ocrx_word' id='word_1_269' title='bbox 1020 4101 1055 4164; x_wconf 91' lang='lat' dir='ltr'><strong>in</strong></span> <span class='ocrx_word' id='word_1_270' title='bbox 1071 4104 1110 4166; x_wconf 75' lang='lat' dir='ltr'><strong>A.</strong></span> <span class='ocrx_word' id='word_1_271' title='bbox 1126 4101 1220 4168; x_wconf 80' lang='lat' dir='ltr'><strong>Albi·</strong></span> 
     </span>
     <span class='ocr_line' id='line_1_35' title="bbox 148 4199 1221 4293; baseline -0.001 -25"><span class='ocrx_word' id='word_1_272' title='bbox 148 4229 228 4269; x_wconf 90' lang='lat' dir='ltr'><strong>num</strong></span> <span class='ocrx_word' id='word_1_273' title='bbox 246 4204 451 4282; x_wconf 79' lang='lat' dir='ltr'><strong>ferebantur5</strong></span> <span class='ocrx_word' id='word_1_274' title='bbox 465 4200 627 4291; x_wconf 72' lang='lat' dir='ltr'><strong>precipue</strong></span> <span class='ocrx_word' id='word_1_275' title='bbox 645 4199 877 4277; x_wconf 84' lang='lat' dir='ltr'><strong>frementibus,</strong></span> <span class='ocrx_word' id='word_1_276' title='bbox 898 4201 955 4289; x_wconf 90' lang='lat' dir='ltr'><strong>qui</strong></span> <span class='ocrx_word' id='word_1_277' title='bbox 969 4201 1057 4266; x_wconf 88' lang='lat' dir='ltr'><strong>bello</strong></span> <span class='ocrx_word' id='word_1_278' title='bbox 1073 4224 1124 4268; x_wconf 88' lang='lat' dir='ltr'><strong>res</strong></span> <span class='ocrx_word' id='word_1_279' title='bbox 1138 4224 1221 4293; x_wconf 76' lang='lat' dir='ltr'><strong>prte-</strong></span> 
     </span>
    </p>
   </div>
   <div class='ocr_carea' id='block_1_3' title="bbox 151 4394 1221 4549">
    <p class='ocr_par' dir='ltr' id='par_1_6' title="bbox 151 4394 1221 4549">
     <span class='ocr_line' id='line_1_36' title="bbox 184 4394 1221 4469; baseline -0.006 -20"><span class='ocrx_word' id='word_1_280' title='bbox 184 4400 200 4464; x_wconf 78' lang='lat' dir='ltr'>S</span> <span class='ocrx_word' id='word_1_281' title='bbox 214 4404 303 4450; x_wconf 86' lang='lat' dir='ltr'><strong>XLIII.</strong></span> <span class='ocrx_word' id='word_1_282' title='bbox 319 4400 384 4448; x_wconf 83' lang='lat' dir='ltr'><strong>Flor.</strong></span> <span class='ocrx_word' id='word_1_283' title='bbox 399 4400 453 4458; x_wconf 91' lang='lat' dir='ltr'><strong>III,</strong></span> <span class='ocrx_word' id='word_1_284' title='bbox 470 4414 511 4460; x_wconf 82' lang='lat'><strong>¹9·</strong></span> <span class='ocrx_word' id='word_1_285' title='bbox 528 4423 563 4435; x_wconf 94' lang='lat'>-</span> <span class='ocrx_word' id='word_1_286' title='bbox 579 4395 675 4444; x_wconf 72' lang='lat' dir='ltr'><strong>sellun.</strong></span> <span class='ocrx_word' id='word_1_287' title='bbox 690 4423 725 4432; x_wconf 92' lang='lat'>-</span> <span class='ocrx_word' id='word_1_288' title='bbox 739 4396 793 4443; x_wconf 67' lang='lat' dir='ltr'><strong>tir.</strong></span> <span class='ocrx_word' id='word_1_289' title='bbox 807 4397 872 4463; x_wconf 78' lang='lat' dir='ltr'><strong>Epir.</strong></span> <span class='ocrx_word' id='word_1_290' title='bbox 890 4425 922 4435; x_wconf 95' lang='lat'>-</span> <span class='ocrx_word' id='word_1_291' title='bbox 935 4394 951 4463; x_wconf 75' lang='lat' dir='ltr'><strong><em>s</em></strong></span> <span class='ocrx_word' id='word_1_292' title='bbox 966 4397 1056 4447; x_wconf 76' lang='lat' dir='ltr'><strong>xm.</strong></span> <span class='ocrx_word' id='word_1_293' title='bbox 1070 4400 1174 4469; x_wconf 73' lang='lat' dir='ltr'><strong>Eutrop.</strong></span> <span class='ocrx_word' id='word_1_294' title='bbox 1184 4429 1221 4443; x_wconf 87' lang='grc'><strong>.-</strong></span> 
     </span>
     <span class='ocr_line' id='line_1_37' title="bbox 151 4478 795 4549; baseline 0.002 -18"><span class='ocrx_word' id='word_1_295' title='bbox 151 4484 246 4534; x_wconf 84' lang='lat' dir='ltr'><strong>Sallust.</strong></span> <span class='ocrx_word' id='word_1_296' title='bbox 259 4512 293 4523; x_wconf 92' lang='lat'>-</span> <span class='ocrx_word' id='word_1_297' title='bbox 303 4487 376 4533; x_wconf 85' lang='lat' dir='ltr'><strong>Oros.</strong></span> <span class='ocrx_word' id='word_1_298' title='bbox 389 4512 424 4521; x_wconf 93' lang='lat'><em>-</em></span> <span class='ocrx_word' id='word_1_299' title='bbox 436 4482 453 4549; x_wconf 71' lang='lat' dir='ltr'>S</span> <span class='ocrx_word' id='word_1_300' title='bbox 469 4482 547 4532; x_wconf 82' lang='lat' dir='ltr'><strong>XLV.</strong></span> <span class='ocrx_word' id='word_1_301' title='bbox 564 4482 638 4531; x_wconf 71' lang='lat' dir='ltr'><strong>Oros.</strong></span> <span class='ocrx_word' id='word_1_302' title='bbox 652 4506 686 4520; x_wconf 90' lang='lat'>-</span> <span class='ocrx_word' id='word_1_303' title='bbox 697 4478 795 4532; x_wconf 73' lang='lat' dir='ltr'><strong>Sullttst.</strong></span> 
     </span>
    </p>
   </div>
   <div class='ocr_carea' id='block_1_4' title="bbox 983 4576 1045 4648">
    <p class='ocr_par' dir='ltr' id='par_1_7' title="bbox 983 4576 1045 4648">
     <span class='ocr_line' id='line_1_38' title="bbox 983 4576 1045 4648; baseline 0 0"><span class='ocrx_word' id='word_1_304' title='bbox 983 4576 1045 4648; x_wconf 90' lang='lat'><strong>30.</strong></span> 
     </span>
    </p>
   </div>
   <div class='ocr_carea' id='block_1_5' title="bbox 0 0 1323 4980">
    <p class='ocr_par' dir='ltr' id='par_1_8' title="bbox 0 0 1323 4980">
     <span class='ocr_line' id='line_1_39' title="bbox 0 0 1323 4980; baseline 0 0"><span class='ocrx_word' id='word_1_305' title='bbox 0 0 1323 4980; x_wconf 95' lang='lat' dir='ltr'><strong> </strong></span> 
     </span>
    </p>
   </div>
  </div>
 </body>
</html>
