2594 4980
118 757 165 838 dd
288 754 359 822 JO.
387 754 726 824 FREINSHEMII
755 752 997 822 SUPPLEM.

117 876 254 956 nostris,
278 874 398 953 bellum
426 899 500 939 cum
527 851 651 956 Xttalo,
676 875 788 963 populi
811 875 937 938 romani
966 875 1056 938 socio
1078 888 1175 963 atque

116 978 239 1061 amico,
256 1000 365 1065 gerere
377 992 547 1059 vetaretur,
562 998 673 1066 parere
687 991 849 1065 gravatus,
858 972 899 1039 ad
912 974 1173 1063 disceptationem

116 1079 407 1142 controversiarum
415 1079 604 1143 vocantibus
612 1079 872 1165 obsequaturum
880 1078 1176 1142 simulavitllonsti·

117 1195 226 1244 tutum
239 1195 321 1259 erat,
333 1195 370 1242 ut
381 1179 422 1242 ad
434 1179 514 1244 lines
526 1203 702 1269 regnorum
716 1203 791 1244 cum
802 1180 939 1243 millenis
951 1178 1116 1267 equitibus
1129 1180 1176 1242 in·

115 1281 217 1345 vicem
231 1299 447 1345 occurrerent.
462 1281 498 1345 ld
514 1282 640 1360 Prusias
652 1298 874 1370 opportunum
886 1279 1030 1369 perfidiae
1048 1296 1175 1369 tempus

116 1403 184 1446 esse
194 1382 356 1464 judicans,
368 1383 490 1471 legatos
506 1385 670 1470 praemittit
682 1383 723 1447 ad
735 1385 897 1464 Attalum,
912 1383 985 1471 qui,
997 1383 1176 1447 affuturum

115 1485 213 1573 paulo
230 1502 304 1571 post
320 1508 394 1547 cum
412 1507 550 1548 numero
566 1484 716 1565 delinito,
733 1486 895 1548 nuntient.
910 1486 982 1572 Ipse
999 1484 1124 1548 interea
1137 1479 1177 1545 ad

114 1586 365 1673 opprimendum
383 1586 550 1650 inimicum
566 1588 729 1651 universas
743 1588 851 1674 copias
868 1587 1028 1650 concitat:
1046 1605 1177 1672 parum·

114 1711 179 1776 que
199 1689 326 1768 abluit,
345 1689 424 1775 quin
448 1691 574 1752 sceleris
600 1690 733 1777 praemio
759 1689 933 1777 potiretur,
951 1688 1011 1751 nisi
1036 1686 1176 1765 Attalus,

113 1790 275 1878 legatique
297 1790 439 1869 romani,
459 1791 515 1877 qui
538 1813 612 1853 cnm
633 1790 688 1853 illo
714 1805 823 1869 erant,
845 1788 886 1852 de
903 1786 981 1852 dolo
1001 1786 1176 1866 admoniti,

116 1892 281 1954 celerrima
303 1891 378 1979 fuga
396 1907 607 1980 preparatum
628 1891 799 1961 discrimen
824 1890 1005 1954 evasissent.
1029 1888 1177 1967 Prusias,

116 1992 248 2080 direptis
261 1994 356 2056 etiam
372 1994 550 2082 legatorum
562 1991 817 2081 impedimentis,
831 1992 1040 2080 Pergamum,
1052 2012 1120 2077 quo
1134 1987 1177 2052 illi

115 2116 190 2157 cum
203 2096 311 2158 Attalo
323 2094 546 2181 confugerant,
555 2094 686 2158 adducit
696 2095 881 2158 exercitum.
893 2094 970 2157 Erat
979 2106 1054 2156 ante
1064 2091 1177 2155 urbem

114 2195 292 2284 AEsculapii
315 2196 440 2259 celebre
463 2195 593 2275 lanum,
612 2196 668 2258 ubi
688 2194 848 2258 redivina
867 2195 1087 2281 lacta,quum
1107 2190 1178 2255 lita·

113 2297 227 2374 visset,
252 2296 378 2359 honore
406 2296 447 2359 ad
469 2297 731 2385 superstitionem
759 2319 863 2384 usque
892 2296 1028 2382 profuso
1056 2314 1177 2356 numen

115 2413 301 2479 veneratus,
313 2399 346 2460 in
368 2414 470 2461 eastra
482 2397 586 2461 rediit.
602 2397 761 2462 Postridie
781 2418 858 2459 vero
874 2395 1014 2460 admotis
1028 2394 1072 2458 ad
1082 2392 1177 2457 Nice·

115 2499 269 2587 photium
281 2500 399 2586 copiis,
410 2522 507 2586 quem
520 2500 629 2562 lucum
640 2522 696 2561 rex
707 2498 870 2561 Eumenes
882 2496 963 2560 fanis
973 2511 1006 2559 et
1015 2493 1108 2557 omni
1119 2493 1177 2557 do·

116 2599 282 2662 nariorum
296 2622 413 2687 genere
425 2616 667 2687 perornaverat,
677 2613 794 2662 cuncta
805 2596 889 2660 freda
901 2598 995 2660 ruina
1003 2609 1178 2684 pervastat,
1190 2642 1193 2647 -

116 2697 250 2761 delubra
272 2699 433 2780 incendit,
456 2714 575 2763 statuas
596 2698 728 2763 sedibus
747 2698 814 2761 suis
839 2698 959 2777 avellit,
976 2719 1018 2761 ne
1041 2695 1183 2769 deorum,

115 2799 246 2887 quidem
259 2801 436 2864 simulacris
454 2824 607 2888 parcens:
624 2800 709 2863 inter
718 2821 791 2886 quoe
808 2797 939 2861 sustulit
954 2811 987 2861 et
1003 2796 1180 2885 AEsculapii

114 2902 259 2992 signum,
273 2902 489 2991 Pltyromachi
507 2902 624 2965 nobilis
638 2898 767 2963 artificis
780 2920 882 2987 opus,
896 2896 931 2961 id
947 2897 1074 2986 ipsum,
1091 2894 1180 2984 quod

113 3004 217 3091 pridie
228 3022 316 3068 tanta
326 3027 400 3068 cum
411 3004 568 3092 religione
578 3001 765 3066 adoraverat
775 3023 782 3065 :
794 3002 821 3064 is
832 2999 967 3065 turbatae
978 2999 1079 3063 menti
1090 3021 1180 3063 error

117 3107 238 3187 inerat,
249 3130 347 3193 quam
362 3107 450 3169 nulla
465 3106 532 3168 veri
543 3104 688 3191 justique
704 3103 837 3166 scientia
853 3101 1025 3166 stabilitam
1038 3101 1179 3188 abripie-

115 3206 194 3270 bant
207 3207 359 3286 aflectus,
372 3204 472 3268 modo
485 3204 527 3267 ad
543 3205 707 3268 muliebris
724 3203 960 3291 superstitionis
970 3202 1108 3291 ineptias
1130 3222 1181 3265 co·

115 3325 211 3395 gente
225 3323 331 3387 metu,
346 3305 445 3369 modo
460 3306 507 3368 ira
521 3305 705 3369 stimulante
721 3304 760 3368 ad
775 3305 924 3369 violanda
939 3327 997 3393 per
1011 3319 1181 3368 contume-

116 3408 210 3489 liam,
227 3431 299 3495 quae
314 3408 411 3495 paulo
428 3423 502 3469 ante
520 3429 616 3494 supra
632 3406 766 3471 modum
787 3406 1008 3494 decorumque
1024 3407 1178 3470 coluerat.

159 3509 312 3572 XXXIV.
329 3508 444 3594 Neque
456 3509 570 3571 melior
584 3508 644 3595 ipsi
659 3507 777 3572 deinde
793 3531 903 3573 rerum
916 3524 1070 3589 eventus,
1081 3529 1181 3595 quam

114 3633 175 3699 pro
193 3626 278 3675 tanta
293 3610 455 3697 protervia
468 3610 538 3673 tuit.
554 3609 653 3673 Nullo
667 3610 753 3698 apud
769 3610 963 3699 Pergamum
981 3608 1065 3672 virili
1083 3628 1181 3695 opere

115 3710 221 3791 edito,
241 3713 376 3791 Elaeam,
394 3709 485 3797 quod
503 3712 600 3775 Attali
619 3712 702 3800 regis
718 3713 901 3799 emporium
919 3726 952 3773 et
967 3709 1079 3775 navale
1094 3725 1179 3790 erat,

115 3811 300 3900 aPergamo
310 3812 369 3875 tria
379 3811 501 3876 distans
511 3834 665 3899 passuum
679 3812 794 3892 millia,
807 3810 1032 3895 obsedit„er
1046 3809 1182 3900 nequid·

116 3936 213 4001 quam
230 3930 349 3978 tentata
370 3914 459 4001 (nam
473 3912 648 3993 Sosander,
662 3914 878 3976 collactaneus
891 3912 996 4001 regis,
1010 3933 1086 3976 cum
1103 3933 1181 4000 prat·

114 4015 198 4080 sidio
212 4017 373 4105 ingressus
385 4015 542 4105 oppidum
553 4013 686 4099 fuerat),
697 4013 840 4077 exercitu
851 4029 966 4078 caetero
976 4012 1118 4077 terrestri
1132 4010 1181 4075 iti·

115 4141 192 4182 nere
205 4117 340 4181 domum
352 4119 467 4181 reverti
477 4118 585 4197 jusso,
598 4117 666 4204 ipse
678 4114 813 4179 navibus
825 4113 993 4180 contendit
1006 4113 1178 4201 Thyatira:

117 4242 158 4283 ne
175 4220 207 4283 in
227 4218 334 4284 reditu
355 4218 487 4308 quidem
508 4217 549 4283 ad
564 4215 712 4282 viohnda
730 4215 870 4281 deorum
890 4213 1010 4303 templa
1032 4214 1178 4303 segnior,

150 4435 165 4501 S
185 4438 308 4484 XXXIII.
328 4435 435 4501 Applan.
455 4432 617 4482 Mithridatio.
638 4459 673 4469 -
697 4431 785 4496 Polyb.
804 4458 840 4468 ·-
856 4429 962 4478 Diodor.
985 4454 1022 4465 -
1043 4426 1132 4476 suidas
1151 4427 1176 4474 in

115 4515 263 4586 Ilptaoiaet.
275 4544 315 4558 --
325 4514 403 4564 Strab,
414 4513 458 4564 lib.
468 4514 541 4563 1111,
550 4540 585 4551 -
598 4511 686 4573 Polyb.
697 4511 763 4576 apud
772 4511 853 4560 Viles.
861 4538 897 4549 -
906 4509 970 4559 etin.
980 4508 1103 4569 XXXIV,
1119 4508 1143 4557 8.
