2594 4980
125 755 193 826 ποθ
296 758 364 824 JO.
390 750 1009 825 FuEthHEMIIsUPPLEM.

124 875 293 939 turbarum
316 891 398 956 erat,
415 896 473 962 per
487 874 638 939 saevitiam
654 874 819 941 Ptolemaei
827 912 840 953 ,·
854 900 928 965 quie
944 878 1035 943 mdia
1051 876 1174 947 femina

124 975 322 1065 indulgentia
339 977 555 1064 mitigabatur.
578 976 691 1064 Nuper
709 978 814 1060 enim,
831 1000 938 1065 quum
960 978 1173 1071 AEgyptiom

123 1078 193 1167 lege
218 1079 323 1167 regale
346 1077 492 1165 Memphi
514 1079 632 1142 solium
657 1078 915 1161 conscendisset,
941 1096 1039 1146 natus
1058 1082 1089 1147 ei
1106 1080 1173 1149 filu

124 1196 205 1260 erat,
232 1203 329 1267 quem
354 1181 438 1243 inter
465 1179 621 1243 solemnia
645 1180 740 1267 regias
764 1179 1025 1269 inaugurationis
1048 1180 1171 1263 adina,

122 1282 216 1344 etiam
239 1283 348 1344 omine
366 1280 477 1360 laetus,
498 1280 688 1368 Menpbten
705 1282 928 1369 appellaverat.
946 1282 1066 1371 Neque
1082 1298 1170 1349 mn

122 1397 178 1445 aut
197 1382 339 1445 hilaritas
354 1383 430 1463 ista,
447 1397 504 1445 aut
518 1380 668 1445 natalitiis
686 1383 779 1470 pueri
797 1381 906 1449 debita
922 1384 1109 1467 celebritas,
1121 1385 1169 1449 itt·

121 1482 309 1571 pedimento
325 1482 505 1546 crudelitati
520 1482 597 1563 fuit,
613 1483 692 1570 quin
709 1505 768 1570 per
783 1482 915 1550 eosdem
932 1482 1005 1549 dies
1025 1485 1167 1573 Cyrenen·

121 1586 205 1649 sium
225 1585 404 1648 amicornm
421 1583 582 1672 principes
605 1581 781 1665 occideret,
797 1606 941 1671 quorum
957 1606 1059 1673 opera
1066 1582 1165 1673 perdr-

122 1702 193 1750 ctus
202 1688 236 1748 in
250 1708 387 1774 regnum
398 1683 598 1748 Alexandriae
614 1684 727 1747 fuerat.
739 1684 843 1748 Causa
857 1699 957 1749 tantae
969 1685 1097 1749 serino
1106 1682 1163 1759 trit,

121 1786 211 1874 quod
225 1808 333 1874 regem
348 1786 449 1848 amice
459 1799 673 1866 monuerant,
686 1807 726 1847 rte
743 1806 875 1847 uxorem
882 1832 893 1865 ,
907 1808 1009 1875 aqua
1020 1798 1162 1869 streptu

112 1886 216 1976 paulo
233 1902 325 1965 ante,
348 1899 379 1950 et
400 1908 483 1950 nunc
497 1885 624 1974 stirpem
645 1884 789 1964 liaberet,
804 1886 932 1973 pellicii
946 1882 1160 1951 Ircrtesild·

121 1991 230 2052 mentis
240 1987 450 2076 posthaberet.

164 2091 285 2154 XVlll.
297 2089 359 2153 Sed
371 2086 548 2176 illellagitia
562 2086 687 2177 flagitiis
698 2024 867 2153 cumulans
872 2087 998 2176 ,paulo
1006 2086 1155 2179 postlili!

119 2194 230 2255 uxoris
255 2192 396 2279 pervim
416 2205 593 2276 stupratam
616 2188 727 2270 ducit,
745 2190 950 2276 Cleopatram
975 2206 1155 2254 sororentrt·

119 2292 242 2379 pudiat.
266 2293 356 2355 Inter
380 2291 449 2353 haec
467 2289 567 2353 caedes
590 2290 845 2370 continuantur,
859 2313 929 2354 non
954 2292 1040 2382 regis
1061 2302 1153 2355 tant!

118 2394 271 2480 imperio,
285 2391 342 2454 sed
354 2391 454 2453 multa
468 2391 711 2478 peregrinorum
721 2391 861 2455 militum
873 2390 1010 2457 libidine
1020 2390 1093 2457 lieti.
1101 2384 1153 2470 Q*

119 2491 180 2556 bus
194 2493 284 2556 malis
296 2490 502 2556 Alexandrini
516 2492 654 2581 litigari,
665 2491 730 2571 jam
741 2492 846 2557 ubivis
860 2484 1155 2559 tolerabiliormttili

118 2594 237 2674 vitam,
263 2616 360 2680 quam
382 2593 416 2655 in
434 2594 553 2680 patria,
579 2595 722 2656 litturam
741 2593 820 2673 rati,
843 2593 963 2680 passim
991 2586 1160 2659 urbemdt·

118 2712 241 2758 serunt.
262 2695 472 2775 Ptolemaeus,
491 2717 557 2782 quo
580 2694 745 2758 solitudini
768 2694 957 2777 subveniat,
977 2693 1156 2785 peregrinat,

118 2813 156 2859 ut
176 2798 210 2858 in
228 2797 335 2860 vacuis
359 2795 482 2860 aedibus
499 2795 680 2859 habitatum
705 2797 854 2877 veniant,
881 2795 993 2861 edicto
1016 2792 1162 2861 sollitittte

117 2899 253 2987 cogitur.
273 2900 348 2962 Hanc
364 2914 397 2960 et
415 2898 473 2960 alia
490 2920 593 2984 quum
611 2913 644 2960 et
659 2920 773 2986 regum
788 2914 821 2961 et
835 2898 1006 2962 civitatum
1022 2886 1165 2965 matrab

117 3001 330 3089 legationibus
342 3001 375 3063 in
389 3015 503 3063 senatu
512 3015 766 3086 exponerentur,
780 2997 870 3085 quod
883 2999 909 3061 is
918 3020 1024 3087 quum
1037 2998 1163 3069 donn,

120 3119 187 3166 tum
210 3102 344 3189 AEgypti
361 3119 394 3165 et
414 3101 512 3188 Syrias
531 3122 726 3189 regnorum,
745 3100 837 3187 quasi
854 3116 1036 3189 perpetuus
1051 3094 1163 3188 ouidi!
1185 3122 1188 3127 ·

118 3219 207 3267 tutor
221 3205 318 3291 longo
333 3203 396 3280 jam
416 3217 562 3288 tempore
580 3202 700 3280 fuerat,
717 3201 837 3289 legatos
850 3198 891 3263 ad
906 3196 1158 3288 inspiciundt-tt·

117 3305 242 3367 ciorum
260 3325 359 3389 regna
375 3302 557 3389 Scipionem
575 3318 672 3388 atque
685 3316 816 3365 ceteros
834 3302 918 3365 mitti
935 3302 1068 3390 placuit.

161 3402 251 3464 XIX.
270 3404 307 3464 ln
325 3425 362 3464 ea
381 3402 557 3490 legatione,
577 3424 642 3489 qua
657 3424 780 3491 magnae
799 3401 889 3465 orbis
910 3392 1165 3490 tenarurnpttt'*

116 3504 286 3567 arbitrium
307 3519 438 3565 acturus
464 3518 549 3582 erat,
569 3502 619 3564 vir
639 3518 734 3565 tantoe
753 3500 918 3589 dignitatis
939 3518 1039 3591 atque
1056 3496 1168 3591 gittho

116 3621 290 3669 contentus
305 3604 367 3666 fuit
379 3626 445 3665 uno
458 3604 577 3667 comite
593 3603 753 3683 Panaetio,
768 3624 866 3690 quem
881 3601 972 3667 domi
984 3612 1169 3693 peregroqw

116 3729 225 3771 secum
247 3706 366 3769 habere
384 3705 562 3793 proestantis
585 3703 706 3792 ingenii
722 3724 816 3766 causa
838 3718 1068 3783 consueverat,
1085 3714 1175 3765 etr

115 3823 203 3895 ptem
215 3807 417 3871 servulorum
429 3806 606 3869 ministerio
615 3828 623 3868 :
633 3826 672 3866 ex
682 3805 802 3890 quibus
810 3826 914 3891 quum
923 3827 1011 3869 unus
1020 3804 1055 3869 in
1065 3802 1174 3871 it'mttss

116 3924 199 3971 esset
210 3923 377 3986 mortuus,
390 3906 573 3970 domesticis
583 3904 726 3992 scripsit,
738 3905 882 3969 utalium
890 3906 952 3970 sibi
964 3904 1066 3971 domo
1077 3918 1177 3969 tritt·

115 4010 302 4071 mitterent:
320 4030 427 4070 emere
436 4006 523 4069 enim
535 4004 681 4086 nolebat,
699 4027 740 4068 ne
758 4006 849 4092 quis,
865 4005 994 4071 domini
1012 4002 1181 4093 diruptis·

115 4132 181 4172 non
193 4110 380 4188 institutus,
392 4106 514 4194 aliquid
527 4106 761 4186 committeret,
777 4105 867 4192 quod
881 4106 1007 4171 adberi
1023 4104 1180 4197 prome

114 4228 222 4296 posset
237 4211 304 4273 ullo
320 4224 413 4297 pacto
427 4207 599 4295 pertinere.
615 4207 790 4292 Postquam
806 4205 1032 4271 Alexandriam
1045 4218 1183 4293 pem·

115 4324 205 4383 tum,
235 4325 267 4372 et
292 4332 330 4371 ex
361 4308 433 4369 navi
463 4306 632 4394 degressus
658 4306 765 4393 Scipio
789 4323 886 4393 caput
908 4308 1006 4395 pallio
1029 4302 1145 4395 tegebat
1162 4334 1177 4369 a

151 4500 260 4561 garn.
274 4464 353 4547 oua]
359 4497 513 4563 aptavere.
531 4526 556 4535 -
567 4498 657 4546 autu.
666 4498 816 4558 xxxrru,
831 4499 905 4547 s.·-
915 4500 968 4549 tn.
981 4500 1046 4566 spu
1056 4496 1112 4547 un
