2594 4980
277 708 331 775 nr
359 706 474 774 noc.
500 707 593 774 arn.
622 707 789 776 nxvnr
807 704 1034 779 urvmrtr.
1119 648 1191 805 563

128 831 211 917 capti
229 845 315 894 sunt.
335 829 431 918 Signa
449 828 596 893 militaria
613 829 775 893 marianus
796 829 954 895 exereitus
975 827 1042 892 duo
1062 844 1189 895 tantum

128 932 213 1020 cepit
232 954 240 994 ι
260 932 318 1018 qui
343 929 405 993 sub
429 929 545 994 Catulo
571 929 745 1011 militabat,
767 951 874 993 unum
895 946 927 993 et
951 928 1091 1017 triginta.
1116 932 1190 997 Hoc

128 1048 320 1122 argumento
334 1055 438 1120 quum
454 1031 587 1096 minime
602 1033 792 1121 ambiguum
805 1048 906 1112 esset,
923 1052 1025 1119 penes
1034 1046 1121 1096 utras
1133 1032 1189 1097 illo

129 1134 181 1197 die
199 1157 348 1198 romanas
372 1134 478 1222 copias
495 1134 634 1199 victoria
651 1156 724 1222 pars
738 1134 840 1213 major
857 1133 986 1213 fuisset,
1005 1147 1112 1197 tamen
1121 1154 1135 1214 ,³
1147 1132 1189 1199 ad

128 1259 163 1299 se
180 1236 381 1299 trahentibus
404 1234 543 1324 praedam
567 1236 737 1315 Marianis,
759 1232 848 1298 aliud
872 1233 1033 1314 adjectum
1056 1248 1104 1296 est
1122 1232 1189 1297 evi·

129 1335 257 1398 dontius
277 1359 285 1399 ε
305 1335 595 1424 parrnensibusque
615 1337 744 1425 legatis,
763 1335 821 1424 qui
847 1352 916 1399 tum
934 1335 1017 1399 forte
1035 1333 1188 1416 aderant,

129 1437 215 1498 velut
227 1438 354 1501 arbitris
366 1438 514 1513 delectis,
529 1454 696 1502 ostensum
709 1461 728 1501 a
739 1437 895 1502 militibus
911 1437 1018 1500 Catuli
1032 1436 1188 1525 est‘,·pih,

130 1538 249 1623 quibus
266 1540 373 1602 hostes
388 1539 530 1603 transfixi
540 1541 704 1621 jacebant,
723 1541 790 1603 suis
802 1541 916 1603 emissa
936 1539 1085 1602 manibus
1101 1545 1190 1620 es'se;

130 1638 163 1700 id
178 1640 264 1702 enim
277 1663 472 1730 cognoscere
488 1659 678 1729 promptum
692 1657 760 1705 erat
774 1663 813 1704 ex
826 1639 1007 1723 hastilibus,
1023 1638 1189 1726 inquibus

129 1737 330 1826 imperatoris·
344 1742 393 1803 sui
410 1764 528 1804 nomen
549 1742 785 1830 inscripserant.

172 1840 319 1904 Lxxlv.
337 1842 440 1904 Mario
454 1858 560 1905 tamen
579 1843 725 1929 priorum
742 1864 851 1907 rerum
870 1840 1044 1931 splendor,
1062 1855 1094 1903 et
1110 1860 1190 1905 eon·

129 1941 250 2004 sulmus
267 1965 405 2022 nomen,
422 1942 519 2022 hujus
538 1958 669 2031 quoque
684 1943 826 2006 vietoriae
842 1943 976 2031 gloriam
997 1941 1043 2005 sic
1063 1936 1190 2021 adjudi-

129 2043 229 2120 cavit,
245 2058 281 2104 ut
296 2043 348 2106 vix
362 2045 467 2107 tenuis
485 2042 560 2107 inde
571 2045 720 2108 strictura
731 2044 847 2107 Catulo
859 2044 1107 2131 relinqueretur.
1119 2042 1190 2109 Iam

131 2158 200 2205 tum
218 2142 267 2205 his
285 2145 380 2206 rebus
398 2145 430 2207 in
450 2146 540 2209 Urbe
557 2144 691 2229 auditis,
708 2168 811 2234 quum
828 2145 921 2209 initio
936 2146 1040 2210 noetis
1054 2145 1190 2209 nuntius

128 2244 342 2331 pervenisset,
357 2270 454 2312 nemo
468 2248 567 2312 fuisse
579 2248 713 2326 dicitur,
729 2249 899 2335 quin'cum
913 2247 1098 2312 domesticis
1108 2246 1191 2311 bila-

130 2347 206 2410 riter
221 2348 399 2434 epulando,
418 2350 503 2413 inter
516 2350 653 2414 deorum
671 2351 803 2414 nomina
821 2348 971 2415 C.lllario
983 2348 1106 2412 libaret.
1127 2347 1192 2413 Sed

129 2447 161 2509 in
180 2449 346 2512 communi
363 2449 498 2514 civitatis
510 2451 635 2534 laetitia,
647 2451 792 2515 studium
808 2466 916 2514 tamen
930 2471 1072 2513 romanae
1087 2448 1191 2536 plebis

129 2549 310 2631 eminebat,
329 2572 401 2636 quae
415 2551 558 2640 alioquin
575 2550 667 2614 Marii
684 2567 768 2631 tota,
786 2550 893 2613 nimiis
906 2551 940 2612 in
959 2552 1073 2613 caelum
1087 2548 1192 2612 laudi-

129 2648 190 2710 bus
209 2649 393 2729 efferendo,
411 2654 535 2713 tertium
545 2663 620 2737 post
638 2650 808 2714 Romulum
827 2648 1056 2737 Canullumque
1081 2648 1191 2712 condi·
1274 2696 1277 2701 -

129 2760 226 2809 torem
253 2748 450 2834 appellabat,
473 2750 545 2812 huza
565 2750 627 2813 soli
645 2750 837 2836 triumphum
859 2749 1001 2812 dandum
1023 2749 1191 2832 dictitans,

129 2871 227 2934 neque
244 2850 390 2910 societate
402 2850 588 2938 cujusquam
604 2849 853 2913 imminuendum
868 2852 954 2914 tanti
967 2852 1032 2913 vz‘ri
1043 2865 1076 2914 et
1091 2852 1192 2939 impe·

130 2950 242 3012 ratoris
261 2949 418 3013 bonorem.

173 3050 301 3114 LXXV.
321 3051 481 3114 Caeterum
499 3050 625 3115 excludi
641 3052 793 3117 Catulum
810 3076 852 3117 ne
868 3053 936 3141 ipse
953 3051 1086 3139 quidem
1102 3052 1191 3117 vole·

129 3150 199 3233 bat,
216 3174 283 3214 non
298 3151 450 3215 invidiam
466 3151 565 3215 modo
582 3153 675 3217 aliam
690 3155 828 3237 veritus,
848 3153 905 3218 sed
922 3154 1038 3235 etiam,
1053 3176 1094 3218 ne
1106 3154 1191 3217 mili·

128 3253 216 3317 tibus
234 3252 338 3316 Catuli
355 3252 620 3330 reclamantibus,
639 3276 699 3319 suo
716 3277 848 3342 quoqne
864 3254 1032 3343 triumpho
1053 3252 1192 3343 impedi·

129 3369 277 3416 mentum
300 3352 505 3435 objiceretur.
532 3354 620 3437 Quin
644 3371 676 3419 et
696 3357 758 3420 alio
780 3360 865 3420 l'aoto
891 3355 1080 3420 modestiam
1103 3354 1191 3421 haud

128 3456 292 3542 vulgarem
315 3457 477 3542 praetulit:
496 3478 598 3543 quum
620 3457 706 3520 enim
726 3458 827 3520 totius
849 3457 985 3522 civitatis
1000 3470 1193 3539 'eonsensu,

130 3570 284 3641 tanquam
304 3556 391 3619 haud
411 3557 531 3622 dubius
553 3574 696 3621 servator
713 3557 810 3622 Urbis
832 3576 984 3646 exceptus
1009 3574 1109 3639 esset,
1129 3556 1192 3623 du·

129 3656 266 3742 plerique
290 3657 474 3744 triumphus
493 3659 685 3735 offerretur,
703 3673 875 3722 contentus
894 3682 962 3722 uno
976 3659 1058 3741 fuit3
1081 3659 1192 3722 simul·

130 3781 193 3844 que
207 3757 248 3821 de
262 3758 419 3821 Teutonis
434 3783 471 3824 ae
485 3760 724 3840 Ambronibus,
740 3782 823 3847 quos
837 3757 878 3823 ad
892 3761 1000 3847 Aquas
1015 3759 1148 3841 Sextias,
1158 3774 1191 3822 et

129 3859 170 3921 ‹le
184 3860 339 3939 Cimbris,
352 3882 434 3945 quos
445 3861 534 3939 juxta
543 3859 667 3924 Padum
682 3861 814 3941 vicerat,
830 3861 1062 3948 speciosissime
1075 3860 1192 3924 trium·

129 3962 249 4049 phatir.

172 4062 318 4125 Lxxvt.
338 4063 427 4124 Inter
444 4063 568 4127 nobiles
585 4065 726 4153 eaptiros
743 4063 974 4128 Teutobodum
990 4083 1099 4151 regern
1114 4077 1188 4127 ante

163 4223 179 4288 S
193 4226 307 4271 Llilllll.
318 4226 408 4272 Juten.
419 4227 469 4273 Sat.
477 4225 550 4282 VlIl,
561 4242 585 4272 v.
595 4226 655 4273 253.
663 4253 697 4263 -
706 4229 810 4291 Eutrop.
820 4251 855 4263 -
866 4224 988 4273 Plutarch.
1001 4251 1037 4261 -
1048 4225 1064 4290 S
1075 4226 1190 4276 txxlv.

130 4308 696 4367 u.eomA.c.101.-v.t.nlx.r1n‚
711 4310 749 4357 ις.
764 4336 799 4347 -
815 4308 936 4359 raama.
946 4294 981 4345 -’
993 4307 1009 4372 s
1022 4309 1124 4358 inv,
1137 4310 1189 4359 cte.

128 4394 200 4439 Taso.
213 4396 304 4455 Quaest.
314 4393 346 4443 V.
361 4408 398 4452 ¹9·
411 4419 447 4429 —
462 4391 515 4440 Lis.
529 4393 595 4458 Epit.
611 4420 645 4432 -
660 4393 782 4444 Plutarch.
800 4421 835 4432 —
848 4391 936 4442 Euseb.
951 4418 985 4429 -
995 4394 1089 4442 :luctor
1098 4388 1189 4441 deVir.

130 4474 164 4521 ill.
174 4492 226 4539 cap.
237 4479 280 4537 67.
293 4504 328 4514 -
338 4474 393 4523 val.
405 4478 472 4525 Max.
483 4479 521 4535 11,
536 4493 561 4524 a.
