2594 4980
120 714 191 795 aod
294 714 361 779 JO.
387 713 726 781 FREINSHEMII
755 710 1005 780 SUPPLEM.

118 833 245 912 relicta,
259 848 295 895 ut
305 848 411 896 tamen
424 856 580 920 aquarum
594 832 635 897 ad
646 833 772 897 metalla
782 831 909 920 copiam
920 830 1168 921 redemptoribus

59 962 62 967 ·
117 934 223 1018 pretio
241 934 472 1009 concederent,
489 950 629 1022 pactum.

163 1035 248 1098 Vlll.
273 1037 319 1098 Ea
340 1036 472 1098 victoria
499 1052 629 1099 tumens
652 1034 777 1122 Appius
801 1056 906 1122 quum
926 1033 969 1101 ad
989 1033 1110 1097 Urbem
1124 1054 1173 1097 te·-

118 1135 283 1209 vertisset‚
307 1159 374 1198 non
401 1160 418 1198 a
446 1152 577 1218 senatu,
605 1158 671 1199 non
700 1159 717 1199 a
747 1135 870 1225 populo
897 1136 999 1225 petita
1027 1150 1164 1223 potestate

117 1236 358 1323 triumphandi,
389 1253 515 1300 tanturn
548 1238 718 1350 pecuniam
750 1259 790 1299 ex
819 1238 930 1300 aerario
961 1234 1004 1301 ad
1033 1250 1162 1323 sumptus

116 1337 292 1424 triumphi,
312 1355 466 1424 tanquam
483 1361 544 1402 suo
557 1338 646 1420 jure,
664 1337 847 1427 postulavit
867 1336 968 1420 Quod
986 1336 1047 1401 ubi
1062 1336 1104 1401 ob
1119 1334 1161 1399 dt·

117 1437 287 1519 trimenta,
307 1461 379 1525 quae
395 1462 506 1525 passus
522 1440 644 1521 fuerat,
665 1462 731 1503 una
753 1461 829 1503 curu
849 1440 921 1527 ipso
939 1438 1106 1526 triumpho
1118 1438 1201 1552 ue,

117 1554 226 1627 gaturn
250 1555 314 1619 est;
339 1539 411 1625 legis
430 1537 575 1626 beneficio
597 1540 707 1605 dicens
730 1564 877 1622 usurum,
900 1563 974 1629 quoe
993 1498 1201 1653 tulvnplttpl

116 1639 251 1702 daret
221 1663 264 1718 er,
281 1663 335 1729 quz
332 1641 484 1705 hostium
497 1645 634 1731 qro‘nque
645 1642 748 1707 millia
766 1666 831 1707 uua
845 1644 913 1706 acic
926 1642 1098 1721 occidisset,
1110 1638 1157 1727 pti·

115 1741 195 1805 vatis
212 1743 415 1830 sumptibus,
430 1743 550 1823 majore
566 1768 642 1809 curu
659 1744 805 1826 infamia,
817 1767 915 1833 quant
932 1744 1053 1833 gloria,
1067 1741 1156 1807 triutt·
1199 1810 1201 1815 ,

115 1841 239 1928 phavit,
260 1842 331 1913 filioe
346 1845 462 1931 pietate
478 1844 618 1925 adjutus.
639 1846 722 1910 Nam
739 1869 843 1934 quum
857 1843 1059 1909 intercedere
1074 1864 1109 1907 tc
1119 1864 1155 1907 tt·

116 1958 183 2005 tare
209 1945 332 2009 tribuni
358 1947 459 2033 plebis
476 1948 613 2030 vellent,
634 1964 796 2035 essetque,
813 1947 869 2035 qui
893 1944 1153 2034 praeteruehentes

117 2042 158 2107 de
177 2067 275 2110 curru
295 2046 516 2113 detracturum
536 2050 755 2130 minitaretur3
774 2048 927 2113 adversus
948 2060 1152 2111 saumaricum

116 2160 324 2232 potestatem,
338 2148 507 2213 sacerdotii
516 2149 608 2214 haud
621 2152 729 2213 minus
743 2148 958 2213 inviolabilem
973 2146 1152 2213 reverent‘utt

116 2243 179 2309 filia
197 2250 339 2312 consulis
355 2251 425 2336 (alii
441 2273 588 2315 sororem
603 2250 743 2336 faciunt)
759 2250 851 2339 virgo
866 2249 996 2313 vestalis
1013 2244 1152 2337 oppotuilt

116 2348 279 2437 simulque
308 2374 486 2415 conscenso
514 2375 630 2432 curru,
653 2353 687 2416 in
711 2352 906 2440 Capitolium
932 2372 1040 2438 usque
1064 2348 1152 2413 trium·-

115 2448 270 2537 phantetu
289 2470 488 2541 prosequuta
505 2470 563 2518 est.

160 2549 217 2612 lx.
236 2553 278 2614 At
293 2553 327 2614 in
345 2553 496 2641 Hispania
511 2554 609 2643 longe
622 2555 826 2643 prosperiore
843 2554 926 2618 fama
942 2552 1089 2618 Metellus
1101 2568 1153 2637 apt·

116 2650 187 2732 bat,
205 2674 392 2739 quanquam
408 2653 594 2719 validiorem
613 2657 758 2738 hostem,
775 2671 808 2719 et
827 2656 955 2743 gravius
977 2654 1095 2719 bellum
1113 2668 1152 2715 ut·

116 2753 389 2817 etusViriathum
406 2755 493 2818 enirn
510 2754 649 2819 adversae
663 2779 739 2819 eum
756 2755 856 2819 Fabio
869 2754 1049 2820 AErniliano
1063 2764 1153 2840 pugn!

116 2870 324 2934 monuerant,
340 2878 381 2918 ne
395 2856 470 2919 solis
484 2880 648 2921 armorum
662 2856 784 2920 viribus
800 2854 989 2935 confideret.
1003 2854 1087 2943 Ergo
1097 2868 1153 2915 oct·

114 2956 192 3019 siliis
211 2973 243 3020 et
260 2957 476 3073 legationibus
492 2957 579 3046 apud
594 2962 774 3037 Arvaccos,
792 2957 991 3043 Tittbosque
1010 2972 1043 3020 et
1058 2952 1153 3027 tete,

113 3060 366 3148 pugnacissimas
384 3076 515 3150 gentes,
533 3061 568 3122 in
586 3076 714 3124 tantum
733 3059 887 3123 connisus
905 3074 975 3137 est,
998 3072 1036 3119 ut
1057 3052 1155 3119 anim

116 3183 230 3224 eorum
246 3162 287 3224 ab
302 3186 435 3224 romana
450 3163 601 3225 societate
617 3162 819 3225 abalienaret.
836 3156 932 3222 Unde
947 3158 1080 3221 seorsim
1092 3142 1155 3219 dul

115 3262 263 3325 bellum
255 3286 289 3324 tn
308 3263 460 3349 llispania
478 3263 625 3326 citeriore
643 3279 751 3326 ortum
761 3258 875 3347 q,uod
893 3282 911 3322 a
928 3259 1097 3347 prteeipuu
1109 3252 1155 3317 vir·

115 3363 193 3425 tutis
210 3363 291 3425 urbe
307 3365 483 3427 Numantia
498 3365 695 3427 celebratum
709 3362 852 3426 historiis
869 3382 990 3424 numen
1006 3352 1156 3423 habuitlt

116 3486 183 3549 quo
200 3462 455 3526 administrando
475 3464 553 3528 dum
578 3483 709 3529 strenue
728 3462 963 3551 vigilanterque
981 3460 1122 3525 llletellut
1133 3472 1157 3517 11

116 3564 213 3651 gerit,
234 3564 385 3628 adversus
404 3565 587 3631 Viriathum
608 3567 690 3631 male
714 3579 895 3654 pugnatum
918 3577 1009 3627 esta
1027 3556 1156 3647 Quintio,

117 3665 173 3750 qui
185 3664 361 3729 AEmiliano
377 3685 582 3732 successerat.

161 3766 202 3829 X.
228 3768 310 3830 Laeta
340 3769 416 3833 huic
440 3770 598 3858 principia
622 3768 698 3831 belli
723 3769 871 3845 fuerant,
896 3763 1121 3850 conjectusque
1133 3754 1157 3817 111

117 3868 224 3983 fugam
246 3870 427 3951 Viriathus,
452 3887 484 3934 et
512 3869 551 3934 ad
572 3869 705 3932 Veneris
731 3882 877 3931 montem
904 3862 1069 3952 repulsus,
1092 3848 1158 3923 hul

116 3971 264 4059 exiguam
282 3993 371 4057 spem
388 3920 485 4035 ddbat
501 3972 648 4060 gloriosse
662 3971 797 4033 laureae:
815 3965 890 4048 sed,
907 3980 946 4029 ut
961 3964 1062 4031 infida
1076 3954 1160 4025 houl-

117 4072 213 4137 uibus
229 4073 424 4158 exspectatio
441 4096 564 4161 nragnoe
582 4072 722 4135 fortunae
741 4091 810 4133 esse
827 4068 925 4147 solet,
942 4084 1095 4129 conversa
1108 4070 1160 4123 eorl

116 4190 164 4237 est
177 4175 348 4262 eruptione
364 4174 469 4237 subita
485 4174 647 4253 hostium,
668 4193 733 4259 qua
753 4168 863 4232 multis
881 4114 1059 4256 ptignaudo
1074 4174 1160 4229 ecttlr

153 4378 168 4442 ς
182 4381 251 4426 vrrr.
264 4381 338 4428 utut.
355 4409 389 4417 -·
403 4382 475 4427 010..
494 4406 529 4417 -
543 4379 598 4425 var.
609 4378 747 4433 manvu,
762 4376 786 4422 e.
800 4401 836 4410 --
847 4369 970 4419 sueton·
963 4384 989 4416 m
1000 4364 1166 4425 umet*

120 4488 151 4496 --
167 4462 217 4509 Cic.
229 4480 273 4527 pro
283 4464 375 4517 Coelio,
386 4480 439 4527 rap.
454 4471 492 4518 rt.
502 4461 562 4526 -S
574 4463 620 4511 lx.
632 4461 739 4524 Appian.
752 4458 855 4520 Hispan.
867 4452 962 4501 -Val
975 4452 1137 4506 Max-illst·
