2594 4980
140 768 211 840 266
313 773 379 838 JO.
407 768 749 838 FREINSHEMII
779 769 1024 839 SUPPLEM.

138 892 257 956 Servire
276 901 325 953 tot
343 893 481 976 egregios
492 894 624 979 juvenes
640 894 755 980 paucis
775 905 806 954 et
824 889 909 956 beau
930 892 1080 955 enervatis
1098 892 1197 957 bomi-

136 993 239 1072 rubus,
258 1013 321 1055 non
343 995 446 1078 magis
468 1015 500 1054 re
521 995 870 1082 importunum,qu
890 995 1012 1057 ratione
1029 993 1199 1060 absurdum

136 1116 207 1158 esse.
226 1094 302 1158 Nori
318 1115 349 1155 se
367 1108 485 1157 natura
502 1095 665 1157 deteriores
681 1093 772 1173 alie's,
792 1094 864 1173 sed,
884 1098 921 1158 vi
937 1094 1022 1158 baria
1040 1097 1073 1158 in
1090 1097 1199 1160 eondi-

135 1198 249 1259 tiouem
264 1192 411 1274 adactos,
430 1199 496 1258 uim
509 1218 580 1258 eom
595 1193 664 1258 aba
678 1197 717 1258 oi
730 1193 892 1285 repellere,
910 1208 942 1260 et
958 1218 1073 1260 exuere
1090 1199 1200 1285 iniqua

135 1297 281 1384 inperia,
299 1297 495 1359 uindt'eorulo
508 1321 539 1360 se
556 1299 590 1360 in
605 1296 797 1378 libertatem,
808 1320 910 1387 posse.
924 1298 976 1363 Ne
984 1300 1123 1387 gerentum
1135 1302 1201 1388 qui·

136 1397 206 1461 dem
214 1399 293 1487 jure
307 1421 411 1461 secum
428 1398 469 1460 ab
487 1398 667 1462 inhumanis
684 1397 764 1462 beris
776 1401 835 1484 agi
842 1422 856 1477 ,·
869 1398 957 1488 quod
968 1401 1200 1487 utiqueoperas

136 1510 167 1562 et
182 1498 361 1586 obsequium
378 1501 484 1579 servis,
502 1500 559 1562 sed
573 1510 680 1563 tamen
697 1512 728 1563 et
741 1503 913 1564 necessaria
928 1498 1105 1563 toleranda
1123 1503 1200 1563 oitoe

135 1598 304 1688 reb'quisset
315 1623 327 1663 .·
342 1614 379 1663 at
391 1622 422 1661 se
436 1599 584 1663 deteriore
594 1599 663 1664 loeo
674 1601 765 1690 apud
773 1601 925 1681 domi'rtos,
938 1620 1033 1690 quant
1039 1600 1198 1688 jumenta,

136 1713 196 1764 aut
211 1716 406 1764 caussasse:
423 1701 483 1763 sibi
500 1723 658 1766 aerumnas
679 1699 890 1766 intolerabiles
905 1700 1124 1791 perferendas,
1144 1702 1203 1766 sibi

136 1796 340 1865 contunmims
355 1817 386 1865 et
399 1805 523 1866 atrocia
538 1802 878 1892 uerberaperpeb‘onda
883 1849 893 1882 ,
909 1801 998 1867 nullo
1011 1799 1197 1891 nequefine,

135 1905 358 1992 usquemodo,
378 1907 439 1967 m'si
450 1928 540 1992 quem
556 1905 701 1968 berorum
717 1907 861 1968 imanis
879 1902 1175 1968 Itbidodiotaoisset.

131 2050 138 2065 .
180 2005 302 2069 XXIX.
323 2006 495 2086 Praestare,
512 2005 609 2069 semel
616 2028 678 2095 per
695 2008 844 2069 vitutem
862 2006 957 2084 mori,
974 2022 1072 2093 quam
1082 2017 1201 2091 pertot

134 2105 287 2194 supplicia
302 2109 446 2170 miseram
464 2110 656 2196 invisamque
672 2109 775 2171 vr'tam
791 2106 930 2169 duceres
945 2102 1036 2168 iicere
1050 2118 1158 2168 tamen
1170 2115 1201 2166 et

134 2206 243 2271 metus
261 2211 410 2288 ominari,
426 2210 657 2298 reputantibus,
675 2223 753 2298 quot
766 2219 798 2271 et
812 2202 923 2295 quales
937 2221 1050 2273 eontra
1064 2226 1141 2294 quos
1153 2227 1200 2267 es·

133 2322 202 2370 sent
221 2332 313 2371 armo
334 2313 494 2398 sumpturi.
521 2310 636 2374 Paucis
660 2321 691 2373 et
711 2309 845 2372 luxuria
863 2306 1100 2396 diffluentibus,
1122 2318 1201 2395 quot

133 2408 331 2497 semiforene
339 2460 349 2491 ,
374 2426 422 2475 tot
438 2411 539 2473 hostes
546 2409 703 2498 futuros:
718 2431 815 2498 eoque
832 2414 984 2488 acriores,
1004 2407 1093 2495 quod
1105 2422 1138 2472 et
1152 2407 1199 2471 la·

134 2509 243 2573 borum
256 2514 413 2598 patientia
436 2510 536 2590 adsit,
560 2522 592 2572 et
606 2514 768 2574 moaeimus
789 2513 871 2574 inser
888 2507 1035 2574 mortales
1054 2507 1198 2573 samalus

134 2613 355 2699 recuperanda
372 2611 529 2676 bberrmb.
547 2613 656 2675 Etiam
670 2611 846 2701 aliqteaMo
861 2612 1050 2677 simeonibus
1065 2633 1098 2675 se
1111 2614 1200 2676 mter

123 2710 229 2799 fuisse
248 2711 445 2800 referentium
454 2760 464 2791 ,
485 2717 602 2802 quoties
616 2716 708 2777 servis
724 2713 875 2778 rebellare
888 2716 973 2778 atesis
980 2711 1122 2800 fortmm
1133 2711 1199 2800 fa·

135 2817 231 2879 visset.
249 2845 262 2870 α
279 2816 355 2879 Non
374 2816 470 2904 longe
491 2816 609 2879 abhinc
628 2815 735 2891 abest,
750 2815 898 2895 aiebant,
919 2814 1088 2895 Hetruria,
1107 2813 1199 2893 eujus

135 2938 309 3005 «magnam
329 2915 444 2979 urbem
462 2917 626 2981 Volsinios
645 2916 822 3004 aliquando
841 2915 941 2992 servi,
962 2913 1103 2978 dominis
1120 2914 1199 2978 sub·

136 3018 255 3097 «actis,
274 3016 429 3081 dicuntur
447 3018 600 3081 tenuisse.
621 3020 705 3081 Cum
731 3017 858 3106 Scythis
883 3017 966 3081 servi
990 3015 1196 3080 dominarum

135 3120 264 3184 «masiti
284 3135 453 3208 gesserunt
474 3142 568 3205 aequo
591 3134 693 3181 marte
713 3118 859 3182 bellum:
877 3094 993 3206 l'yrios
1011 3115 1199 3182 deleverunt

135 3250 148 3275 a
158 3243 224 3284 suse
239 3219 385 3297 familiae,
400 3217 572 3305 ductisque
587 3217 700 3282 itidem
717 3241 830 3282 eorum
847 3217 1021 3298 uxoribus,
1034 3217 1112 3280 alios
1126 3238 1200 3303 pro·

135 3336 310 3384 «crearunt
325 3321 448 3405 Tyrios.
475 3319 542 3382 Sibi
563 3340 695 3406 quoque
718 3342 786 3383 non
807 3317 1042 3406 desperandam
1061 3316 1196 3381 similem

134 3422 337 3501 «fortunam,
356 3420 452 3483 simul
471 3421 537 3500 his,
554 3421 611 3508 qui
628 3420 713 3487 hanc
729 3436 838 3486 essent
855 3418 977 3506 edepti,
994 3419 1114 3483 similes
1129 3440 1199 3484 esse

133 3553 146 3577 «ι
158 3523 340 3610 coepissent.
351 3554 363 3577 υ

178 3624 284 3688 ΧΧΧ.
304 3625 362 3688 His
380 3625 464 3687 inter
487 3648 521 3688 se
542 3626 747 3690 sermonibus
768 3624 940 3705 incitatos,
959 3624 1102 3687 maxime
1124 3624 1198 3710 qui-

133 3726 208 3791 dem
225 3727 338 3789 Eunus
354 3728 531 3813 permovit,
542 3726 746 3816 plaoem'diis
762 3722 943 3805 consilium,
965 3739 997 3789 et
1016 3747 1103 3814 opem
1121 3727 1200 3811 ipso·

132 3851 204 3894 rum
218 3825 340 3916 affore,
358 3827 573 3915 praedicando.
594 3830 644 3892 De
663 3848 732 3915 quo
746 3825 898 3905 homine,
916 3826 992 3913 quis
1007 3824 1088 3889 tenti
1105 3823 1199 3889 dein·

133 3952 208 4018 ceps
230 3928 305 3993 belli
325 3951 390 3992 non
411 3929 498 3992 aliud
517 3930 648 3994 initium
666 3927 745 4006 fuit,
766 3928 859 4015 plura
879 3926 1016 3992 dicenda
1040 3940 1138 4005 sunt,
1160 3938 1198 3986 ut

132 4031 310 4097 ludibrium
322 4053 431 4094 rerum
445 4032 677 4110 humanarum,
690 4043 723 4092 et
735 4050 863 4092 summa
877 4050 1030 4117 pinque,
1046 4047 1143 4115 quam
1157 4024 1199 4087 ab

134 4134 257 4223 exiguis
281 4133 410 4196 concuti
434 4134 578 4219 possint,
595 4130 724 4219 plenius
746 4144 908 4192 noscatur.
932 4129 1033 4215 Syrus
1053 4140 1121 4190 erat
1140 4145 1199 4187 na·

135 4237 241 4316 tione,
262 4257 300 4298 ex
321 4254 478 4322 apameno
501 4255 596 4321 agro,
615 4232 869 4319 servitutemque
890 4227 977 4317 apud
1003 4229 1197 4319 Antigeuem

173 4442 190 4506 S
203 4443 326 4491 XXVIII.
340 4439 443 4488 Diodor.
455 4438 521 4502 apud
533 4437 606 4486 Phor.
624 4463 659 4475 -
674 4432 691 4503 S
704 4436 802 4487 mx.
813 4435 885 4500 supr.
895 4433 954 4493 u,
968 4439 1008 4488 14·
1022 4458 1057 4471 -·
1070 4431 1213 4487 mudum„

134 4526 160 4573 in
173 4527 276 4588 Eutrop.
290 4523 333 4570 lib·
347 4524 358 4568 1
368 4556 375 4579 ‚
385 4537 447 4569 vert.
459 4521 518 4569 508.
527 4548 563 4559 -
572 4520 663 4571 Juttln·
672 4520 710 4578 Π,
723 4521 750 4579 53
762 4520 850 4568 mn
857 4551 865 4576 ,
875 4518 899 4566 ³.
