2594 4980
295 696 350 763 m
381 695 495 761 noc.
523 693 622 761 nm.
650 691 792 759 [ΧΠ]
821 690 1051 761 ιΙνΙΑΝΙ.
1130 648 1207 777 ’.443

144 849 155 873 t
170 816 344 905 praesertim
362 814 419 877 nbi
436 836 475 877 eo
496 815 530 877 in
552 812 624 876 loeo
642 810 728 875 illam
749 810 909 893 viderint,
925 811 1014 877 unde
1030 814 1208 900 exspectari

142 919 271 1006 «possit
290 939 450 980 novorum
467 913 702 979 beneficiorum
720 913 858 983 occasio.

185 1018 322 1081 XXXV.
341 1016 483 1103 «Neque
501 1038 609 1105 regem
627 1013 759 1103 AEgypti
777 1014 911 1079 moleste
924 1014 1085 1095 laturum,
1103 1016 1130 1079 si
1145 1015 1207 1083 tals

141 1118 247 1206 aquid
265 1118 440 1182 accidisset.
459 1120 616 1181 Constare
634 1116 744 1196 enim,
766 1137 835 1180 non
864 1115 1030 1196 lubenter,
1052 1113 1110 1179 sed
1129 1117 1206 1203 quia

141 1236 302 1284 «matrem
325 1221 366 1283 sit
381 1218 520 1295 veritus,
542 1217 719 1281 divortium
740 1216 869 1296 fecisse3
891 1231 1042 1280 ceterum
1058 1216 1144 1280 bene
1160 1215 1207 1283 illi

142 1344 303 1409 «cupere,
321 1336 353 1384 et
371 1318 595 1400 hauddubie,
613 1319 734 1407 quibus
748 1318 851 1407 possit
867 1318 989 1401 modis,
1007 1317 1204 1383 sublevatam

141 1453 152 1476 «
164 1422 372 1510 adjutumque
389 1422 471 1486 velle
489 1445 497 1486 :
511 1421 613 1485 sedet
625 1444 702 1486 cum
718 1421 900 1485 Alexandro
914 1420 1010 1485 fratre
1026 1419 1205 1487 emulatio·

141 1556 152 1575 ¹‹
166 1546 240 1586 nem
259 1524 429 1605 accedere3
447 1546 505 1611 per
523 1546 621 1611 quam
640 1525 754 1611 utique
771 1523 880 1611 potius
897 1523 1032 1587 cuilibet
1048 1522 1100 1586 illa
1117 1542 1204 1587 arma

140 1627 205 1688 «sit
223 1648 376 1713 passurus
400 1625 572 1707 accedere,
589 1647 687 1713 quam
707 1640 745 1688 ut
761 1625 796 1689 in
818 1624 926 1688 fratris
949 1639 1108 1712 potestate
1123 1623 1226 1704 sint,

140 1757 151 1780 ·‹
165 1727 220 1788 cui
238 1744 338 1791 mater
349 1727 533 1814 Cleopatra,
548 1749 651 1814 quum
669 1748 806 1816 regnum
816 1725 951 1815 AEgypti
965 1748 1033 1789 non
1045 1725 1205 1812 potuerit,

139 1860 151 1882 «ι
167 1829 312 1916 Cyprum
337 1828 483 1908 dederit,
505 1826 715 1892 hauddubie
740 1827 854 1907 majori
876 1827 1051 1893 Ptolemoeo
1075 1827 1203 1891 hostem

139 1947 395 1995 «instructura»
474 1966 476 1969 ·

181 2033 334 2096 XXXVI.
355 2034 467 2114 Quum
480 2031 566 2112 haec,
583 2032 733 2119 populari
749 2053 900 2095 sermone
914 2031 1048 2120 agitata,
1067 2052 1110 2094 ue
1125 2030 1203 2118 ipsis

138 2131 269 2218 quidem
282 2130 541 2220 displicuissent,
555 2148 676 2196 coeunt
695 2133 835 2222 nuptie,
849 2148 938 2197 etue
952 2131 1080 2197 nudum
1094 2132 1204 2198 uxoris

137 2257 256 2298 nomen
277 2234 393 2298 afferre
415 2237 485 2300 viro
506 2238 678 2324 Cleopatra
696 2236 879 2316 videretur,
903 2235 1128 2317 sollicitatum,
1146 2237 1205 2324 qui

136 2336 169 2396 in
185 2338 292 2423 Cypro
305 2337 468 2419 alebatur,
486 2339 664 2402 exercitum
681 2338 788 2402 mariti
803 2337 949 2426 partibus
965 2336 1121 2426 adjungit.
1138 2339 1203 2426 cy·

136 2438 284 2520 nicenus,
304 2441 407 2503 auctis
425 2440 489 2504 hoc
509 2438 609 2505 modo
624 2441 746 2528 copiis,
766 2462 910 2528 pugnam
929 2462 1042 2522 ausus,
1061 2437 1204 2503 vincitur

135 2559 152 2597 a
172 2540 269 2604 fratre
286 2540 398 2629 Grypo
415 2544 621 2632 fugaturque.
644 2543 798 2606 Protinus
816 2540 857 2605 ud
871 2541 1079 2606 Antiochiam
1100 2541 1203 2615 victor

135 2643 292 2704 exercitus
317 2641 467 2723 ducitur,
491 2666 559 2731 quo
576 2644 756 2730 Cyzicenus
778 2658 852 2729 post
875 2642 1037 2706 infelicem
1058 2664 1202 2733 pugnem

135 2757 346 2805 concesserat.
366 2743 428 2805 Sed
444 2744 497 2806 ille
513 2741 647 2828 quidem
664 2740 866 2829 deprehendi
886 2764 953 2805 non
971 2743 1080 2828 potuit
1096 2765 1104 2805 :
1119 2763 1203 2805 uxor

135 2840 318 2928 Cleopatra,
335 2865 439 2928 quum
459 2844 530 2931 capi
548 2843 663 2907 urbem
681 2842 821 2924 videret,
838 2842 880 2906 ad
899 2843 1139 2907 sanctissimum
1156 2842 1201 2907 ibi

135 2941 292 3028 templum
307 2944 464 3031 confugit.
479 2943 578 3025 Quod
591 2943 847 3032 ubiTryphaenoe
862 2965 1001 3031 propere
1015 2944 1201 3009 nuntiatum

134 3042 146 3127 (
154 3065 227 3105 nam
240 3060 315 3107 ante
328 3046 437 3108 omnia
447 3066 593 3109 sororem
608 3045 824 3109 intentissima
833 3068 911 3108 cura
922 3044 1127 3134 pervestigari
1137 3044 1203 3125 jus·

133 3144 255 3230 serat),
276 3167 405 3209 summa
420 3167 483 3234 ope
497 3145 668 3210 contendit
690 3168 709 3210 a
731 3147 824 3227 viro,
842 3161 880 3210 ut
899 3170 940 3211 ne
951 3147 1073 3210 dubitet
1094 3144 1202 3211 tollere

134 3248 268 3334 AEgypti
278 3246 417 3310 exsulem
427 3295 437 3327 ,
447 3248 550 3334 Syrtis
555 3262 674 3337 pestem
679 3297 689 3328 ,
700 3271 759 3313 nsc
767 3251 831 3313 nesi
842 3251 1001 3338 utriusque
1010 3251 1107 3334 regt'oe
1115 3248 1203 3315 malo

136 3350 289 3410 uz'cturam
305 3374 317 3411 .·
332 3351 374 3413 ab
388 3349 449 3413 hac
463 3352 633 3414 immr’sswn
651 3370 750 3436 regno
762 3350 930 3429 aenrulum,
953 3350 997 3412 ab
1016 3350 1079 3413 hac
1090 3373 1200 3415 anna·

133 3461 197 3509 tum
210 3473 272 3512 esse
280 3475 291 3513 .·
299 3449 517 3540 nitiloeqmtu,
528 3473 625 3540 quam
639 3467 675 3516 ut
685 3453 718 3514 in
727 3455 840 3515 sororis
849 3447 998 3538 etcffiuis
1007 3466 1113 3539 capita
1121 3474 1202 3517 cons

125 3561 279 3632 paratum
292 3553 446 3634 ext‘tium,
463 3555 496 3615 in
512 3554 612 3641 ipssam
626 3553 792 3618 turdantm
805 3565 967 3618 auctorem
982 3553 1111 3619 mildae.

177 3648 346 3716 XXXVII.
360 3653 464 3718 Lento
476 3651 518 3716 ad
528 3653 598 3718 hcc
608 3655 743 3734 marito,
756 3653 1005 3743 quipudmdum
1017 3652 1198 3741 tiisactitus,

131 3771 228 3836 neque
249 3754 330 3814 tirter
345 3765 393 3815 tot
403 3753 515 3817 domus
528 3777 594 3818 suoe
606 3754 780 3819 discordum
792 3755 836 3817 ab
850 3754 920 3821 ullo
933 3756 1093 3843 majorum
1108 3778 1200 3821 tuter·

124 3865 263 3938 patum
280 3867 438 3939 praeterea
456 3858 569 3918 sororis
584 3856 837 3942 consobrinoequs
844 3901 855 3933 ,
872 3867 904 3918 rt
923 3855 993 3920 alia
1004 3853 1201 3921 meusim

130 3976 205 4016 nien
227 3957 356 4017 nomina
367 4002 377 4032 ,
399 3956 510 4044 quibus
530 3957 603 4037 sihi,
625 3959 782 4045 uxon'que
798 3970 832 4019 ct
845 3956 947 4020 lt'bsrr's
969 3959 1057 4021 toties
1080 3958 1201 4019 innexa

133 4054 300 4143 Cleopatra
323 4067 415 4135 esset,
442 4056 680 4146 ingeminabam
696 4058 839 4122 mulieris
862 4059 979 4123 saevitia
1000 4079 1099 4144 supra
1119 4079 1200 4123 oon·

130 4173 253 4220 suetam
288 4157 497 4245 pertinaciam
532 4159 628 4222 mam
660 4160 901 4249 suspicionibus
930 4159 1133 4239 accenditur,
1156 4182 1200 4225 ue

130 4260 265 4322 arirantis
283 4259 391 4346 potius
407 4259 467 4322 ista
481 4260 594 4342 verba,
608 4285 704 4349 quam
723 4262 941 4328 misericordia
959 4262 1133 4344 commoti,
1149 4261 1199 4327 fo·

164 4443 180 4506 5
193 4447 315 4495 XXXVI.
328 4446 429 4512 Josepb.
445 4473 478 4485 -·
491 4448 581 4494 Justln.
