2594 4980
142 697 212 769 366
314 702 380 768 JO.
410 699 748 767 FREINSHEMII
780 699 1021 766 SUPPLEM.

140 844 220 889 voce
240 819 281 883 ad
296 818 478 899 jubendum
502 817 728 905 parricidium,
746 816 803 881 sed
823 818 919 882 etiam
941 816 983 881 ad
1005 819 1199 905 patrandum

142 946 240 985 manu
260 936 355 984 certa.

185 1022 248 1084 LV.
267 1021 318 1084 Sic
334 1037 442 1083 amoto
460 1021 610 1100 Selenen,
626 1019 724 1083 frater
737 1019 805 1099 ejus
817 1019 1015 1107 Antiochus,
1032 1022 1115 1084 cuia
1132 1022 1201 1085 nasi

139 1120 361 1208 magnitudine
383 1143 563 1208 cognomen
586 1119 690 1208 Grypo
709 1121 788 1200 fuit,
807 1120 960 1184 hactenus
981 1145 998 1184 a
1022 1140 1124 1186 matre
1145 1146 1201 1187 rex

139 1222 363 1301 constituitur,
378 1239 414 1283 ut
431 1222 484 1284 ille
502 1220 632 1307 quidem
649 1244 770 1285 nomen
786 1221 958 1310 principis,
975 1221 1043 1309 ipsa
1058 1238 1200 1310 potesta-

139 1342 205 1388 tem
222 1323 394 1390 obtineret.
414 1321 503 1384 Inter
517 1323 577 1385 hos
591 1321 688 1410 Syriae
702 1340 827 1404 motus,
844 1346 947 1409 quum
962 1345 1022 1386 nec
1037 1339 1107 1387 tum
1124 1325 1200 1390 satis

137 1426 245 1512 quieta
258 1424 420 1510 AEgyptus
438 1425 536 1495 foret,
554 1439 665 1486 caetera
682 1446 814 1512 quoque
830 1447 929 1513 regna
939 1425 1053 1487 'multis
1069 1426 1200 1491 calami·

138 1526 255 1590 tatibus
276 1539 386 1586 vexata
406 1541 493 1586 sunt.
518 1523 753 1611 Cappadociam
778 1540 884 1587 morte
905 1524 988 1612 regis
1012 1522 1198 1590 destitutam

136 1625 330 1692 Nicomedes
353 1626 508 1711 bithynus
532 1625 726 1691 affectabat:
745 1624 919 1689 Ariarathis
938 1623 1073 1688 domum
1094 1625 1199 1690 affini·

138 1731 209 1794 tatis
220 1731 292 1808 jure
310 1725 511 1789 Mithridates
527 1725 677 1814 ponticus
696 1725 857 1789 tuebatur.
871 1725 986 1811 Neque
999 1726 1100 1814 magis
1113 1727 1199 1792 inter

136 1833 196 1894 hos
214 1826 300 1916 apud
320 1825 555 1914 Cappadociam
572 1827 675 1907 bello,
694 1850 791 1914 quarn
810 1828 920 1889 Romae
939 1826 1108 1915 largitione
1127 1851 1197 1893 eer-

137 1931 285 1995 tabatur:
304 1928 414 2016 legatis
431 1950 561 2015 regum,
580 1928 655 2013 quia
670 1927 722 1991 lex
736 1927 849 1991 Aufeia
867 1925 1020 1990 derebus
1037 1927 1105 1991 istis
1122 1952 1198 2016 pro·

136 2032 278 2118 mulgata
294 2044 362 2091 erat
379 2027 433 2114 (ut
448 2028 481 2089 in
497 2027 643 2090 oratione
661 2029 700 2093 C..
714 2027 865 2108 Gracchi,
884 2027 939 2114 qui
955 2028 1058 2117 Iegem
1071 2028 1197 2094 dissua-

135 2133 194 2210 sit,
207 2128 457 2217 scriptumest),
470 2128 607 2190 aliorum
623 2151 753 2209 vocem,
770 2129 908 2192 aliorum
925 2129 1021 2193 etiam
1031 2129 1196 2195 silentium

137 2234 282 2318 impenso
298 2230 401 2316 pretio
417 2229 659 2293 redimentibus.

178 2332 259 2395 LVI.
279 2331 471 2416 Babylonios
493 2346 525 2393 ct
543 2330 747 2394 Seleucenses
762 2330 878 2393 vicaria
893 2346 1051 2418 potestate
1066 2330 1196 2418 quidam

134 2435 285 2497 Himerus
311 2431 495 2509 obtinebat,
517 2454 535 2493 a
558 2430 716 2495 Phrahate
739 2431 928 2518 impositus,
946 2432 1040 2511 ,cujus
1063 2433 1195 2521 gratiam

134 2558 192 2623 per
215 2533 320 2619 turpia
342 2532 497 2617 obsequia
519 2547 752 2618 promeruerat.
773 2534 804 2595 Is
827 2554 929 2617 quum
954 2531 994 2595 ad
1018 2554 1114 2596 suum
1138 2555 1196 2621 pa·

135 2637 266 2722 triaeque
293 2634 424 2722 genium
455 2623 634 2720 (hyrcanus
662 2633 749 2697 enim
776 2649 844 2697 erat
869 2633 1017 2719 natione)
1045 2635 1196 2721 parthicae

136 2739 230 2801 etiam
251 2735 449 2797 educationis
468 2735 543 2797 vitia
559 2735 774 2815 adjunxisset,
792 2751 886 2798 tantm
903 2734 1099 2799 crudelitatis
1115 2735 1194 2817 fnit,

135 2855 171 2900 ut
187 2837 352 2915 omniurn,
371 2837 426 2922 qui
445 2860 581 2921 usquam
600 2836 751 2917 fuerunt,
773 2851 987 2925 tyrannorum
1008 2836 1194 2925 supergredi

135 2940 291 3003 feritatem
308 2938 469 2999 videretur
483 2961 489 2999 :
507 2961 613 3025 neque
625 2939 711 3001 enim
724 2953 780 3002 aut
791 2937 1008 3017 occasionem,
1022 2953 1079 3000 aut
1092 2959 1194 3025 genus

133 3042 236 3104 ullum
248 3039 373 3102 saevitiae
387 3039 649 3124 praetermittebat
661 3063 670 3119 3
685 3040 870 3125 multosque
885 3038 1137 3124 babyloniorum
1150 3037 1194 3102 ob

133 3143 215 3205 leves
236 3142 427 3227 plerumque
451 3162 578 3219 causas,
600 3162 675 3202 cum
695 3141 786 3204 omni
809 3140 927 3203 familia
949 3140 982 3202 in
1006 3139 1193 3203 servitutem

133 3243 272 3330 redegit,
287 3241 437 3324 misitque
453 3241 484 3300 in
504 3239 659 3320 Mediam,
675 3256 711 3303 ut
722 3264 781 3328 pro
796 3241 962 3328 mancipiis
975 3240 1132 3303 venirent.

177 3343 274 3405 LVII.
290 3341 339 3403 Ne
356 3341 573 3402 monumentis
588 3339 720 3427 quidem
735 3340 939 3427 aedificiisque
953 3341 1003 3403 vel
1019 3339 1130 3421 sacris,
1143 3339 1195 3401 vel

133 3442 274 3528 profanis
287 3426 455 3526 pepercit:
473 3441 580 3503 forum
598 3440 769 3528 Babylonis
786 3457 818 3505 et
838 3442 957 3528 templa
975 3439 1121 3528 quaedam
1141 3439 1194 3502 in·

133 3541 255 3619 cendit,
276 3540 523 3628 pulcherrimam
542 3558 667 3628 partem
683 3542 773 3605 urbis
793 3541 943 3630 perdidit.
960 3541 1017 3604 His
1035 3541 1102 3620 ejus
1122 3562 1194 3603 sce·

133 3643 252 3709 loribus
274 3642 434 3703 licentiam
463 3660 495 3704 et
520 3643 743 3730 impunitatem
768 3644 883 3724 dabat,
907 3643 1081 3729 implicitus
1105 3641 1194 3706 hello

133 3745 343 3833 Scytharum,
362 3742 479 3805 deinde
498 3767 516 3806 a
533 3745 599 3807 suis
622 3745 776 3809 militibus
798 3744 986 3808 interfectus
1003 3741 1191 3826 Phrahates.

132 3848 306 3933 Utriusque
326 3847 452 3908 initium
469 3847 496 3909 ei
513 3848 645 3911 victoria
661 3848 702 3911 de
717 3846 877 3910 Antiocho
894 3844 1005 3909 dedit:
1024 3844 1106 3908 adeo
1123 3845 1194 3932 ple·

133 3972 270 4036 rumque
288 3948 436 4009 nesciunt
450 3948 614 4030 homines,
634 3947 713 4036 quid
729 3965 785 4011 aut
798 3970 954 4035 quorsum
969 3945 1116 4032 cupiant,
1133 3967 1194 4008 sae·

132 4055 287 4141 piusque,
307 4048 367 4111 sub
384 4049 442 4110 alia
457 4050 562 4135 specie
578 4072 614 4112 ae
632 4049 779 4130 nomine,
797 4049 956 4139 tqalorum
973 4068 1107 4109 suorum
1125 4045 1194 4108 ori·

166 4269 257 4332 §Lm
269 4269 321 4315 Liv.
335 4269 398 4332 Epir.
419 4297 452 4303 —
472 4270 579 4333 Appiam
595 4271 689 4336 Syriae.
704 4297 738 4307 —
755 4271 844 4320 Iustin.
858 4297 893 4307 --
906 4269 1008 4335 Ioseph.
1022 4296 1055 4306 -
1068 4268 1193 4334 Porphyr.

131 4382 165 4391 -
178 4353 193 4417 S
206 4355 256 4399 LV.
268 4354 376 4416 ‘Appiam
390 4352 502 4400 Mithrid.
515 4382 548 4389 -
559 4354 638 4417 Agell.
648 4357 698 4415 xt,
708 4370 748 4403 10.
760 4382 795 4391 —
807 4354 823 4419 S
833 4357 897 4402 LVI.
908 4356 982 4417 Trog.
992 4354 1056 4402 Prol.
1067 4355 1146 4402 XLII.
1155 4381 1193 4391 —

132 4436 221 4483 Athen.
233 4435 276 4482 lib.
287 4437 318 4480 X.
330 4463 363 4470 -
373 4437 462 4483 Iustin.
474 4438 553 4495 IILII,
566 4453 630 4483 1.-
638 4438 743 4489 Diodor.
753 4438 818 4504 apud
826 4438 907 4485 Valet.
946 4488 949 4492 ,

631 4666 641 4699 t
