<?xml version="1.0" encoding="UTF-8"?>
<!DOCTYPE html PUBLIC "-//W3C//DTD XHTML 1.0 Transitional//EN"
    "http://www.w3.org/TR/xhtml1/DTD/xhtml1-transitional.dtd">
<html xmlns="http://www.w3.org/1999/xhtml" xml:lang="en" lang="en">
 <head>
  <title>
</title>
<meta http-equiv="Content-Type" content="text/html;charset=utf-8" />
  <meta name='ocr-system' content='tesseract 3.04.00' />
  <meta name='ocr-capabilities' content='ocr_page ocr_carea ocr_par ocr_line ocrx_word'/>
</head>
<body>
  <div class='ocr_page' id='page_1' title='image "./titusliviuspata00freigoog_0241.png"; bbox 0 0 2594 4980; ppageno 0'>
   <div class='ocr_carea' id='block_1_1' title="bbox 114 668 1003 785">
    <p class='ocr_par' dir='ltr' id='par_1_1' title="bbox 114 668 1003 785">
     <span class='ocr_line' id='line_1_1' title="bbox 114 668 1003 785; baseline -0.001 -16"><span class='ocrx_word' id='word_1_1' title='bbox 114 698 184 785; x_wconf 77' lang='grc' dir='ltr'><strong>ιιι</strong></span> <span class='ocrx_word' id='word_1_2' title='bbox 286 701 357 767; x_wconf 86' lang='grc' dir='ltr'><strong>ιο.</strong></span> <span class='ocrx_word' id='word_1_3' title='bbox 385 672 735 777; x_wconf 71' lang='lat' dir='ltr'><strong>ratissimum</strong></span> <span class='ocrx_word' id='word_1_4' title='bbox 756 668 1003 771; x_wconf 79' lang='lat' dir='ltr'><strong>surrtnu.</strong></span> 
     </span>
    </p>
   </div>
   <div class='ocr_carea' id='block_1_2' title="bbox 21 820 1197 4549">
    <p class='ocr_par' dir='ltr' id='par_1_2' title="bbox 112 820 1197 1013">
     <span class='ocr_line' id='line_1_2' title="bbox 112 820 1150 907; baseline 0.002 -20"><span class='ocrx_word' id='word_1_5' title='bbox 112 854 126 879; x_wconf 84' lang='grc' dir='ltr'><strong>ι</strong></span> <span class='ocrx_word' id='word_1_6' title='bbox 136 842 255 887; x_wconf 87' lang='lat' dir='ltr'><strong>noram</strong></span> <span class='ocrx_word' id='word_1_7' title='bbox 267 821 365 885; x_wconf 88' lang='lat' dir='ltr'><strong>millia</strong></span> <span class='ocrx_word' id='word_1_8' title='bbox 377 820 462 885; x_wconf 88' lang='lat' dir='ltr'><strong>salva</strong></span> <span class='ocrx_word' id='word_1_9' title='bbox 469 820 562 887; x_wconf 86' lang='lat' dir='ltr'><strong>vobis</strong></span> <span class='ocrx_word' id='word_1_10' title='bbox 572 843 642 887; x_wconf 83' lang='lat' dir='ltr'><strong>esse</strong></span> <span class='ocrx_word' id='word_1_11' title='bbox 652 820 882 903; x_wconf 81' lang='lat' dir='ltr'><strong>memineritis,</strong></span> <span class='ocrx_word' id='word_1_12' title='bbox 895 821 988 900; x_wconf 72' lang='lat' dir='ltr'><strong>letus</strong></span> <span class='ocrx_word' id='word_1_13' title='bbox 998 822 1150 907; x_wconf 79' lang='lat' dir='ltr'><strong>sclubers,</strong></span> 
     </span>
     <span class='ocr_line' id='line_1_3' title="bbox 114 914 1197 1013; baseline 0 -24"><span class='ocrx_word' id='word_1_14' title='bbox 114 955 127 980; x_wconf 87' lang='grc' dir='ltr'><strong>ιι</strong></span> <span class='ocrx_word' id='word_1_15' title='bbox 139 946 238 1013; x_wconf 89' lang='lat' dir='ltr'><strong>quam</strong></span> <span class='ocrx_word' id='word_1_16' title='bbox 252 922 426 1005; x_wconf 87' lang='lat' dir='ltr'><strong>dederitis,</strong></span> <span class='ocrx_word' id='word_1_17' title='bbox 442 938 529 988; x_wconf 82' lang='lat' dir='ltr'>sorte</span> <span class='ocrx_word' id='word_1_18' title='bbox 545 921 738 1013; x_wconf 69' lang='lat' dir='ltr'><strong>defungan-</strong></span> <span class='ocrx_word' id='word_1_19' title='bbox 928 916 931 921; x_wconf 67' lang='grc'><strong>’</strong></span> <span class='ocrx_word' id='word_1_20' title='bbox 1195 914 1197 919; x_wconf 59' lang='grc'><strong>’</strong></span> 
     </span>
    </p>

    <p class='ocr_par' dir='ltr' id='par_1_3' title="bbox 157 1020 1197 1106">
     <span class='ocr_line' id='line_1_4' title="bbox 157 1020 1197 1106; baseline 0.001 -18"><span class='ocrx_word' id='word_1_21' title='bbox 157 1024 278 1089; x_wconf 78' lang='lat' dir='ltr'><strong>xxm.</strong></span> <span class='ocrx_word' id='word_1_22' title='bbox 295 1022 491 1089; x_wconf 88' lang='lat' dir='ltr'><strong>Numantini</strong></span> <span class='ocrx_word' id='word_1_23' title='bbox 508 1022 628 1091; x_wconf 85' lang='lat' dir='ltr'><strong>deinde</strong></span> <span class='ocrx_word' id='word_1_24' title='bbox 643 1023 754 1106; x_wconf 80' lang='lat' dir='ltr'><strong>acciti,</strong></span> <span class='ocrx_word' id='word_1_25' title='bbox 772 1022 865 1089; x_wconf 87' lang='lat' dir='ltr'><strong>huuc</strong></span> <span class='ocrx_word' id='word_1_26' title='bbox 878 1022 915 1089; x_wconf 87' lang='lat' dir='ltr'><strong>iu</strong></span> <span class='ocrx_word' id='word_1_27' title='bbox 930 1020 1067 1089; x_wconf 85' lang='lat' dir='ltr'><strong>modum</strong></span> <span class='ocrx_word' id='word_1_28' title='bbox 1078 1024 1153 1089; x_wconf 80' lang='lat' dir='ltr'><strong>rerba</strong></span> <span class='ocrx_word' id='word_1_29' title='bbox 1195 1050 1197 1061; x_wconf 92' lang='lat'>·</span> 
     </span>
    </p>

    <p class='ocr_par' dir='ltr' id='par_1_4' title="bbox 112 1122 1157 2527">
     <span class='ocr_line' id='line_1_5' title="bbox 114 1122 1153 1215; baseline 0.002 -26"><span class='ocrx_word' id='word_1_30' title='bbox 114 1127 273 1190; x_wconf 83' lang='lat' dir='ltr'><strong>fecerunt.</strong></span> <span class='ocrx_word' id='word_1_31' title='bbox 295 1123 407 1206; x_wconf 77' lang='lat' dir='ltr'><strong>«Quid</strong></span> <span class='ocrx_word' id='word_1_32' title='bbox 418 1126 483 1190; x_wconf 91' lang='lat' dir='ltr'><strong>hoc</strong></span> <span class='ocrx_word' id='word_1_33' title='bbox 494 1141 641 1215; x_wconf 88' lang='lat' dir='ltr'><strong>tempore</strong></span> <span class='ocrx_word' id='word_1_34' title='bbox 649 1122 691 1189; x_wconf 90' lang='lat' dir='ltr'><strong>de</strong></span> <span class='ocrx_word' id='word_1_35' title='bbox 702 1125 797 1193; x_wconf 88' lang='lat' dir='ltr'><strong>nobis</strong></span> <span class='ocrx_word' id='word_1_36' title='bbox 802 1123 1153 1208; x_wconf 60' lang='lat' dir='ltr'><strong>judicetisfflauesoea</strong></span> 
     </span>
     <span class='ocr_line' id='line_1_6' title="bbox 112 1224 1154 1314; baseline 0.003 -24"><span class='ocrx_word' id='word_1_37' title='bbox 112 1225 262 1314; x_wconf 80' lang='lat' dir='ltr'><strong>«scripti,</strong></span> <span class='ocrx_word' id='word_1_38' title='bbox 277 1225 482 1303; x_wconf 89' lang='lat' dir='ltr'><strong>hostiumne,</strong></span> <span class='ocrx_word' id='word_1_39' title='bbox 496 1250 537 1291; x_wconf 90' lang='lat' dir='ltr'><strong>an</strong></span> <span class='ocrx_word' id='word_1_40' title='bbox 547 1227 729 1292; x_wconf 84' lang='lat' dir='ltr'><strong>amicorum</strong></span> <span class='ocrx_word' id='word_1_41' title='bbox 741 1248 881 1291; x_wconf 89' lang='lat' dir='ltr'><strong>numero</strong></span> <span class='ocrx_word' id='word_1_42' title='bbox 894 1224 1082 1311; x_wconf 82' lang='lat' dir='ltr'><strong>habeamur,</strong></span> <span class='ocrx_word' id='word_1_43' title='bbox 1088 1227 1154 1293; x_wconf 77' lang='lat' dir='ltr'><strong>llrltt</strong></span> 
     </span>
     <span class='ocr_line' id='line_1_7' title="bbox 114 1324 1153 1415; baseline 0 -24"><span class='ocrx_word' id='word_1_44' title='bbox 114 1327 310 1415; x_wconf 78' lang='lat' dir='ltr'><strong>«prohibiti,</strong></span> <span class='ocrx_word' id='word_1_45' title='bbox 331 1327 521 1392; x_wconf 87' lang='lat' dir='ltr'><strong>muneribus</strong></span> <span class='ocrx_word' id='word_1_46' title='bbox 539 1327 647 1393; x_wconf 82' lang='lat' dir='ltr'><strong>affecti</strong></span> <span class='ocrx_word' id='word_1_47' title='bbox 664 1326 852 1395; x_wconf 76' lang='lat' dir='ltr'><strong>dubitamus</strong></span> <span class='ocrx_word' id='word_1_48' title='bbox 871 1348 880 1391; x_wconf 92' lang='lat'><strong>:</strong></span> <span class='ocrx_word' id='word_1_49' title='bbox 901 1340 935 1391; x_wconf 79' lang='lat' dir='ltr'><strong>at</strong></span> <span class='ocrx_word' id='word_1_50' title='bbox 953 1324 1038 1393; x_wconf 89' lang='lat' dir='ltr'><strong>illud</strong></span> <span class='ocrx_word' id='word_1_51' title='bbox 1057 1348 1153 1415; x_wconf 78' lang='lat' dir='ltr'><strong>nequ·</strong></span> 
     </span>
     <span class='ocr_line' id='line_1_8' title="bbox 113 1426 1155 1517; baseline 0.004 -26"><span class='ocrx_word' id='word_1_52' title='bbox 113 1458 126 1483; x_wconf 90' lang='grc' dir='ltr'><strong>ιι</strong></span> <span class='ocrx_word' id='word_1_53' title='bbox 136 1451 235 1516; x_wconf 90' lang='lat' dir='ltr'><strong>quam</strong></span> <span class='ocrx_word' id='word_1_54' title='bbox 250 1428 344 1491; x_wconf 91' lang='lat' dir='ltr'><strong>nobis</strong></span> <span class='ocrx_word' id='word_1_55' title='bbox 359 1427 549 1517; x_wconf 87' lang='lat' dir='ltr'><strong>ambiguum</strong></span> <span class='ocrx_word' id='word_1_56' title='bbox 563 1445 629 1511; x_wconf 89' lang='lat' dir='ltr'><strong>est,</strong></span> <span class='ocrx_word' id='word_1_57' title='bbox 645 1450 856 1517; x_wconf 89' lang='lat' dir='ltr'><strong>quocumque</strong></span> <span class='ocrx_word' id='word_1_58' title='bbox 868 1426 960 1517; x_wconf 85' lang='lat' dir='ltr'><strong>apud</strong></span> <span class='ocrx_word' id='word_1_59' title='bbox 971 1450 1031 1493; x_wconf 80' lang='lat' dir='ltr'><strong>vos</strong></span> <span class='ocrx_word' id='word_1_60' title='bbox 1043 1450 1155 1495; x_wconf 75' lang='lat' dir='ltr'><strong>numus</strong></span> 
     </span>
     <span class='ocr_line' id='line_1_9' title="bbox 114 1528 1155 1619; baseline 0 -26"><span class='ocrx_word' id='word_1_61' title='bbox 114 1560 127 1583; x_wconf 83' lang='grc' dir='ltr'><strong>ι</strong></span> <span class='ocrx_word' id='word_1_62' title='bbox 138 1530 256 1610; x_wconf 89' lang='lat' dir='ltr'><strong>simus,</strong></span> <span class='ocrx_word' id='word_1_63' title='bbox 272 1543 346 1616; x_wconf 89' lang='lat' dir='ltr'><strong>post</strong></span> <span class='ocrx_word' id='word_1_64' title='bbox 369 1552 480 1617; x_wconf 85' lang='lat' dir='ltr'>pacem</span> <span class='ocrx_word' id='word_1_65' title='bbox 499 1552 576 1594; x_wconf 88' lang='lat' dir='ltr'><strong>cum</strong></span> <span class='ocrx_word' id='word_1_66' title='bbox 593 1529 643 1613; x_wconf 75' lang='lat' dir='ltr'><strong>Ta.</strong></span> <span class='ocrx_word' id='word_1_67' title='bbox 655 1529 801 1595; x_wconf 80' lang='lat' dir='ltr'><strong>Graccho</strong></span> <span class='ocrx_word' id='word_1_68' title='bbox 818 1528 935 1593; x_wconf 87' lang='lat' dir='ltr'><strong>initam</strong></span> <span class='ocrx_word' id='word_1_69' title='bbox 949 1549 1079 1619; x_wconf 85' lang='lat' dir='ltr'><strong>semper</strong></span> <span class='ocrx_word' id='word_1_70' title='bbox 1095 1528 1155 1593; x_wconf 84' lang='lat' dir='ltr'><strong>sui·</strong></span> 
     </span>
     <span class='ocr_line' id='line_1_10' title="bbox 115 1628 1155 1719; baseline 0.001 -25"><span class='ocrx_word' id='word_1_71' title='bbox 115 1652 253 1694; x_wconf 84' lang='lat' dir='ltr'><strong>«corum</strong></span> <span class='ocrx_word' id='word_1_72' title='bbox 279 1645 312 1693; x_wconf 95' lang='lat' dir='ltr'><strong>et</strong></span> <span class='ocrx_word' id='word_1_73' title='bbox 326 1631 453 1694; x_wconf 90' lang='lat' dir='ltr'><strong>animos</strong></span> <span class='ocrx_word' id='word_1_74' title='bbox 478 1630 648 1713; x_wconf 87' lang='lat' dir='ltr'><strong>habuisse,</strong></span> <span class='ocrx_word' id='word_1_75' title='bbox 665 1646 699 1695; x_wconf 91' lang='lat' dir='ltr'><strong>ct</strong></span> <span class='ocrx_word' id='word_1_76' title='bbox 724 1628 910 1719; x_wconf 82' lang='lat' dir='ltr'><strong>praestitisse</strong></span> <span class='ocrx_word' id='word_1_77' title='bbox 930 1650 1043 1719; x_wconf 84' lang='lat' dir='ltr'><strong>operat.</strong></span> <span class='ocrx_word' id='word_1_78' title='bbox 1060 1629 1155 1695; x_wconf 72' lang='lat' dir='ltr'><strong>veut</strong></span> 
     </span>
     <span class='ocr_line' id='line_1_11' title="bbox 116 1728 1156 1819; baseline 0.003 -27"><span class='ocrx_word' id='word_1_79' title='bbox 116 1728 388 1819; x_wconf 80' lang='lat' dir='ltr'><strong>«imperatoribus</strong></span> <span class='ocrx_word' id='word_1_80' title='bbox 403 1753 471 1794; x_wconf 89' lang='lat' dir='ltr'><strong>non</strong></span> <span class='ocrx_word' id='word_1_81' title='bbox 485 1730 592 1797; x_wconf 90' lang='lat' dir='ltr'><strong>solum</strong></span> <span class='ocrx_word' id='word_1_82' title='bbox 608 1753 773 1796; x_wconf 89' lang='lat' dir='ltr'><strong>annonam</strong></span> <span class='ocrx_word' id='word_1_83' title='bbox 790 1747 823 1797; x_wconf 91' lang='lat' dir='ltr'><strong>et</strong></span> <span class='ocrx_word' id='word_1_84' title='bbox 835 1730 954 1795; x_wconf 81' lang='lat' dir='ltr'><strong>milites</strong></span> <span class='ocrx_word' id='word_1_85' title='bbox 969 1752 1011 1799; x_wconf 81' lang='lat' dir='ltr'><strong>ex</strong></span> <span class='ocrx_word' id='word_1_86' title='bbox 1024 1728 1156 1811; x_wconf 77' lang='lat' dir='ltr'><strong>formula,</strong></span> 
     </span>
     <span class='ocr_line' id='line_1_12' title="bbox 114 1828 1155 1921; baseline 0.001 -28"><span class='ocrx_word' id='word_1_87' title='bbox 114 1862 127 1884; x_wconf 90' lang='grc' dir='ltr'><strong>ι</strong></span> <span class='ocrx_word' id='word_1_88' title='bbox 141 1828 198 1894; x_wconf 88' lang='lat' dir='ltr'><strong>sed</strong></span> <span class='ocrx_word' id='word_1_89' title='bbox 211 1831 308 1895; x_wconf 90' lang='lat' dir='ltr'><strong>etiam</strong></span> <span class='ocrx_word' id='word_1_90' title='bbox 320 1848 352 1895; x_wconf 89' lang='lat' dir='ltr'><strong>et</strong></span> <span class='ocrx_word' id='word_1_91' title='bbox 363 1831 433 1895; x_wconf 84' lang='lat' dir='ltr'><strong>haec</strong></span> <span class='ocrx_word' id='word_1_92' title='bbox 444 1833 560 1920; x_wconf 78' lang='lat' dir='ltr'><strong>saepius</strong></span> <span class='ocrx_word' id='word_1_93' title='bbox 572 1855 671 1921; x_wconf 90' lang='lat' dir='ltr'><strong>supra</strong></span> <span class='ocrx_word' id='word_1_94' title='bbox 681 1854 873 1913; x_wconf 88' lang='lat' dir='ltr'><strong>numerum,</strong></span> <span class='ocrx_word' id='word_1_95' title='bbox 890 1846 925 1895; x_wconf 87' lang='lat' dir='ltr'><strong>ct</strong></span> <span class='ocrx_word' id='word_1_96' title='bbox 935 1830 1015 1913; x_wconf 87' lang='lat' dir='ltr'><strong>alia,</strong></span> <span class='ocrx_word' id='word_1_97' title='bbox 1029 1852 1155 1921; x_wconf 67' lang='lat' dir='ltr'><strong>queror</strong></span> 
     </span>
     <span class='ocr_line' id='line_1_13' title="bbox 115 1928 1157 2022; baseline 0.003 -28"><span class='ocrx_word' id='word_1_98' title='bbox 115 1962 128 1984; x_wconf 88' lang='grc' dir='ltr'><strong>ι</strong></span> <span class='ocrx_word' id='word_1_99' title='bbox 138 1947 232 1995; x_wconf 83' lang='grc' dir='ltr'><strong>ιιιιιι</strong></span> <span class='ocrx_word' id='word_1_100' title='bbox 248 1931 424 1997; x_wconf 79' lang='lat' dir='ltr'><strong>foederibus</strong></span> <span class='ocrx_word' id='word_1_101' title='bbox 441 1954 606 2022; x_wconf 81' lang='lat' dir='ltr'><strong>expressa,</strong></span> <span class='ocrx_word' id='word_1_102' title='bbox 623 1932 711 1999; x_wconf 91' lang='lat' dir='ltr'><strong>ultro</strong></span> <span class='ocrx_word' id='word_1_103' title='bbox 724 1930 886 1997; x_wconf 78' lang='lat' dir='ltr'><strong>dedimus.</strong></span> <span class='ocrx_word' id='word_1_104' title='bbox 903 1932 1012 1997; x_wconf 83' lang='lat' dir='ltr'><strong>Etiam</strong></span> <span class='ocrx_word' id='word_1_105' title='bbox 1028 1930 1079 1997; x_wconf 86' lang='lat' dir='ltr'><strong>his</strong></span> <span class='ocrx_word' id='word_1_106' title='bbox 1089 1928 1157 1997; x_wconf 80' lang='lat' dir='ltr'><strong>ttdt·</strong></span> 
     </span>
     <span class='ocr_line' id='line_1_14' title="bbox 115 2031 1156 2131; baseline 0.003 -37"><span class='ocrx_word' id='word_1_107' title='bbox 115 2031 201 2095; x_wconf 72' lang='lat' dir='ltr'><strong>«cim</strong></span> <span class='ocrx_word' id='word_1_108' title='bbox 222 2032 335 2113; x_wconf 88' lang='lat' dir='ltr'><strong>annis,</strong></span> <span class='ocrx_word' id='word_1_109' title='bbox 361 2056 400 2097; x_wconf 82' lang='lat' dir='ltr'><strong>cx</strong></span> <span class='ocrx_word' id='word_1_110' title='bbox 422 2056 489 2131; x_wconf 91' lang='lat' dir='ltr'><strong>quo</strong></span> <span class='ocrx_word' id='word_1_111' title='bbox 508 2033 734 2125; x_wconf 76' lang='lat' dir='ltr'><strong>Segidensium</strong></span> <span class='ocrx_word' id='word_1_112' title='bbox 755 2033 887 2123; x_wconf 83' lang='lat' dir='ltr'><strong>negotio</strong></span> <span class='ocrx_word' id='word_1_113' title='bbox 909 2032 1156 2125; x_wconf 62' lang='lat' dir='ltr'><strong>implicuimus</strong></span> 
     </span>
     <span class='ocr_line' id='line_1_15' title="bbox 116 2124 1155 2225; baseline 0.005 -31"><span class='ocrx_word' id='word_1_114' title='bbox 116 2154 207 2196; x_wconf 72' lang='lat' dir='ltr'><strong>«non</strong></span> <span class='ocrx_word' id='word_1_115' title='bbox 219 2149 333 2197; x_wconf 90' lang='lat' dir='ltr'><strong>contra</strong></span> <span class='ocrx_word' id='word_1_116' title='bbox 342 2156 416 2215; x_wconf 82' lang='lat' dir='ltr'><strong>vos,</strong></span> <span class='ocrx_word' id='word_1_117' title='bbox 429 2124 487 2198; x_wconf 85' lang='lat' dir='ltr'><strong>sed</strong></span> <span class='ocrx_word' id='word_1_118' title='bbox 499 2158 559 2223; x_wconf 89' lang='lat' dir='ltr'><strong>pro</strong></span> <span class='ocrx_word' id='word_1_119' title='bbox 572 2149 765 2225; x_wconf 85' lang='lat' dir='ltr'><strong>pacevestra</strong></span> <span class='ocrx_word' id='word_1_120' title='bbox 780 2134 944 2223; x_wconf 76' lang='lat' dir='ltr'><strong>cepimus,</strong></span> <span class='ocrx_word' id='word_1_121' title='bbox 959 2130 1155 2223; x_wconf 76' lang='lat' dir='ltr'><strong>nequescubi</strong></span> 
     </span>
     <span class='ocr_line' id='line_1_16' title="bbox 117 2233 1155 2325; baseline 0.005 -30"><span class='ocrx_word' id='word_1_122' title='bbox 117 2233 422 2322; x_wconf 73' lang='lat' dir='ltr'><strong>«implacabilesque</strong></span> <span class='ocrx_word' id='word_1_123' title='bbox 436 2235 545 2300; x_wconf 89' lang='lat' dir='ltr'><strong>hostes</strong></span> <span class='ocrx_word' id='word_1_124' title='bbox 562 2235 707 2300; x_wconf 86' lang='lat' dir='ltr'><strong>fuimus.</strong></span> <span class='ocrx_word' id='word_1_125' title='bbox 720 2251 754 2300; x_wconf 89' lang='lat' dir='ltr'><strong>et</strong></span> <span class='ocrx_word' id='word_1_126' title='bbox 766 2234 865 2301; x_wconf 85' lang='lat' dir='ltr'><strong>simul</strong></span> <span class='ocrx_word' id='word_1_127' title='bbox 877 2250 978 2323; x_wconf 86' lang='lat' dir='ltr'><strong>atquc</strong></span> <span class='ocrx_word' id='word_1_128' title='bbox 992 2256 1065 2325; x_wconf 84' lang='lat' dir='ltr'><strong>spes</strong></span> <span class='ocrx_word' id='word_1_129' title='bbox 1075 2234 1155 2321; x_wconf 69' lang='lat' dir='ltr'><strong>aliqu</strong></span> 
     </span>
     <span class='ocr_line' id='line_1_17' title="bbox 117 2335 1154 2426; baseline 0.006 -29"><span class='ocrx_word' id='word_1_130' title='bbox 117 2335 226 2423; x_wconf 75' lang='lat' dir='ltr'><strong>«pacis</strong></span> <span class='ocrx_word' id='word_1_131' title='bbox 244 2352 375 2399; x_wconf 89' lang='lat' dir='ltr'><strong>ostensa</strong></span> <span class='ocrx_word' id='word_1_132' title='bbox 395 2335 489 2400; x_wconf 89' lang='lat' dir='ltr'><strong>nobis</strong></span> <span class='ocrx_word' id='word_1_133' title='bbox 505 2352 572 2418; x_wconf 90' lang='lat' dir='ltr'><strong>est,</strong></span> <span class='ocrx_word' id='word_1_134' title='bbox 591 2337 780 2426; x_wconf 88' lang='lat' dir='ltr'><strong>pecuniam,</strong></span> <span class='ocrx_word' id='word_1_135' title='bbox 793 2351 932 2419; x_wconf 80' lang='lat' dir='ltr'><strong>vestem,</strong></span> <span class='ocrx_word' id='word_1_136' title='bbox 946 2350 1154 2409; x_wconf 69' lang='lat' dir='ltr'><strong>commentum,</strong></span> 
     </span>
     <span class='ocr_line' id='line_1_18' title="bbox 116 2384 1125 2527; baseline 0.002 -28"><span class='ocrx_word' id='word_1_137' title='bbox 116 2467 129 2491; x_wconf 87' lang='grc' dir='ltr'><strong>ιι</strong></span> <span class='ocrx_word' id='word_1_138' title='bbox 139 2453 172 2500; x_wconf 89' lang='lat' dir='ltr'><strong>et</strong></span> <span class='ocrx_word' id='word_1_139' title='bbox 188 2436 350 2525; x_wconf 89' lang='lat' dir='ltr'><strong>quidquid</strong></span> <span class='ocrx_word' id='word_1_140' title='bbox 365 2432 480 2516; x_wconf 86' lang='lat' dir='ltr'><strong>jubere</strong></span> <span class='ocrx_word' id='word_1_141' title='bbox 494 2437 633 2503; x_wconf 91' lang='lat' dir='ltr'><strong>ducibus</strong></span> <span class='ocrx_word' id='word_1_142' title='bbox 644 2439 758 2503; x_wconf 86' lang='lat' dir='ltr'><strong>vestris</strong></span> <span class='ocrx_word' id='word_1_143' title='bbox 774 2436 913 2526; x_wconf 80' lang='lat' dir='ltr'><strong>placuit,</strong></span> <span class='ocrx_word' id='word_1_144' title='bbox 922 2384 1125 2527; x_wconf 67' lang='lat' dir='ltr'><strong>prebuimus.</strong></span> 
     </span>
    </p>

    <p class='ocr_par' dir='ltr' id='par_1_5' title="bbox 117 2538 1155 2735">
     <span class='ocr_line' id='line_1_19' title="bbox 160 2538 1155 2629; baseline 0.003 -26"><span class='ocrx_word' id='word_1_145' title='bbox 160 2539 306 2603; x_wconf 85' lang='lat' dir='ltr'>XXIV</span> <span class='ocrx_word' id='word_1_146' title='bbox 305 2540 386 2602; x_wconf 88' lang='grc' dir='ltr'><strong>ιΡιο</strong></span> <span class='ocrx_word' id='word_1_147' title='bbox 402 2539 453 2602; x_wconf 90' lang='lat' dir='ltr'><strong>his</strong></span> <span class='ocrx_word' id='word_1_148' title='bbox 469 2540 592 2605; x_wconf 84' lang='lat' dir='ltr'><strong>meritis</strong></span> <span class='ocrx_word' id='word_1_149' title='bbox 604 2540 692 2604; x_wconf 89' lang='lat' dir='ltr'><strong>aliud</strong></span> <span class='ocrx_word' id='word_1_150' title='bbox 706 2540 773 2604; x_wconf 86' lang='lat' dir='ltr'><strong>sere</strong></span> <span class='ocrx_word' id='word_1_151' title='bbox 785 2538 886 2619; x_wconf 88' lang='lat' dir='ltr'><strong>nihil,</strong></span> <span class='ocrx_word' id='word_1_152' title='bbox 903 2560 1004 2629; x_wconf 88' lang='lat' dir='ltr'><strong>quam</strong></span> <span class='ocrx_word' id='word_1_153' title='bbox 1017 2554 1155 2605; x_wconf 82' lang='lat' dir='ltr'><strong>canunt·</strong></span> 
     </span>
     <span class='ocr_line' id='line_1_20' title="bbox 117 2634 1154 2735; baseline 0.004 -33"><span class='ocrx_word' id='word_1_154' title='bbox 117 2639 218 2703; x_wconf 62' lang='lat' dir='ltr'><strong>alias</strong></span> <span class='ocrx_word' id='word_1_155' title='bbox 210 2639 425 2726; x_wconf 84' lang='lat' dir='ltr'><strong>injuriasque,</strong></span> <span class='ocrx_word' id='word_1_156' title='bbox 437 2640 576 2735; x_wconf 85' lang='lat' dir='ltr'><strong>experti,</strong></span> <span class='ocrx_word' id='word_1_157' title='bbox 588 2664 691 2729; x_wconf 90' lang='lat' dir='ltr'><strong>quum</strong></span> <span class='ocrx_word' id='word_1_158' title='bbox 703 2664 815 2706; x_wconf 88' lang='lat' dir='ltr'><strong>earum</strong></span> <span class='ocrx_word' id='word_1_159' title='bbox 826 2663 937 2705; x_wconf 82' lang='lat' dir='ltr'><strong>remim</strong></span> <span class='ocrx_word' id='word_1_160' title='bbox 949 2634 1154 2733; x_wconf 76' lang='lat' dir='ltr'><strong>pigeretpudt·</strong></span> 
     </span>
    </p>

    <p class='ocr_par' dir='ltr' id='par_1_6' title="bbox 118 2740 1160 3741">
     <span class='ocr_line' id='line_1_21' title="bbox 118 2740 1153 2829; baseline 0.004 -25"><span class='ocrx_word' id='word_1_161' title='bbox 118 2773 131 2796; x_wconf 85' lang='grc' dir='ltr'><strong>ι</strong></span> <span class='ocrx_word' id='word_1_162' title='bbox 140 2756 269 2829; x_wconf 78' lang='lat' dir='ltr'><strong>totque,</strong></span> <span class='ocrx_word' id='word_1_163' title='bbox 286 2740 440 2822; x_wconf 90' lang='lat' dir='ltr'><strong>modum,</strong></span> <span class='ocrx_word' id='word_1_164' title='bbox 456 2765 555 2828; x_wconf 89' lang='lat' dir='ltr'><strong>quem</strong></span> <span class='ocrx_word' id='word_1_165' title='bbox 572 2742 677 2829; x_wconf 84' lang='lat' dir='ltr'><strong>facere</strong></span> <span class='ocrx_word' id='word_1_166' title='bbox 691 2758 838 2807; x_wconf 83' lang='lat' dir='ltr'><strong>auctores</strong></span> <span class='ocrx_word' id='word_1_167' title='bbox 852 2742 981 2806; x_wconf 88' lang='lat' dir='ltr'><strong>illarum</strong></span> <span class='ocrx_word' id='word_1_168' title='bbox 995 2742 1153 2815; x_wconf 71' lang='lat' dir='ltr'><strong>adamat,</strong></span> 
     </span>
     <span class='ocr_line' id='line_1_22' title="bbox 118 2836 1153 2930; baseline 0.003 -26"><span class='ocrx_word' id='word_1_169' title='bbox 118 2842 174 2904; x_wconf 76' lang='lat' dir='ltr'><strong>«in</strong></span> <span class='ocrx_word' id='word_1_170' title='bbox 196 2841 292 2905; x_wconf 85' lang='lat' dir='ltr'><strong>armis</strong></span> <span class='ocrx_word' id='word_1_171' title='bbox 310 2864 454 2928; x_wconf 83' lang='lat' dir='ltr'><strong>quaerere</strong></span> <span class='ocrx_word' id='word_1_172' title='bbox 477 2842 581 2925; x_wconf 82' lang='lat' dir='ltr'><strong>coacti</strong></span> <span class='ocrx_word' id='word_1_173' title='bbox 601 2864 740 2907; x_wconf 91' lang='lat' dir='ltr'><strong>sumus:</strong></span> <span class='ocrx_word' id='word_1_174' title='bbox 759 2841 849 2930; x_wconf 91' lang='lat' dir='ltr'><strong>quod</strong></span> <span class='ocrx_word' id='word_1_175' title='bbox 866 2842 1023 2908; x_wconf 87' lang='lat' dir='ltr'><strong>ultimum</strong></span> <span class='ocrx_word' id='word_1_176' title='bbox 1038 2836 1153 2907; x_wconf 72' lang='lat' dir='ltr'><strong>moruli-</strong></span> 
     </span>
     <span class='ocr_line' id='line_1_23' title="bbox 119 2941 1152 3057; baseline 0.005 -52"><span class='ocrx_word' id='word_1_177' title='bbox 119 2941 198 3005; x_wconf 59' lang='lat' dir='ltr'><strong>«tati</strong></span> <span class='ocrx_word' id='word_1_178' title='bbox 225 2941 419 3005; x_wconf 87' lang='lat' dir='ltr'><strong>beneficium</strong></span> <span class='ocrx_word' id='word_1_179' title='bbox 442 2958 559 3006; x_wconf 89' lang='lat' dir='ltr'><strong>natura</strong></span> <span class='ocrx_word' id='word_1_180' title='bbox 581 2941 691 3025; x_wconf 90' lang='lat' dir='ltr'><strong>dedit,</strong></span> <span class='ocrx_word' id='word_1_181' title='bbox 717 2944 784 3027; x_wconf 91' lang='lat' dir='ltr'><strong>uti,</strong></span> <span class='ocrx_word' id='word_1_182' title='bbox 809 2942 868 3009; x_wconf 90' lang='lat' dir='ltr'><strong>ubi</strong></span> <span class='ocrx_word' id='word_1_183' title='bbox 891 2958 1083 3035; x_wconf 78' lang='lat' dir='ltr'><strong>consumpu</strong></span> <span class='ocrx_word' id='word_1_184' title='bbox 1101 2956 1152 3057; x_wconf 58' lang='grc' dir='ltr'><strong>ιφ</strong></span> 
     </span>
     <span class='ocr_line' id='line_1_24' title="bbox 118 3042 1153 3161; baseline 0.005 -54"><span class='ocrx_word' id='word_1_185' title='bbox 118 3075 131 3097; x_wconf 85' lang='grc' dir='ltr'><strong>ι</strong></span> <span class='ocrx_word' id='word_1_186' title='bbox 142 3043 247 3107; x_wconf 90' lang='lat' dir='ltr'><strong>omnis</strong></span> <span class='ocrx_word' id='word_1_187' title='bbox 264 3061 312 3107; x_wconf 89' lang='lat' dir='ltr'><strong>est</strong></span> <span class='ocrx_word' id='word_1_188' title='bbox 320 3042 572 3133; x_wconf 87' lang='lat' dir='ltr'><strong>,desperatione</strong></span> <span class='ocrx_word' id='word_1_189' title='bbox 587 3046 788 3127; x_wconf 84' lang='lat' dir='ltr'><strong>animentur,</strong></span> <span class='ocrx_word' id='word_1_190' title='bbox 803 3046 1007 3161; x_wconf 80' lang='lat' dir='ltr'><strong>quicumque</strong></span> <span class='ocrx_word' id='word_1_191' title='bbox 1023 3042 1153 3135; x_wconf 68' lang='lat' dir='ltr'><strong>aspuiw</strong></span> 
     </span>
     <span class='ocr_line' id='line_1_25' title="bbox 120 3144 1153 3232; baseline -0.003 -24"><span class='ocrx_word' id='word_1_192' title='bbox 120 3144 232 3208; x_wconf 79' lang='lat' dir='ltr'><strong>«sibi&#39;</strong></span> <span class='ocrx_word' id='word_1_193' title='bbox 223 3145 349 3232; x_wconf 83' lang='lat' dir='ltr'><strong>imponi</strong></span> <span class='ocrx_word' id='word_1_194' title='bbox 365 3158 499 3231; x_wconf 87' lang='lat' dir='ltr'><strong>putant,</strong></span> <span class='ocrx_word' id='word_1_195' title='bbox 517 3168 615 3232; x_wconf 88' lang='lat' dir='ltr'><strong>quatu</strong></span> <span class='ocrx_word' id='word_1_196' title='bbox 633 3162 772 3209; x_wconf 90' lang='lat' dir='ltr'><strong>mortem</strong></span> <span class='ocrx_word' id='word_1_197' title='bbox 791 3168 860 3210; x_wconf 89' lang='lat' dir='ltr'><strong>non</strong></span> <span class='ocrx_word' id='word_1_198' title='bbox 877 3146 1007 3211; x_wconf 89' lang='lat' dir='ltr'><strong>timenti</strong></span> <span class='ocrx_word' id='word_1_199' title='bbox 1023 3145 1153 3211; x_wconf 72' lang='lat' dir='ltr'><strong>toene</strong></span> 
     </span>
     <span class='ocr_line' id='line_1_26' title="bbox 121 3240 1153 3335; baseline 0.001 -27"><span class='ocrx_word' id='word_1_200' title='bbox 121 3268 269 3310; x_wconf 85' lang='lat' dir='ltr'><strong>«cessum</strong></span> <span class='ocrx_word' id='word_1_201' title='bbox 286 3263 344 3309; x_wconf 89' lang='lat' dir='ltr'><strong>est.</strong></span> <span class='ocrx_word' id='word_1_202' title='bbox 361 3244 479 3328; x_wconf 89' lang='lat' dir='ltr'><strong>Quid</strong></span> <span class='ocrx_word' id='word_1_203' title='bbox 469 3266 535 3324; x_wconf 78' lang='lat' dir='ltr'><strong>Jarn</strong></span> <span class='ocrx_word' id='word_1_204' title='bbox 558 3268 829 3327; x_wconf 85' lang='lat' dir='ltr'><strong>commemorem,</strong></span> <span class='ocrx_word' id='word_1_205' title='bbox 848 3246 977 3335; x_wconf 88' lang='lat' dir='ltr'><strong>quoties</strong></span> <span class='ocrx_word' id='word_1_206' title='bbox 997 3240 1153 3313; x_wconf 74' lang='lat' dir='ltr'><strong>consultu</strong></span> 
     </span>
     <span class='ocr_line' id='line_1_27' title="bbox 119 3345 1155 3437; baseline 0 -28"><span class='ocrx_word' id='word_1_207' title='bbox 119 3378 132 3403; x_wconf 89' lang='grc' dir='ltr'><strong>ιι</strong></span> <span class='ocrx_word' id='word_1_208' title='bbox 143 3347 255 3410; x_wconf 88' lang='lat' dir='ltr'><strong>vestris</strong></span> <span class='ocrx_word' id='word_1_209' title='bbox 267 3346 387 3411; x_wconf 85' lang='lat' dir='ltr'><strong>foedera</strong></span> <span class='ocrx_word' id='word_1_210' title='bbox 398 3345 570 3411; x_wconf 91' lang='lat' dir='ltr'><strong>nobiscum</strong></span> <span class='ocrx_word' id='word_1_211' title='bbox 580 3347 659 3424; x_wconf 86' lang='lat' dir='ltr'><strong>icta,</strong></span> <span class='ocrx_word' id='word_1_212' title='bbox 674 3347 792 3414; x_wconf 87' lang='lat' dir='ltr'><strong>deiude</strong></span> <span class='ocrx_word' id='word_1_213' title='bbox 800 3364 898 3437; x_wconf 86' lang='lat' dir='ltr'><strong>rupta</strong></span> <span class='ocrx_word' id='word_1_214' title='bbox 907 3346 1080 3437; x_wconf 79' lang='lat' dir='ltr'><strong>sinthuia</strong></span> <span class='ocrx_word' id='word_1_215' title='bbox 1088 3354 1155 3409; x_wconf 73' lang='lat' dir='ltr'><strong>ortt</strong></span> 
     </span>
     <span class='ocr_line' id='line_1_28' title="bbox 119 3444 1158 3539; baseline 0.003 -29"><span class='ocrx_word' id='word_1_216' title='bbox 119 3480 132 3503; x_wconf 91' lang='grc' dir='ltr'><strong>ι</strong></span> <span class='ocrx_word' id='word_1_217' title='bbox 141 3447 227 3535; x_wconf 87' lang='lat' dir='ltr'><strong>pacis</strong></span> <span class='ocrx_word' id='word_1_218' title='bbox 241 3447 402 3512; x_wconf 88' lang='lat' dir='ltr'><strong>desiderio</strong></span> <span class='ocrx_word' id='word_1_219' title='bbox 414 3446 623 3530; x_wconf 86' lang='lat' dir='ltr'><strong>tenebamur,</strong></span> <span class='ocrx_word' id='word_1_220' title='bbox 635 3465 673 3513; x_wconf 91' lang='lat' dir='ltr'><strong>ut</strong></span> <span class='ocrx_word' id='word_1_221' title='bbox 687 3448 864 3538; x_wconf 89' lang='lat' dir='ltr'><strong>prudentes</strong></span> <span class='ocrx_word' id='word_1_222' title='bbox 877 3449 1070 3539; x_wconf 83' lang='lat' dir='ltr'><strong>plerumque</strong></span> <span class='ocrx_word' id='word_1_223' title='bbox 1080 3444 1158 3513; x_wconf 69' lang='lat' dir='ltr'><strong>sdess-</strong></span> 
     </span>
     <span class='ocr_line' id='line_1_29' title="bbox 119 3546 1160 3638; baseline 0.001 -26"><span class='ocrx_word' id='word_1_224' title='bbox 119 3565 256 3635; x_wconf 77' lang='lat' dir='ltr'><strong>«tesquc</strong></span> <span class='ocrx_word' id='word_1_225' title='bbox 276 3549 476 3628; x_wconf 86' lang='lat' dir='ltr'><strong>falleremur,</strong></span> <span class='ocrx_word' id='word_1_226' title='bbox 498 3563 531 3610; x_wconf 91' lang='lat' dir='ltr'><strong>et</strong></span> <span class='ocrx_word' id='word_1_227' title='bbox 547 3548 642 3614; x_wconf 90' lang='lat' dir='ltr'><strong>toties</strong></span> <span class='ocrx_word' id='word_1_228' title='bbox 658 3565 789 3638; x_wconf 85' lang='lat' dir='ltr'><strong>experta</strong></span> <span class='ocrx_word' id='word_1_229' title='bbox 808 3546 923 3615; x_wconf 79' lang='lat' dir='ltr'><strong>fraude</strong></span> <span class='ocrx_word' id='word_1_230' title='bbox 942 3550 986 3615; x_wconf 86' lang='lat' dir='ltr'><strong>ad</strong></span> <span class='ocrx_word' id='word_1_231' title='bbox 1002 3548 1160 3615; x_wconf 69' lang='lat' dir='ltr'><strong>cautium</strong></span> 
     </span>
     <span class='ocr_line' id='line_1_30' title="bbox 121 3647 1166 3741; baseline 0.001 -27"><span class='ocrx_word' id='word_1_232' title='bbox 121 3683 132 3705; x_wconf 92' lang='grc' dir='ltr'><strong>ιι</strong></span> <span class='ocrx_word' id='word_1_233' title='bbox 143 3650 329 3740; x_wconf 82' lang='lat' dir='ltr'><strong>lugeremus</strong></span> <span class='ocrx_word' id='word_1_234' title='bbox 346 3647 476 3713; x_wconf 88' lang='lat' dir='ltr'><strong>eruditi.</strong></span> <span class='ocrx_word' id='word_1_235' title='bbox 495 3652 600 3714; x_wconf 89' lang='lat' dir='ltr'><strong>Antea</strong></span> <span class='ocrx_word' id='word_1_236' title='bbox 621 3673 754 3738; x_wconf 88' lang='lat' dir='ltr'><strong>quoque</strong></span> <span class='ocrx_word' id='word_1_237' title='bbox 773 3674 841 3716; x_wconf 89' lang='lat' dir='ltr'><strong>non</strong></span> <span class='ocrx_word' id='word_1_238' title='bbox 858 3650 959 3715; x_wconf 87' lang='lat' dir='ltr'><strong>semel</strong></span> <span class='ocrx_word' id='word_1_239' title='bbox 975 3648 1166 3741; x_wconf 51' lang='lat' dir='ltr'><strong>deceptuo-</strong></span> 
     </span>
    </p>

    <p class='ocr_par' dir='ltr' id='par_1_7' title="bbox 120 3740 1176 4041">
     <span class='ocr_line' id='line_1_31' title="bbox 121 3740 1169 3840; baseline -0.003 -25"><span class='ocrx_word' id='word_1_240' title='bbox 121 3785 132 3807; x_wconf 93' lang='grc' dir='ltr'><strong>ι</strong></span> <span class='ocrx_word' id='word_1_241' title='bbox 144 3775 218 3815; x_wconf 87' lang='lat' dir='ltr'><strong>men</strong></span> <span class='ocrx_word' id='word_1_242' title='bbox 235 3751 276 3832; x_wconf 89' lang='lat' dir='ltr'>Q</span> <span class='ocrx_word' id='word_1_243' title='bbox 288 3750 445 3838; x_wconf 88' lang='lat' dir='ltr'><strong>Pompeio</strong></span> <span class='ocrx_word' id='word_1_244' title='bbox 458 3750 632 3815; x_wconf 87' lang='lat' dir='ltr'><strong>habuimus</strong></span> <span class='ocrx_word' id='word_1_245' title='bbox 648 3748 767 3815; x_wconf 81' lang='lat' dir='ltr'><strong>iidem:</strong></span> <span class='ocrx_word' id='word_1_246' title='bbox 783 3774 857 3838; x_wconf 82' lang='lat' dir='ltr'><strong>quae</strong></span> <span class='ocrx_word' id='word_1_247' title='bbox 874 3772 901 3815; x_wconf 88' lang='lat' dir='ltr'><strong>st</strong></span> <span class='ocrx_word' id='word_1_248' title='bbox 892 3749 1007 3840; x_wconf 85' lang='lat' dir='ltr'><strong>apud</strong></span> <span class='ocrx_word' id='word_1_249' title='bbox 1022 3740 1169 3815; x_wconf 70' lang='lat' dir='ltr'><strong>illututll·</strong></span> 
     </span>
     <span class='ocr_line' id='line_1_32' title="bbox 120 3846 1176 3966; baseline -0.004 -51"><span class='ocrx_word' id='word_1_250' title='bbox 120 3876 208 3943; x_wconf 81' lang='lat' dir='ltr'><strong>«qua</strong></span> <span class='ocrx_word' id='word_1_251' title='bbox 224 3867 324 3931; x_wconf 87' lang='lat' dir='ltr'><strong>esset,</strong></span> <span class='ocrx_word' id='word_1_252' title='bbox 347 3873 454 3966; x_wconf 86' lang='lat' dir='ltr'><strong>neque</strong></span> <span class='ocrx_word' id='word_1_253' title='bbox 475 3868 585 3941; x_wconf 86' lang='lat' dir='ltr'><strong>postea</strong></span> <span class='ocrx_word' id='word_1_254' title='bbox 603 3852 742 3915; x_wconf 88' lang='lat' dir='ltr'><strong>venisset</strong></span> <span class='ocrx_word' id='word_1_255' title='bbox 765 3851 800 3914; x_wconf 92' lang='lat' dir='ltr'><strong>in</strong></span> <span class='ocrx_word' id='word_1_256' title='bbox 821 3852 1005 3941; x_wconf 85' lang='lat' dir='ltr'><strong>periculum</strong></span> <span class='ocrx_word' id='word_1_257' title='bbox 1027 3846 1176 3917; x_wconf 56' lang='lat' dir='ltr'><strong>exeunt</strong></span> 
     </span>
     <span class='ocr_line' id='line_1_33' title="bbox 121 3952 943 4041; baseline 0.001 -25"><span class='ocrx_word' id='word_1_258' title='bbox 121 3967 263 4032; x_wconf 80' lang='lat' dir='ltr'><strong>«vester,</strong></span> <span class='ocrx_word' id='word_1_259' title='bbox 280 3974 386 4038; x_wconf 85' lang='lat' dir='ltr'><strong>neque</strong></span> <span class='ocrx_word' id='word_1_260' title='bbox 405 3954 439 4015; x_wconf 90' lang='lat' dir='ltr'><strong>in</strong></span> <span class='ocrx_word' id='word_1_261' title='bbox 454 3953 622 4041; x_wconf 87' lang='lat' dir='ltr'><strong>praesentia</strong></span> <span class='ocrx_word' id='word_1_262' title='bbox 638 3975 698 4016; x_wconf 90' lang='lat' dir='ltr'><strong>nos</strong></span> <span class='ocrx_word' id='word_1_263' title='bbox 711 3952 943 4018; x_wconf 85' lang='lat' dir='ltr'><strong>laboraremus.</strong></span> 
     </span>
    </p>

    <p class='ocr_par' dir='ltr' id='par_1_8' title="bbox 120 4048 1195 4445">
     <span class='ocr_line' id='line_1_34' title="bbox 165 4048 1186 4137; baseline -0.002 -20"><span class='ocrx_word' id='word_1_264' title='bbox 165 4054 268 4118; x_wconf 85' lang='lat' dir='ltr'><strong>XXV.</strong></span> <span class='ocrx_word' id='word_1_265' title='bbox 284 4052 375 4117; x_wconf 76' lang='lat' dir='ltr'><strong>«Nisi</strong></span> <span class='ocrx_word' id='word_1_266' title='bbox 388 4054 472 4117; x_wconf 85' lang='lat' dir='ltr'><strong>forte</strong></span> <span class='ocrx_word' id='word_1_267' title='bbox 484 4053 545 4119; x_wconf 92' lang='lat' dir='ltr'><strong>diis</strong></span> <span class='ocrx_word' id='word_1_268' title='bbox 556 4052 793 4119; x_wconf 86' lang='lat' dir='ltr'><strong>immortalibus</strong></span> <span class='ocrx_word' id='word_1_269' title='bbox 805 4054 849 4117; x_wconf 88' lang='lat' dir='ltr'><strong>ita</strong></span> <span class='ocrx_word' id='word_1_270' title='bbox 859 4054 967 4117; x_wconf 84' lang='lat' dir='ltr'><strong>visum</strong></span> <span class='ocrx_word' id='word_1_271' title='bbox 975 4070 1041 4137; x_wconf 87' lang='lat' dir='ltr'><strong>est,</strong></span> <span class='ocrx_word' id='word_1_272' title='bbox 1053 4048 1186 4117; x_wconf 71' lang='lat' dir='ltr'><strong>nachao</strong></span> 
     </span>
     <span class='ocr_line' id='line_1_35' title="bbox 123 4154 1190 4246; baseline -0.001 -30"><span class='ocrx_word' id='word_1_273' title='bbox 123 4155 344 4219; x_wconf 83' lang='lat' dir='ltr'><strong>«documento</strong></span> <span class='ocrx_word' id='word_1_274' title='bbox 358 4154 492 4218; x_wconf 88' lang='lat' dir='ltr'><strong>minime</strong></span> <span class='ocrx_word' id='word_1_275' title='bbox 503 4155 565 4220; x_wconf 90' lang='lat' dir='ltr'><strong>sibi</strong></span> <span class='ocrx_word' id='word_1_276' title='bbox 576 4156 827 4244; x_wconf 82' lang='lat' dir='ltr'><strong>placereviolata</strong></span> <span class='ocrx_word' id='word_1_277' title='bbox 843 4171 966 4221; x_wconf 85' lang='lat' dir='ltr'><strong>temere</strong></span> <span class='ocrx_word' id='word_1_278' title='bbox 975 4171 1069 4246; x_wconf 83' lang='lat' dir='ltr'><strong>pacta</strong></span> <span class='ocrx_word' id='word_1_279' title='bbox 1080 4162 1190 4217; x_wconf 71' lang='lat' dir='ltr'><strong>ostess‘</strong></span> 
     </span>
     <span class='ocr_line' id='line_1_36' title="bbox 122 4252 1194 4344; baseline 0.003 -28"><span class='ocrx_word' id='word_1_280' title='bbox 122 4288 133 4309; x_wconf 84' lang='grc' dir='ltr'><strong>ι</strong></span> <span class='ocrx_word' id='word_1_281' title='bbox 145 4252 275 4335; x_wconf 71' lang='lat' dir='ltr'><strong>decent,</strong></span> <span class='ocrx_word' id='word_1_282' title='bbox 293 4278 360 4344; x_wconf 93' lang='lat' dir='ltr'><strong>quo</strong></span> <span class='ocrx_word' id='word_1_283' title='bbox 377 4271 409 4318; x_wconf 86' lang='lat' dir='ltr'><strong>et</strong></span> <span class='ocrx_word' id='word_1_284' title='bbox 426 4278 485 4319; x_wconf 91' lang='lat' dir='ltr'><strong>nos</strong></span> <span class='ocrx_word' id='word_1_285' title='bbox 502 4255 544 4321; x_wconf 87' lang='lat' dir='ltr'><strong>ad</strong></span> <span class='ocrx_word' id='word_1_286' title='bbox 560 4255 742 4322; x_wconf 80' lang='lat' dir='ltr'><strong>feriendum</strong></span> <span class='ocrx_word' id='word_1_287' title='bbox 760 4255 864 4320; x_wconf 87' lang='lat' dir='ltr'><strong>foedus</strong></span> <span class='ocrx_word' id='word_1_288' title='bbox 880 4256 1060 4343; x_wconf 80' lang='lat' dir='ltr'><strong>callidiores</strong></span> <span class='ocrx_word' id='word_1_289' title='bbox 1074 4252 1111 4319; x_wconf 83' lang='lat' dir='ltr'><strong>ab</strong></span> <span class='ocrx_word' id='word_1_290' title='bbox 1122 4260 1194 4315; x_wconf 70' lang='lat' dir='ltr'><strong>t1‘</strong></span> 
     </span>
     <span class='ocr_line' id='line_1_37' title="bbox 120 4352 1195 4445; baseline 0 -28"><span class='ocrx_word' id='word_1_291' title='bbox 120 4390 131 4409; x_wconf 93' lang='grc' dir='ltr'><strong>ι</strong></span> <span class='ocrx_word' id='word_1_292' title='bbox 143 4355 322 4442; x_wconf 82' lang='grc' dir='ltr'><strong>ριιίιιιιιιιο</strong></span> <span class='ocrx_word' id='word_1_293' title='bbox 345 4378 507 4437; x_wconf 81' lang='lat' dir='ltr'><strong>essemus,</strong></span> <span class='ocrx_word' id='word_1_294' title='bbox 523 4373 556 4423; x_wconf 86' lang='lat' dir='ltr'><strong>et</strong></span> <span class='ocrx_word' id='word_1_295' title='bbox 571 4380 630 4421; x_wconf 88' lang='lat' dir='ltr'><strong>vos</strong></span> <span class='ocrx_word' id='word_1_296' title='bbox 645 4356 686 4421; x_wconf 87' lang='lat' dir='ltr'><strong>ad</strong></span> <span class='ocrx_word' id='word_1_297' title='bbox 703 4356 781 4420; x_wconf 91' lang='lat' dir='ltr'><strong>illud</strong></span> <span class='ocrx_word' id='word_1_298' title='bbox 800 4356 953 4445; x_wconf 89' lang='lat' dir='ltr'><strong>deinceps</strong></span> <span class='ocrx_word' id='word_1_299' title='bbox 972 4352 1168 4423; x_wconf 67' lang='lat' dir='ltr'><strong>tenendum</strong></span> <span class='ocrx_word' id='word_1_300' title='bbox 1182 4376 1195 4409; x_wconf 77' lang='grc' dir='ltr'><strong>ι</strong></span> 
     </span>
    </p>

    <p class='ocr_par' dir='ltr' id='par_1_9' title="bbox 21 4448 1197 4549">
     <span class='ocr_line' id='line_1_38' title="bbox 21 4448 1197 4549; baseline 0.009 -33"><span class='ocrx_word' id='word_1_301' title='bbox 21 4448 25 4457; x_wconf 77' lang='grc'><strong>’</strong></span> <span class='ocrx_word' id='word_1_302' title='bbox 119 4490 129 4510; x_wconf 88' lang='grc' dir='ltr'><strong>ι</strong></span> <span class='ocrx_word' id='word_1_303' title='bbox 142 4478 208 4519; x_wconf 88' lang='lat' dir='ltr'><strong>nou</strong></span> <span class='ocrx_word' id='word_1_304' title='bbox 222 4456 274 4534; x_wconf 82' lang='lat' dir='ltr'><strong>jus</strong></span> <span class='ocrx_word' id='word_1_305' title='bbox 289 4473 414 4520; x_wconf 89' lang='lat' dir='ltr'><strong>tantum</strong></span> <span class='ocrx_word' id='word_1_306' title='bbox 427 4458 550 4545; x_wconf 87' lang='lat' dir='ltr'><strong>fasque,</strong></span> <span class='ocrx_word' id='word_1_307' title='bbox 561 4458 722 4523; x_wconf 85' lang='lat' dir='ltr'><strong>sedetiam</strong></span> <span class='ocrx_word' id='word_1_308' title='bbox 736 4458 854 4546; x_wconf 90' lang='lat' dir='ltr'><strong>pudor,</strong></span> <span class='ocrx_word' id='word_1_309' title='bbox 867 4458 1037 4549; x_wconf 79' lang='lat' dir='ltr'><strong>obligaret.</strong></span> <span class='ocrx_word' id='word_1_310' title='bbox 1050 4450 1197 4533; x_wconf 52' lang='lat' dir='ltr'><strong>Auli&amp;</strong></span> 
     </span>
    </p>
   </div>
   <div class='ocr_carea' id='block_1_3' title="bbox 0 0 1312 4980">
    <p class='ocr_par' dir='ltr' id='par_1_10' title="bbox 0 0 1312 4980">
     <span class='ocr_line' id='line_1_39' title="bbox 0 0 1312 4980; baseline 0 0"><span class='ocrx_word' id='word_1_311' title='bbox 0 0 1312 4980; x_wconf 95' lang='lat' dir='ltr'><strong> </strong></span> 
     </span>
    </p>
   </div>
  </div>
 </body>
</html>
