2594 4980
131 733 197 808 116
299 738 366 806 JO.
393 736 735 807 FREINSHEMII
767 736 1011 809 SUPPLEM.

125 883 221 948 quum
239 862 300 948 ipse
318 882 360 923 aa
375 882 455 944 agro
471 881 663 947 pergameno
680 861 846 948 rapuisset,
865 859 948 923 nuit
961 883 1039 926 esset

128 963 205 1026 dum
221 976 349 1025 senatus
368 961 505 1025 censuit.

171 1064 227 1127 VI.
244 1064 372 1142 Menas,
386 1084 489 1150 quum
502 1077 668 1150 acceptum
681 1060 834 1125 Romanis
848 1060 1039 1127 Nicomeden

126 1164 180 1228 dio
197 1165 307 1227 tollere
323 1156 541 1252 peribulosum
558 1180 655 1245 esset,
669 1185 776 1251 neque
794 1163 897 1227 tutius
909 1163 950 1227 ad
963 1186 1038 1254 rege

128 1263 203 1328 dato
230 1264 298 1343 ejus
328 1263 530 1351 posthabito,
555 1264 690 1345 reverti,
716 1288 775 1352 per
800 1265 925 1353 aliquot
952 1265 1020 1330 dies

125 1366 249 1430 c'onsilii
270 1366 303 1428 in
319 1365 408 1429 Urbe
426 1365 577 1430 substitit.
593 1365 815 1429 Subodoratus
838 1387 968 1429 causam
984 1367 1039 1431 Ni(

124 1467 323 1555 colloquium
345 1466 497 1556 expetivit
519 1466 679 1548 bominis,
707 1467 741 1530 id
765 1468 871 1556 ipsum
893 1466 1011 1556 cupide
1037 1516 1039 1526 .

125 1568 359 1655 convenitque,
376 1583 411 1632 ut
425 1570 592 1655 impierum
607 1569 790 1632 insidiarum
795 1567 936 1656 fraudes
950 1571 984 1633 iu
999 1592 1039 1659 eq

120 1673 177 1758 qui
198 1672 381 1749 struxisset,
406 1684 659 1734 converterentur.
689 1671 876 1735 Assumitur
900 1671 933 1734 in
961 1694 1039 1737 cons

122 1772 348 1853 Andronicus,
368 1787 405 1834 ut
418 1794 477 1859 per
492 1794 568 1835 eum
582 1772 726 1854 Attalus,
746 1795 780 1836 re
794 1772 938 1862 cognita,
954 1773 1039 1853 juver

124 1874 185 1937 niae
202 1895 337 1961 regnum
355 1873 507 1937 invasuro
519 1896 607 1937 arma
621 1873 769 1961 viresque
785 1890 987 1961 prepararet.
1003 1874 1039 1937 Pr

125 1973 359 2055 discesserunt,
373 1974 416 2037 ita
432 1975 612 2063 composita
626 1997 676 2055 rc,
693 1992 730 2038 ut
743 1974 785 2038 ad
797 1976 953 2039 Bernicen
968 1972 1039 2063 (Ep

125 2075 239 2139 dulum
256 2079 319 2163 est)
333 2077 507 2163 appellanti
523 2093 740 2140 occurrerent.
754 2077 803 2140 lbi
816 2075 1034 2165 egredientem

124 2201 199 2241 eum
217 2177 420 2265 quingentis,
435 2200 517 2262 quos
530 2178 684 2257 babebat,
696 2179 869 2259 militibus,
882 2178 1039 2242 Androni(

123 2280 185 2366 pit,
209 2279 357 2364 regisque
373 2276 565 2364 appellatum
583 2277 732 2357 nomine,
750 2278 842 2356 cujus
856 2295 888 2339 et
903 2278 1039 2342 babitun

123 2394 246 2468 pserat,
263 2376 443 2441 honorifico
462 2399 536 2441 cum
554 2379 620 2441 suis
639 2377 796 2442 comitatu
812 2375 1002 2444 deducebat.

166 2481 239 2543 VII.
258 2480 386 2560 Menas,
403 2479 616 2566 ignorantiam
632 2495 872 2559 anteactorum,
891 2496 924 2543 et
943 2496 1032 2557 tum,

122 2582 243 2663 subita,
258 2580 534 2669 perturbationem
546 2580 710 2661 simulans,
725 2579 864 2643 accurrit
876 2579 918 2642 ad
934 2602 1039 2662 suos,‹

124 2683 214 2771 quasi
230 2706 288 2770 per
305 2681 534 2770 indignationis
552 2697 666 2745 aestum
685 2697 804 2744 temere
827 2681 954 2764 effluis,
972 2704 1038 2771 apo

123 2785 324 2875 «agendum,
340 2784 464 2873 inquit,
483 2783 624 2848 milites?
640 2805 746 2870 neque
762 2783 848 2847 enim
866 2783 943 2846 levis
966 2799 1039 2848 est«

122 2918 135 2942 «
146 2888 211 2967 ti03
227 2886 284 2951 sed
298 2909 338 2950 ex
353 2887 445 2967 cujus
460 2901 579 2949 eventu
589 2884 671 2948 salus
685 2899 794 2948 nostra
812 2899 1039 2973 nostrorumqu

122 3021 135 3044 «
146 3005 232 3053 ninae
248 3010 361 3053 omnes
377 2986 549 3075 pendeant.
567 2988 656 3050 Inter
668 2985 751 3050 duos
765 3009 855 3075 reges
870 2986 1039 3065 judicamu

121 3121 134 3146 «
144 3090 262 3155 deinde
274 3089 395 3169 judicio
407 3090 479 3152 vitae
492 3087 643 3174 necisque
657 3103 774 3151 nostrae
788 3103 978 3175 potestatem
995 3111 1039 3178 pe:

123 3222 136 3246 «
148 3190 335 3254 fortunasit.
350 3189 432 3253 Nam
444 3189 477 3251 in
489 3189 554 3251 boc
569 3211 637 3251 uno
652 3189 757 3252 omnis
768 3190 892 3252 consilii
905 3191 1039 3279 nostrip

124 3291 292 3369 «vertitur,
304 3305 342 3352 ut
359 3289 443 3352 illius
463 3289 496 3351 in
513 3289 656 3376 partibus
668 3290 888 3371 inveniamur,
908 3293 1000 3372 cujus
1014 3292 1039 3356 it

121 3388 352 3475 «approbaturi
374 3386 419 3450 dii
435 3404 520 3452 sunt.
538 3390 619 3452 Sane
642 3391 714 3476 quis
739 3408 871 3456 eventus
891 3395 1011 3483 negotii
1033 3416 1039 3457 s

123 3520 136 3545 ι
146 3511 217 3569 rus,
232 3511 298 3551 non
315 3486 444 3552 aliunde
455 3490 591 3571 rectius,
605 3513 702 3577 quam
715 3515 753 3554 ex
767 3492 936 3580 utriusque
949 3515 1039 3582 comp

122 3589 348 3677 «intelligetur.
368 3590 406 3652 ln
428 3590 542 3653 itinere
560 3609 672 3656 nostro
687 3594 814 3673 juvenis
832 3610 896 3674 est3
911 3593 1001 3657 domi
1022 3617 1038 3658 s

123 3719 137 3744 «ι
148 3712 229 3753 nex:
247 3689 301 3752 ille
315 3712 407 3754 carus
420 3691 581 3779 Bithynis;
598 3693 651 3758 bic
662 3716 797 3759 exosus:
812 3717 905 3759 carus
921 3712 953 3759 et
965 3711 1039 3760 exte:

109 3790 185 3865 «de
201 3792 354 3855 Romanis
371 3792 475 3875 scitis3
496 3796 588 3857 Attali
606 3797 746 3883 legatum
763 3796 990 3861 Andronicum
1004 3797 1039 3878 ja

122 3892 310 3955 «satellitem
336 3892 522 3957 Nicomedis
551 3895 685 3976 videtis,
713 3920 780 3960 non
811 3898 951 3962 obscuro
977 3920 1039 3988 argi

121 3992 306 4080 «quidquid
319 3994 382 4057 hoe
396 4009 459 4075 est,
478 3996 619 4059 consiliis
634 3997 729 4060 Attali
751 3999 833 4086 geri,
852 3997 1039 4086 gerundum«

120 4125 133 4150 «
145 4096 285 4174 viribus,
300 4117 378 4182 quas
391 4111 423 4160 et
437 4119 568 4185 magnas
581 4097 698 4178 habet,
711 4099 771 4162 late
787 4100 967 4187 imperans,
982 4114 1015 4164 et
1029 4123 1039 4162 t

121 4218 216 4275 «nas,
237 4195 393 4284 Bithyniae
415 4198 605 4281 imminens;
628 4215 661 4262 et
680 4199 862 4288 promptas,
886 4222 926 4265 ex
949 4215 1039 4266 veter

120 4297 289 4361 «Prusiam
309 4298 352 4362 ob
369 4299 534 4387 superiora
550 4297 633 4364 bella
648 4299 734 4365 odio.

156 4493 172 4558 S
183 4496 227 4544 Vl.
238 4495 328 4546 lustin.
342 4496 466 4553 xxm,
478 4502 502 4550 4.
515 4521 549 4532 -
560 4495 641 4544 strab.
652 4496 695 4545 lib.
705 4498 777 4545 xm.
787 4524 822 4535 --
830 4497 938 4563 Appiae.
