2594 4980
132 749 198 815 JO.
220 750 246 815 F
252 747 423 817 REINS.·
437 749 569 817 SUPP.
591 747 645 816 IN
670 747 782 817 LOC.
802 749 894 818 Llll.
917 751 1053 821 LXIX.
1080 752 1151 850 573

93 866 148 935 sed
158 869 339 956 praecipuus
347 868 443 930 turbo
453 870 487 932 C.
496 868 616 932 Marius
627 868 703 950 fuit3
717 873 809 949 cujus
821 870 1044 958 inexplebilem
1054 876 1153 959 sitim,

94 993 199 1058 neque
215 969 300 1032 soliti
315 969 456 1032 honores
470 970 545 1050 ulli,
564 992 670 1056 neque
685 971 807 1035 insoliti
822 972 1000 1056 satiabant,
1016 997 1083 1062 quo
1096 978 1156 1048 ini-

95 1094 155 1136 nus
172 1094 299 1159 semper
316 1070 428 1134 aridus
451 1087 483 1135 et
500 1072 611 1151 hians,
634 1072 807 1152 majorem,
830 1095 927 1159 quani
949 1075 1074 1163 legibus
1098 1093 1155 1142 aut

92 1175 260 1238 voluntate
276 1173 395 1236 civium
412 1171 545 1259 adipisci
565 1188 651 1252 erat,
665 1174 844 1259 potentiam
862 1174 1034 1243 affectaret
1052 1177 1155 1265 lgitur

94 1273 393 1340 commodissimum
412 1273 590 1337 rationibus
612 1275 677 1337 suis
694 1276 728 1339 L.
740 1275 867 1362 Apulcii
885 1276 1050 1341 Saturnini
1064 1278 1156 1367 inge,-

96 1377 187 1439 nium
199 1376 299 1463 priori
317 1374 385 1455 ejus
400 1374 567 1438 tribunatu
582 1390 749 1461 expertus,
766 1375 918 1439 eumdem
935 1377 1158 1464 magistratum

95 1476 206 1543 denuo
221 1492 384 1564 potentem
400 1473 507 1538 modis
522 1475 676 1539 omnibus
689 1474 870 1553 juvandum
886 1475 1097 1543 existimabat.

139 1578 182 1645 ll.
201 1577 357 1664 Apuleius
376 1576 464 1639 enirn
479 1597 548 1639 non
565 1575 664 1640 modo
684 1577 725 1656 Q.
740 1576 923 1656 Metellum,
940 1598 1045 1665 aquo
1062 1594 1157 1643 nota·

98 1694 150 1743 tus
166 1698 299 1742 censore
317 1679 436 1755 fuerat,
452 1675 593 1741 babebat
608 1675 704 1756 odio,
720 1674 777 1739 sed
793 1693 861 1741 erat
875 1677 1011 1743 omnino
1032 1679 1160 1747 senatui

97 1779 141 1843 ob
154 1775 342 1859 hujusmodi
354 1798 481 1841 censam
495 1776 731 1840 infestissimus.
747 1778 818 1861 llex⁴
828 1777 926 1843 Ponti
940 1779 1157 1867 Mithridates,

98 1902 201 1968 quum
221 1879 283 1945 sibi
306 1877 387 1943 nihil
414 1900 481 1941 non
505 1876 681 1941 effecturus
701 1892 774 1940 tuto
792 1877 974 1960 videretur,
999 1881 1026 1943 si
1049 1881 1158 1947 Patres

97 1980 289 2047 muneribus
302 1980 523 2067 propitiasset,
538 1980 659 2068 legatos
676 1986 751 2041 cun'i
765 2001 881 2067 magna
891 1979 1077 2067 vipecuniae
1089 1983 1158 2047 llo·

98 2106 185 2146 mam
201 2082 339 2146 miserat.
363 2081 409 2144 Ea
427 2103 478 2144 res
494 2079 552 2144 ubi
572 2079 700 2167 cognita
721 2080 897 2144 Saturnino
918 2097 982 2162 est,
998 2082 1064 2161 jam
1087 2098 1159 2148 tunt

99 2198 230 2248 senatus
252 2182 402 2247 inimicus
427 2197 460 2245 et
483 2181 698 2262 obtrectator,
722 2202 798 2243 cum
822 2203 937 2269 magna
961 2184 1161 2248 contumelia

99 2284 299 2372 principum,
315 2284 437 2374 legatos
450 2281 757 2372 ignominiosissime
772 2281 906 2369 accepit.
919 2282 970 2346 llli
982 2304 1001 2345 a
1012 2282 1162 2349 Patribus

100 2384 210 2449 omnia
228 2384 376 2472 pollicitis
390 2384 539 2464 animati,
555 2399 706 2448 accusato
724 2383 916 2463 Saturnino,
933 2385 982 2446 nti
993 2383 1164 2475 dei'njiirii'i

98 2488 161 2550 suis
178 2499 431 2573 cognosceretur,
449 2485 664 2573 postularunt.
1145 2552 1151 2561 ,

143 2587 205 2652 111.
225 2586 309 2676 Lege
324 2586 455 2650 Servilia
472 2585 514 2649 de
532 2585 635 2649 causis
658 2585 722 2648 hoc
736 2605 841 2672 genus
856 2599 1020 2649 senatores
1034 2586 1163 2665 judica·

101 2687 180 2751 bant
190 2711 198 2751 ι
209 2708 311 2774 quum
328 2685 428 2775 igitur
441 2701 474 2747 et
483 2686 604 2747 factum
617 2698 710 2747 atrox
723 2699 806 2747 esset
822 2684 967 2771 (semper
975 2686 1064 2753 enini
1075 2686 1164 2775 apud

101 2787 265 2849 Romanos
280 2799 428 2847 sanctum
444 2782 593 2846 habitum
606 2781 659 2861 jus
680 2782 848 2870 legationis
864 2784 1004 2872 fuerat),
1021 2803 1055 2851 et
1073 2787 1162 2868 judi·

102 2907 155 2949 ces
173 2908 264 2950 reum
286 2883 448 2965 odissent,
463 2884 498 2947 in
519 2883 671 2964 maximas
684 2883 847 2970 angustias
863 2902 1033 2973 metusque
1050 2891 1161 2970 conje-

103 3003 174 3050 ctus
190 2986 343 3075 Apuleius
364 3000 421 3050 eet.
443 2983 568 3049 ldcirco
590 2983 742 3072 gravitate
761 2984 895 3071 periculi
913 2984 1070 3053 demissos
1091 2992 1163 3055 ani·

104 3111 174 3152 mos
188 3110 314 3178 gerens,
326 3086 366 3151 ad
375 3107 584 3151 communem
599 3084 780 3148 infelicibus
793 3086 1019 3153 misericordie
1030 3108 1163 3179 portum

104 3190 338 3280 confugiebat,
351 3186 534 3253 sordidatus
556 3185 776 3274 promissaque
796 3186 895 3250 barba
913 3204 1013 3253 coetus
1029 3190 1163 3275 obiens,

104 3310 147 3375 et,
163 3292 300 3381 genibus
310 3291 483 3355 hominum
498 3286 693 3368 accidendo,
709 3287 943 3375 prehendendo
958 3313 1091 3374 manus,
1107 3292 1165 3359 ob·

105 3391 253 3456 testando
276 3414 351 3455 cum
373 3389 538 3478 lacrymis,
559 3388 641 3452 nihil
658 3389 922 3476 praetermittebat
940 3413 1070 3475 eorum,
1090 3416 1163 3482 quse

104 3493 139 3554 in
156 3492 272 3554 ultimo
288 3492 404 3555 timore
417 3489 484 3554 fieri
500 3513 518 3552 a
535 3489 788 3577 periclitantibus
800 3489 863 3554 reis
879 3512 1143 3561 consueverunt·-

149 3594 205 3657 lv.
222 3592 312 3656 Plebi
324 3593 482 3681 praecipue
495 3593 630 3656 salutem
648 3612 738 3654 suam
752 3592 1019 3675 commendabat,
1032 3598 1168 3684 opprimi

106 3714 194 3755 suam
205 3695 412 3755 innocentiam
425 3694 545 3757 invi‘diii
561 3706 593 3755 et
607 3692 834 3778 conspiratione
849 3693 981 3757 Patriam
993 3693 1162 3762 dictitans:

105 3816 170 3859 non
186 3794 226 3857 ob
239 3790 348 3871 alind,
367 3816 463 3881 quam
478 3792 566 3881 quod
576 3790 809 3856 commodorum
818 3791 919 3879 plebis
932 3794 1165 3861 indiosasimis

107 3917 222 3982 semper
229 3891 349 3980 fuisset
366 3916 378 3954 .·
398 3915 495 3981 neque
514 3915 596 3981 spem
613 3890 714 3955 ullam
733 3893 765 3954 in
784 3891 934 3978 religione
947 3895 1165 3983 judicantium

108 4019 184 4075 esse,
202 3994 323 4058 eosdem
340 3995 480 4057 i'ni'ini‘eos
497 4007 527 4057 et
541 4006 751 4069 animatores,
773 4001 804 4055 et
813 3991 938 4080 judiees
954 3994 1092 4059 babenti.
1112 3995 1166 4060 Sic

108 4097 271 4186 occupatis
291 4095 486 4180 irritatisque
507 4093 596 4181 vulgi
614 4093 744 4173 animis,
762 4114 864 4180 quum
886 4090 938 4156 die
956 4092 1165 4161 ferendorum

110 4199 337 4288 suffragiorum
360 4194 484 4258 infinita
498 4192 670 4257 bominum
688 4191 786 4255 millia
802 4191 1013 4271 adjudicium
1026 4217 1165 4259 concur·

146 4410 161 4474 S
172 4414 191 4459 1.
201 4412 234 4458 U.
243 4410 271 4457 C.
284 4410 349 4466 6513
363 4407 394 4456 A.
403 4407 431 4455 C.
443 4420 500 4455 ior.
511 4432 547 4442 -
560 4403 627 4453 Plnt.
636 4402 663 4451 in
673 4404 779 4451 blen-
789 4403 842 4452 Lir.
854 4403 920 4468 Epir.
931 4428 966 4439 —-
974 4406 1051 4469 Supra
1061 4405 1168 4469 nxvn,

112 4492 157 4550 63,
169 4504 193 4540 et
206 4494 311 4541 vaui
318 4529 325 4553 ,
339 4493 382 4551 34.
397 4518 432 4528 -
445 4488 461 4554 S
472 4492 506 4539 11.
519 4486 623 4537 Diodes.
635 4486 702 4553 tpnd
714 4486 783 4534 inlr.
793 4486 880 4535 llrein.

210 4590 268 4654 IX.
957 4579 1000 4673 37
