2594 4980
131 666 199 752 342
306 627 372 737 ro.
400 673 739 740 ruarusuauu
767 671 1010 740 surenam.

173 792 303 855 LXXV.
328 793 394 855 Nec
410 793 519 880 iniqua
536 795 701 875 Patribus,
716 816 821 881 neque
834 795 970 882 tempori
984 816 1096 880 parum
1112 816 1191 858 con·

127 896 260 958 veniens
278 896 380 956 oratio
402 896 485 974 visa;
510 897 689 983 consulque
711 897 746 959 C.
766 896 974 982 Sempronius
995 917 1190 983 cognoscere

128 1018 238 1060 causas
258 1020 478 1083 possessorum
499 998 606 1077 jussus
626 1015 685 1061 est.
703 996 764 1062 Sed
785 996 981 1070 imbecillum
1004 997 1067 1059 hoc
1085 1020 1190 1059 reme·

128 1096 237 1178 dium,
252 1115 284 1161 et
299 1099 431 1160 minime
444 1099 588 1162 diuturni
602 1121 696 1181 usus,
711 1099 929 1186 tergiversatio
943 1097 1084 1160 consulis
1096 1098 1188 1160 fecit:

127 1200 183 1286 qui
209 1200 321 1287 primis
347 1201 452 1263 statim
477 1201 704 1287 experimentis
730 1200 887 1264 intellecta
914 1197 1103 1262 difficultate
1124 1199 1190 1280 rei,

128 1316 286 1389 praetextu
304 1300 415 1388 illyrici
431 1302 519 1381 belli,
534 1301 622 1388 quod
637 1302 696 1366 sibi
712 1301 878 1366 decretum
891 1301 931 1363 ab
943 1318 1056 1363 senatu
1069 1302 1190 1381 fuerat,

127 1399 297 1489 paludatus
314 1402 354 1462 ab
372 1402 458 1464 Urbe
475 1405 638 1490 proiectus
657 1420 715 1467 est.
732 1404 843 1484 Quum
861 1403 905 1465 ita
921 1418 986 1465 tota
1004 1425 1055 1465 res
1068 1402 1190 1491 agraria

127 1501 287 1563 refrixisse
309 1501 492 1584 videretur,
519 1505 592 1590 quia
618 1504 776 1568 triumviri
804 1504 933 1573 lerose
962 1503 1189 1585 abstinebant,

127 1602 258 1681 consul,
272 1603 364 1680 cujus
379 1627 416 1666 ea
433 1606 575 1693 cognitio
592 1629 660 1670 esse
675 1605 829 1686 debebat,
844 1605 970 1668 aberat:
986 1627 1191 1668 murmurare

126 1719 239 1767 contra
251 1705 435 1792 Scipionem
448 1707 537 1795 plebs
549 1709 662 1796 coepit,
677 1707 766 1795 quod
778 1731 796 1770 a
808 1731 842 1772 se
856 1722 1006 1786 ornatus,
1018 1706 1067 1769 bis
1080 1706 1191 1770 oblato

126 1821 238 1867 contra
261 1806 345 1895 leges
370 1809 558 1889 consulatu,
575 1810 675 1900 magis
695 1825 801 1872 tamen
823 1809 1006 1889 sociorum,
1024 1830 1121 1894 quam
1142 1808 1190 1871 ci·

127 1907 215 1969 vium
235 1909 362 1972 utilitati
380 1910 533 1974 studeret.

171 2010 316 2074 LXXVI.
340 2011 370 2072 N
372 2035 414 2073 on
428 2014 608 2075 omiserunt
619 2033 689 2074 eam
700 2009 851 2074 turbandi
863 2008 1065 2072 occasionem
1075 2008 1192 2072 trium-

126 2109 203 2189 viri,
219 2112 297 2197 quin
313 2136 402 2176 nunc
420 2111 606 2200 spargendis
621 2113 655 2175 in
672 2112 805 2200 vulgum
820 2109 1025 2190 rumoribus,
1042 2109 1105 2172 hoc
1120 2109 1189 2198 agi,

127 2227 166 2273 ut
185 2215 281 2276 armis
302 2231 398 2300 atque
420 2217 449 2276 vi
475 2218 522 2277 lex
545 2214 736 2302 abrogetur,
756 2237 845 2277 nunc
868 2213 1132 2277 contentionibus
1154 2213 1189 2275 in

127 2331 256 2389 senatu,
268 2316 302 2377 in
316 2318 396 2395 foro,
411 2317 566 2402 Scipioni,
580 2332 732 2402 quantam
743 2329 888 2401 possent,
900 2313 1052 2375 invidiam
1065 2309 1192 2375 odium·

128 2437 191 2501 que
214 2415 409 2479 conflarent:
427 2441 466 2479 eo
489 2417 668 2480 acerbitatis
688 2433 843 2504 provecto
863 2415 1054 2495 certamine,
1072 2429 1109 2476 ut
1131 2435 1189 2499 pa·

127 2515 189 2578 lam
213 2519 396 2580 exclamarit
420 2519 601 2600 Gracchus,
618 2516 690 2579 tolli
708 2532 876 2599 brunnum
901 2531 1050 2604 oportere.
1075 2515 1189 2597 Quum

125 2615 242 2702 Scipio,
251 2619 368 2680 «Recte
380 2620 443 2681 hoc
455 2619 586 2706 quidem
596 2619 736 2706 ,inquit3
751 2642 826 2681 nam
838 2618 946 2681 hostes
959 2619 1066 2706 patriae
1077 2634 1189 2704 optare

127 2737 295 2781 «mortem
324 2743 429 2781 meam
458 2721 597 2801 debent,
626 2721 702 2808 quia
724 2720 977 2806 sciunt,⁷neque
995 2741 1047 2781 me
1066 2719 1188 2798 vivere,

127 2847 139 2873 ι
157 2818 217 2879 nisi
235 2820 397 2905 republica
415 2822 587 2902 incolumi,
602 2844 713 2909 posse,
731 2844 836 2909 neque
853 2844 904 2884 me
921 2822 995 2884 vivo
1010 2819 1188 2907 rempubli-

126 2948 139 2972 ιι
157 2942 225 2982 cam
245 2921 413 2985 defensore
435 2925 617 2987 carituram.
632 2955 645 2978 ι)
663 2922 762 3004 Quod
781 2945 847 2985 non
871 2919 1127 3009 magnificentius
1147 2918 1188 2982 ab

127 3041 185 3100 en,
203 3046 299 3108 quam
317 3025 422 3086 verius
441 3025 563 3086 dictum
581 3040 715 3112 putant3
735 3047 836 3110 quum
858 3038 967 3085 tantus
989 3022 1057 3101 ejus
1077 3020 1137 3083 viri
1156 3036 1189 3084 et

126 3122 217 3209 vigor
238 3143 336 3207 esset,
355 3143 386 3188 et
405 3126 585 3188 moderatio
604 3149 641 3188 ac
660 3127 791 3205 lenitas,
808 3141 845 3187 ut
866 3125 921 3187 illo
940 3122 1061 3211 sospite
1081 3144 1189 3209 neque

126 3225 241 3286 sociale
259 3228 397 3303 bellum,
415 3250 520 3312 neque
537 3227 646 3306 civile,
662 3224 844 3288 timendum
863 3226 960 3288 fuisse
976 3224 1187 3287 existimetur.

168 3325 331 3388 LXXVII.
357 3330 398 3389 At
417 3350 482 3410 quo
502 3327 601 3414 nurgis
626 3328 717 3389 furor
739 3327 944 3388 inimicorum
966 3323 1188 3388 inflammaba-

126 3441 195 3500 tur,
211 3448 250 3487 eo
264 3426 399 3487 validior
413 3409 688 3513 liebat'acriorque
703 3427 789 3515 apud
803 3429 943 3514 reliquos
958 3428 1064 3490 favor:
1080 3449 1188 3513 neque

126 3524 263 3587 dubium
285 3527 479 3606 habebatur,
498 3529 577 3613 quin
598 3527 734 3591 dictator
751 3528 985 3592 constituendae
1002 3527 1188 3613 reipublicae

126 3648 219 3687 causa
243 3627 400 3689 creandus
423 3629 529 3715 Scipio
553 3630 645 3692 foret.
669 3629 731 3692 Sed
754 3630 804 3693 his
822 3630 963 3693 consiliis
986 3627 1187 3692 novemdiale

126 3749 250 3794 sacrum
271 3729 460 3811 intervenit,
479 3732 552 3817 quia
567 3731 677 3794 multis
688 3732 766 3795 locis
780 3730 956 3819 lapidatum
971 3731 1011 3794 de
1027 3731 1104 3794 caelo
1118 3729 1188 3793 fue·

126 3844 190 3907 rat,
209 3830 391 3916 templaque
409 3856 558 3917 percussa
576 3833 729 3908 deorum,
745 3850 777 3896 et
798 3834 948 3895 homiues
963 3832 1093 3919 quidam
1111 3853 1185 3895 exa·

125 3931 247 3992 nimati.
265 3932 353 3993 Soles
374 3935 467 3995 etiam
488 3934 604 4021 gemini
620 3934 715 3996 simul
732 3933 790 3996 visi
811 3933 958 4021 prodigio
977 3946 1184 3996 accesserant.

168 4031 345 4094 Lxxvlfl.
370 4033 508 4096 Peractis
525 4035 631 4117 feriis,-
646 4035 818 4099 certamina
832 4052 995 4122 resumpta
1013 4058 1020 4098 :
1037 4056 1103 4097 non
1118 4033 1185 4113 jam

157 4257 172 4315 5
186 4257 287 4303 LXXV.
297 4256 418 4303 Plutarch.
433 4258 658 4315 in(1.t;racoho,c.
670 4273 692 4306 ι.
703 4260 852 4323 —Appiau
864 4287 899 4295 —
910 4258 925 4323 S
935 4261 1050 4308 Lxxvl.
1061 4259 1183 4308 Plutarch.

124 4338 224 4400 Apoph.
236 4341 307 4386 Rom.
322 4357 343 4385 c.
357 4342 399 4387 26.
415 4368 448 4376 -
461 4344 531 4388 Oros.
542 4344 573 4398 V,
591 4357 630 4390 to.
641 4369 675 4378 -
686 4342 737 4389 Cic.
748 4359 794 4406 pro
808 4345 923 4400 Murena,
938 4361 959 4390 c.
972 4345 1013 4399 31,
1025 4355 1048 4390 et
1061 4344 1086 4390 iu
1098 4346 1183 4392 Somn.

123 4422 191 4484 Scip.
202 4423 264 4469 idem
279 4425 309 4470 ad
322 4428 352 4492 Q,
367 4427 433 4473 fratr.
448 4429 497 4484 lll,
508 4427 531 4484 5,
545 4437 568 4473 et
579 4426 610 4472 de
621 4425 678 4475 Nat.
689 4427 763 4474 Deor.
777 4428 812 4485 11,
827 4427 852 4472 5.
863 4454 897 4464 -
905 4426 1011 4474 Diodor.
1022 4443 1060 4490 ap.
1066 4427 1146 4474 Valet.
