2594 4980
147 759 216 832 556
319 765 388 830 IO.
415 766 751 836 FREINSHEMII
783 766 1026 835 SUPPLEM.

189 886 309 950 XXXI.
336 885 397 949 Sed
421 901 452 946 et
475 886 584 948 hostes
609 902 725 950 terram
744 885 1009 966 Massiliensium,
1027 907 1123 973 quam
1138 887 1207 950 vivi

144 1002 358 1063 vastaverant,
376 988 494 1048 mortui
513 1009 630 1075 magno
646 987 824 1052 affecerunt
840 986 1033 1051 commodo:
1045 1008 1208 1063 namossa

143 1088 177 1149 in
196 1110 286 1173 sepes
304 1088 469 1150 vinearum
485 1112 592 1168 versa,
607 1089 682 1152 tabo
696 1088 841 1152 carnium
856 1087 897 1150 ita
914 1086 1119 1176 pinguefacta
1130 1111 1206 1153 arva

145 1204 239 1268 sunt,
259 1204 296 1250 ut
315 1211 481 1275 nunquam
501 1191 628 1279 largiori
646 1206 752 1279 segete
767 1189 1009 1253 luxuriaverint.
1025 1190 1205 1255 Tantarum

144 1310 253 1350 rerum
280 1289 433 1367 laetitiam,
450 1291 536 1353 velut
560 1290 601 1355 de
622 1289 781 1355 industria
796 1312 965 1378 prosperas
983 1312 1034 1355 res
1049 1313 1206 1356 accumu-

145 1388 231 1450 lante
247 1388 396 1469 fortuna,
414 1414 503 1453 novae
520 1390 658 1456 subinde
675 1413 777 1456 causae
793 1389 1008 1480 duplicarunt„
1027 1394 1205 1458 Armorum

146 1489 311 1552 hostilium
328 1492 590 1578 splendidissimis
605 1492 833 1580 triumphalem
847 1491 888 1556 ad
900 1514 1052 1582 pompam
1063 1515 1206 1558 reserva·

148 1592 206 1670 tis,
221 1608 334 1654 caetera
352 1616 492 1655 cremare
508 1594 568 1657 diis
583 1594 687 1658 victor
704 1593 925 1669 constituerat.

191 1694 329 1756 XXXII.
360 1696 477 1783 Magno
505 1694 658 1759 sacrificio
685 1695 866 1774 instructo,
892 1693 1053 1757 laureatus
1078 1694 1203 1759 circum

146 1797 303 1858 exercitus
316 1797 417 1858 stabat
433 1820 439 1858 :
456 1798 541 1883 ipse,
558 1796 599 1860 de
615 1818 705 1860 more
722 1810 849 1883 sumpta
864 1809 1028 1882 praetexta,
1042 1793 1205 1859 incinctus

146 1896 256 1958 cinctu
273 1898 408 1983 gabino,
424 1899 524 1961 facem
540 1920 705 1963 accensam
722 1895 937 1984 corripuerat,
951 1895 1081 1983 jamque
1094 1894 1206 1960 anaba·

146 1996 210 2061 bus
225 1999 373 2062 manibus
389 2002 501 2062 elatam
520 2001 552 2062 in
566 2001 678 2063 caelum
690 2021 770 2087 rogo
784 1996 915 2084 parabat
932 1994 1085 2076 subdere,
1099 2017 1204 2083 quum

146 2117 348 2162 accurrentes
371 2103 474 2164 citatis
492 2103 583 2188 equis
605 2101 698 2165 amici
722 2121 846 2163 moram
868 2098 1205 2187 exspectationemque

147 2200 270 2286 stipsi,
291 2218 323 2263 et
345 2204 464 2265 caeteris
485 2203 675 2281 injecerunt.
700 2201 763 2267 Sed
788 2224 891 2289 quum
916 2198 958 2263 ad
975 2201 1205 2288 imperatorem

144 2302 322 2380 venissent,
335 2303 514 2367 desilientes
526 2305 616 2392 equis
629 2302 756 2368 decreta
765 2318 894 2366 senatus
905 2301 1071 2382 nuntiant,
1083 2301 1206 2367 literas·

146 2424 210 2487 que
229 2404 415 2491 porrigunt,
433 2406 551 2491 quibus
568 2428 604 2468 ea
620 2404 909 2493 perscribebantur.

191 2504 343 2568 XXXIII.
365 2506 493 2585 Quibus
506 2507 613 2587 lectis,
626 2505 766 2585 Marius,
776 2504 905 2592 quando
917 2506 962 2566 ita
972 2506 1205 2592 sartctttu'popu·¹

145 2602 237 2690 loque
253 2629 383 2667 romano
396 2610 497 2670 visum
515 2621 606 2686 esset,
624 2606 711 2695 quod
720 2603 814 2695 felte
820 2603 1030 2694 faustumque
1047 2604 1205 2692 dti’face·

144 2720 229 2782 rent,
251 2707 446 2770 consulatum
469 2733 498 2770 se
523 2711 678 2795 accipiere,
698 2708 761 2789 ait3
784 2707 974 2794 triumphum
1000 2706 1047 2792 (is
1070 2729 1204 2795 quoque

146 2804 294 2869 decretus
312 2808 432 2893 luerat)
446 2809 685 2888 celebraturum,
701 2809 755 2872 ubi
765 2807 888 2896 reb'quis
896 2808 1109 2871 Barbarorum
1121 2807 1205 2872 dele-

144 2911 184 2969 tis
198 2913 293 2991 copiis
309 2913 475 2972 victoriam
493 2925 742 2974 consummasset.
763 2909 879 2997 Magna
900 2908 1046 2972 omnium
1062 2907 1204 2972 admira-

146 3010 235 3071 tione
246 3029 374 3099 excepta
387 3037 447 3073 vox
460 3029 523 3092 est,
539 3034 610 3098 quae
624 3012 728 3098 prima
739 3012 823 3074 inter
832 3011 980 3073 homines
994 3010 1203 3093 haberentur,

145 3111 382 3196 propemodum
400 3114 612 3198 contemptim
628 3110 828 3176 differentis:
843 3112 944 3191 major
956 3110 1072 3174 deinde
1084 3110 1205 3205 fiducia

143 3210 230 3295 cepit
239 3212 379 3291 animos,
392 3214 523 3274 minime
536 3211 667 3298 quidem
682 3214 841 3276 lucturum
854 3212 950 3274 fuisse
960 3211 1203 3294 arbitrantium,

145 3311 205 3371 nisi
225 3329 280 3374 ant
294 3315 426 3390 virtute,
444 3330 499 3374 aut
518 3313 654 3375 deorum
673 3313 798 3376 monitu
815 3313 926 3393 fretus,
944 3327 1062 3376 certam
1082 3311 1143 3376 sibi
1160 3313 1204 3378 de

145 3411 283 3474 Cimbris
299 3437 430 3498 quoqne
447 3414 611 3476 victoriam
627 3413 837 3500 promitteret.

190 3512 340 3575 XXXIV.
357 3513 433 3574 Post
444 3514 511 3575 haec
524 3515 608 3576 inter
619 3514 767 3601 plausum
778 3515 952 3595 exercitus,
966 3516 1204 3605 strepitumque

143 3634 326 3690 armorum,
344 3616 456 3676 consul
474 3616 570 3678 altera
585 3638 716 3703 quoque
731 3616 854 3698 laurea,
871 3617 980 3706 legatis
997 3634 1124 3682 senatus
1142 3618 1205 3683 im·

144 3716 356 3801 ponentibus,
378 3717 528 3798 decorus,
548 3720 649 3782 facem
671 3717 817 3782 subdidit
833 3718 922 3782 victis
943 3719 1056 3800 armis,
1079 3718 1203 3785 sacrifi·

144 3817 296 3903 ciumqne
318 3821 447 3908 peregit.
475 3823 604 3884 Circum
629 3821 697 3884 hec
717 3834 863 3906 tempora
884 3820 1023 3884 lustrum
1049 3835 1203 3908 quartum
1271 3860 1274 3865 ·

142 3936 238 4007 atque
252 3922 483 4008 sexagesimum
506 3921 572 3985 duo
592 3921 712 3986 Metelli
727 3922 839 3986 fratres
861 3923 1019 4009 patrueles
1033 3922 1203 4004 lecerunt,

144 4022 184 4100 Q.
197 4021 387 4084 Numidicus
407 4024 439 4084 L.
452 4025 484 4084 F.
499 4039 530 4085 et
543 4026 578 4086 C.
591 4023 760 4111 Caprarius
774 4024 815 4104 Q.
827 4023 863 4088 1².
879 4046 1037 4088 censores.
1052 4025 1205 4111 Inquieta

142 4121 210 4184 haec
227 4141 259 4186 et
275 4124 447 4186 severitatis
464 4140 561 4210 atque
575 4124 727 4190 vitiorum
741 4121 894 4188 conflictu
911 4122 1047 4188 difficilis
1064 4145 1204 4223 censura

142 4221 215 4286 fnit.

177 4423 192 4487 S
208 4426 316 4473 XXXII.
329 4429 380 4475 Liv.
395 4428 460 4492 Epit.
470 4429 544 4485 VIII,
554 4442 580 4489 9,
591 4439 617 4477 et
626 4430 667 4486 X,
682 4444 708 4489 7.
722 4455 757 4467 -
770 4428 786 4493 S
800 4429 921 4478 XXXIV.
932 4427 1017 4491 Slgon.
1026 4429 1204 4479 commentia

146 4509 204 4554 I‘ast.
221 4536 253 4544 -
268 4509 335 4571 Piglr.
346 4511 434 4559 Annal.
446 4539 478 4548 -
489 4511 597 4575 Appiae.
607 4511 661 4561 Cir·
669 4514 690 4561 l.
699 4512 804 4562 -Vell
816 4514 855 4573 11,
866 4512 889 4560 θ.
899 4537 935 4552 -·
947 4511 999 4561 Cic·
1007 4527 1034 4577 p.
1045 4512 1114 4562 Sext.
1123 4527 1148 4562 c.
1159 4521 1203 4577 ἀς.
