2594 4980
124 726 194 798 238
297 728 364 794 JO.
394 724 733 793 FREINSHEMII
765 720 1009 791 SUPPLEM.

157 864 203 899 rex
215 844 315 915 Syria,
332 842 423 896 decem
437 862 522 899 anuos
535 840 680 896 admodum
693 841 813 905 babens,
829 838 1164 915 aDiodoto,qni1l·5pln

158 927 408 1001 cognominabatur,
426 938 512 980 tutore
526 946 591 989 suo,
603 945 651 998 per
664 924 786 979 fraudem
798 925 903 979 occisus
915 934 974 988 ας
989 926 1115 997 nonuplis
1123 944 1165 981 na·

158 1012 238 1076 dicis,
253 1013 315 1085 qui,
329 1031 391 1065 eum
411 1011 506 1064 calculi
523 1011 617 1064 dolore
630 1011 751 1065 consumi
759 1046 769 1074 ,
788 1007 824 1063 ad
842 1008 975 1081 populun
989 1010 1106 1077 mentiti,
1116 1006 1165 1063 dn

158 1107 263 1159 secant,
277 1094 440 1149 occiderunt.

122 1333 149 1396 1.
170 1288 397 1394 Aaronem
420 1326 604 1391 numantini
626 1325 753 1393 foederis
774 1326 961 1407 mentione,
981 1348 1087 1414 quum
1100 1325 1164 1391 ulte·

121 1433 189 1496 rius
201 1431 311 1493 bellari
324 1429 472 1492 Patribus
485 1428 670 1517 placuisset,
684 1427 789 1492 acrior
798 1426 962 1516 diligentia
971 1424 1164 1517 praeparandi,

120 1555 192 1621 quae
220 1531 261 1596 ad
289 1530 408 1593 bellum
436 1528 652 1617 pertinerent,
681 1526 748 1592 duo
775 1548 912 1616 magna,
938 1524 999 1591 sed
1025 1524 1164 1591 diuinils

119 1632 211 1697 valde
227 1631 364 1718 exempli
379 1629 575 1694 documenta
591 1630 731 1718 peperit,
749 1650 852 1717 quum
867 1630 972 1693 altero
992 1650 1062 1693 non
1080 1627 1165 1693 11111111

120 1735 222 1799 everti
239 1734 362 1796 urbana
379 1731 563 1819 disciplina,
585 1753 682 1819 quam
702 1733 804 1795 altero
822 1730 957 1794 stabiliri
976 1730 1118 1795 militaria
1130 1727 1165 1791 ri·

121 1835 261 1899 deretur.
282 1834 319 1898 P.
336 1834 485 1922 Scipione
497 1831 626 1914 Nasica,
641 1833 681 1896 D.
692 1833 790 1897 Junio
803 1833 904 1895 Bruto
921 1831 1110 1897 consulibus
1122 1827 1165 1895 ds·

50 1959 55 1970 ·
119 1938 241 2000 lectum
256 1935 469 2015 habentibus,
484 1935 517 1997 in
532 1949 709 2022 conspectu
722 1934 886 2014 tironum,
899 1932 938 1997 C.
951 1928 1164 1997 Matienuasub

121 2038 211 2103 furca
229 2038 287 2102 diu
302 2039 400 2127 virgis
419 2059 519 2101 eaesus
537 2052 603 2116 est,
622 2034 741 2099 deinde
757 2033 904 2099 sestertio
922 2054 1064 2099 nummo
1076 2032 1164 2099 venit.

119 2139 215 2203 Jussu
237 2140 443 2203 tribunorum
466 2137 568 2226 plebis
589 2134 622 2199 id
644 2138 782 2217 factum,
803 2133 889 2222 apud
913 2155 999 2221 qnos
1019 2146 1164 2199 aooutnu

120 2242 225 2305 fuerat
242 2242 422 2319 Matienus,
443 2237 534 2326 quod
554 2237 730 2301 exercitum
751 2238 786 2299 in
810 2235 965 2323 Hispania
983 2234 1164 2301 deaeraaisset·

121 2343 173 2405 Ob
194 2343 278 2405 lianc
298 2358 363 2404 tam
381 2339 541 2403 salubrem
562 2338 762 2402 severitatem
784 2360 887 2425 quum
905 2338 940 2401 in
961 2360 1020 2403 ore
1037 2336 1164 2403 omniun

121 2442 243 2506 tribuni
260 2457 381 2519 essent,
392 2439 602 2527 iniquissimis
616 2439 787 2505 adversum
802 2439 953 2504 consules
969 2434 1165 2505 contentioni·

120 2542 198 2624 bns,
215 2543 330 2631 prioris
348 2540 422 2604 l'acti
439 2540 573 2628 gloriam
592 2557 772 2629 turpavere.

163 2646 204 2710 ll.
216 2643 376 2707 Volebant
390 2665 407 2704 a
424 2643 612 2707 necessitate
626 2642 768 2707 delectus
780 2642 920 2708 eximere
930 2640 1036 2707 denos
1049 2640 1163 2731 singuli,

118 2768 201 2833 quos
227 2744 446 2833 delegissent:
471 2766 578 2831 neque
599 2744 746 2833 ignavius
769 2745 920 2809 consules
942 2744 1163 2817 renitebantur.

117 2870 216 2934 quam
233 2847 363 2910 tertium
381 2845 544 2909 decimum
560 2860 635 2909 ante
649 2868 773 2909 annum
792 2844 903 2909 eadem
920 2844 1097 2933 postulanti
1109 2842 1164 2909 ool·

116 2947 201 3035 legio
215 2948 423 3010 tribunorum
436 2947 471 3012 L.
487 2945 655 3025 Lucullus,
678 2948 715 3009 A.
728 2944 915 3009 Postumius
928 2948 1118 3013 restiterant.
1131 2945 1164 3009 tt

117 3047 202 3112 illius
216 3050 399 3113 certaminis
414 3047 524 3110 mitior
537 3061 672 3109 eventus
684 3047 767 3109 fuit:
785 3045 838 3107 hic
851 3043 892 3108 ad
905 3047 983 3110 novi
999 3061 1033 3111 et
1048 3046 1088 3111 ad
1102 3064 1162 3109 eun

115 3172 221 3236 usque
238 3148 322 3212 diem
339 3147 482 3211 inusitati
497 3146 634 3235 exempli
651 3145 824 3209 foeditatem
844 3146 1014 3211 tribunitia
1029 3144 1162 3237 praestat

115 3250 315 3337 improbitas.
331 3251 441 3330 Quum
461 3248 547 3310 enim
564 3248 777 3311 constantiam
793 3247 994 3335 optimorum
1009 3248 1161 3315 consulatu

116 3350 266 3413 homines
281 3349 550 3437 importunissimi
569 3349 718 3436 precibus
734 3348 895 3436 minisque
908 3348 966 3415 din
983 3352 1161 3415 frustrarer

117 3451 291 3529 sevissent,
310 3450 351 3513 ad
363 3464 562 3531 extremum,
583 3451 735 3515 incitante
746 3466 877 3516 caeteros
889 3452 926 3516 C.
941 3452 1104 3533 Curiatio,
1117 3468 1160 3537 qn

48 3546 54 3560 '
118 3574 156 3614 ex
174 3549 391 3614 sordidissima
413 3550 537 3640 origine
557 3549 597 3614 ad
618 3552 821 3616 tribunatum
844 3551 949 3639 plebis
972 3564 1158 3641 persanat,

115 3651 282 3715 consulem
295 3669 471 3740 utrumque
485 3651 560 3717 duci
575 3652 608 3715 in
624 3676 783 3719 carcerem
794 3653 928 3732 jussere.
937 3655 1098 3719 Dolebant
1107 3672 1158 3717 naa

114 3752 195 3817 boni
216 3752 330 3833 modo,
355 3751 411 3816 sed
433 3753 528 3817 etiam
552 3754 651 3843 vulgo
674 3754 738 3834 jam
764 3754 927 3842 plerique,
949 3769 1043 3821 tanto
1061 3748 1158 3820 sunni

66 3882 69 3887 ·
113 3854 240 3942 imperii
264 3853 440 3917 dedecore:
461 3854 517 3918 sed
539 3877 646 3943 neque
672 3856 776 3919 resisti
797 3873 1008 3922 sacrosancta
1028 3850 1156 3947 potestati

114 3970 258 4043 poterat,
282 3978 389 4041 neque
407 3979 424 4017 e
448 3952 585 4044 collegio
600 3957 790 4044 qnisquam,
813 3972 850 4021 ut
866 3957 1098 4039 intercederet,
1115 3976 1156 4018 ea·

113 4057 221 4120 orari:
244 4077 280 4118 ea
301 4055 453 4118 omnibus
476 4057 510 4119 in
531 4057 620 4145 pravi
641 4058 766 4121 consilii
783 4057 1004 4123 obstinatione.
1018 4074 1161 4123 eratcon·

114 4157 230 4221 sensio.
252 4158 295 4219 At
317 4155 430 4221 Nasica
452 4158 654 4246 Brutusque,
669 4174 707 4222 ut
721 4158 805 4222 lama
823 4175 857 4223 et
873 4160 993 4225 virtute
1012 4173 1167 4225 unacum

151 4385 166 4449 s
180 4386 200 4431 1.
219 4385 251 4432 U.
269 4386 297 4434 C.
313 4388 380 4445 6143
395 4390 425 4435 A.
441 4387 470 4435 C.
490 4388 547 4436 138.
566 4414 600 4425 -
615 4388 720 4454 Appian.
738 4390 811 4455 Hisp.
831 4416 867 4429 -
882 4391 936 4439 niv.
954 4390 1022 4455 apia.
1039 4414 1074 4427 ·-·
1089 4386 1187 4435 w

117 4470 165 4518 Str.
180 4469 225 4529 tv,
248 4484 269 4516 r.
283 4494 320 4508 -—
333 4470 348 4533 S
361 4472 394 4519 11.
409 4470 461 4520 cic.
474 4470 504 4518 de
519 4472 576 4536 Leg-
591 4472 641 4533 111,
652 4488 677 4535 9.
691 4498 727 4511 ·-
738 4473 792 4523 nv.
809 4471 877 4538 Epit.
887 4498 924 4511 ··-
936 4471 1001 4523 run.
1012 4472 1072 4529 vu,
1081 4474 1118 4525 ll·
