2594 4980
273 683 328 751 ΙΝ
360 682 475 749 LOC.
504 680 601 747 LlB.
629 676 787 746 LXVII
818 678 1046 748 LtvlaNt.
1125 676 1191 772 527

171 803 290 866 xvlll.
310 804 357 864 Ita
375 800 459 864 (luce
483 799 656 878 submoto,
678 797 719 861 de
736 797 858 860 caeteris
879 818 981 884 poenae
999 797 1091 863 facile
1104 820 1196 863 sum·

127 921 210 993 ptae:
228 902 403 992 Apollonio
425 899 504 964 fides
526 916 650 964 servata
670 915 729 963 est.
745 899 872 963 Interea
886 900 921 963 C.
939 899 1077 983 Marius,
1092 922 1196 988 quum

127 1029 165 1069 ex
198 1005 296 1067 literis
328 1002 592 1090 magistratuum,
619 998 699 1087 quid
728 998 770 1063 de
804 1021 865 1062 suo
906 1000 1079 1064 consulatu
1113 1018 1196 1067 emet

127 1123 254 1186 actum,
268 1103 489 1191 cognovisset,
505 1117 665 1165 maturata
681 1100 881 1191 profectione
899 1101 988 1164 venit
999 1102 1033 1163 in
1051 1102 1195 1168 ltaliam:

127 1223 159 1271 et
179 1205 354 1269 antediem
375 1203 525 1267 kalendas
536 1204 699 1284 januarias
716 1203 839 1266 Urbem
851 1203 954 1285 ,simul
970 1204 1192 1291 triumphans,

128 1307 225 1370 simul
234 1306 354 1394 collega
368 1307 404 1368 C.
414 1305 523 1368 Flavio
531 1305 673 1368 Fimbria
685 1305 889 1369 consulatum
903 1305 971 1368 init.
982 1308 1020 1369 ln
1031 1329 1071 1369 eo
1085 1306 1200 1371 trium·

129 1411 195 1497 pho
212 1406 426 1496 Iugurtham,
446 1409 502 1493 qui
520 1405 737 1470 Numidarum
755 1429 811 1495 rep
832 1408 952 1486 fuerat,
976 1429 1050 1471 cum
1068 1405 1199 1471 duobus

130 1511 200 1574 liliis
220 1527 294 1573 ante
318 1533 450 1572 currum
475 1510 549 1598 egit.
577 1510 658 1573 Auri
678 1531 742 1596 prae
768 1531 802 1572 se
823 1509 884 1571 tria
906 1508 1004 1571 millia
1023 1525 1056 1572 et
1075 1526 1199 1598 septem

131 1613 242 1699 pondo
266 1612 342 1675 ferri
363 1612 479 1691 jussit,
503 1611 628 1700 argenti
655 1609 765 1673 inlecti
793 1608 905 1697 pondo
931 1609 1198 1696 quinquemillia

129 1713 330 1802 septingenta
353 1712 556 1801 septuaginta
579 1712 745 1799 quinque,
768 1711 884 1800 signati
906 1709 1115 1776 denariorum
1137 1710 1200 1776 du·

128 1832 221 1877 centa
240 1815 405 1903 octoginta
420 1830 543 1903 septem
560 1814 667 1877 millia.

175 1916 264 1979 xlx.
282 1918 441 1978 Caeterum
465 1916 524 1979 ista
547 1932 617 1978 tum
637 1937 769 2002 quoque
787 1915 907 1978 leviora
928 1915 996 1978 risa
1015 1931 1118 2005 sunt,
1126 1937 1200 1979 om·

131 2020 221 2080 nium
243 2018 276 2079 in
302 2017 462 2106 iugurtha
491 2017 698 2105 stupentibus
725 2017 837 2080 oculis.
864 2016 997 2095 Virum,
1017 2019 1200 2104 siaepoten·

130 2122 227 2196 ῑίαιιι,
243 2121 304 2181 sive
312 2121 459 2205 peritiam
473 2117 548 2181 belli
558 2133 669 2207 §poetes
676 2165 687 2196 ,
699 2140 758 2180 avo
772 2116 941 2180 Masinissa
954 2138 1018 2178 non
1029 2117 1197 2194 maireium,
1212 2140 1216 2149 ¹

131 2243 227 2306 ireque
237 2217 452 2306 rizagisferro,
465 2243 562 2309 quam
576 2242 654 2283 auru
665 2218 866 2282 inserendum
874 2266 883 2297 ,
898 2231 1020 2306 repente
1031 2218 1201 2282 desummo

131 2344 232 2384 rerum
250 2322 463 2385 humanarum
479 2322 614 2385 ctelntine
628 2322 868 2396 admissariam
883 2322 972 2384 sortis
987 2333 1134 2385 extrema
1148 2322 1202 2385 de·

119 2423 264 2507 ,jectum
293 2423 521 2510 loquebantur.
543 2424 618 2486 Esse
639 2421 787 2511 proficere
814 2422 963 2486 scelerum
990 2421 1117 2486 altricia
1140 2446 1201 2487 nu·

131 2529 216 2587 mim
226 2573 235 2604 ‚
260 2548 396 2613 quorum
418 2526 593 2588 vindictam
613 2527 752 2612 quisquis
768 2526 929 2602 meruerr't,
952 2521 1044 2587 nulla
1061 2524 1203 2587 harimnu

131 2648 186 2711 ope
200 2629 302 2713 possit
324 2624 479 2712 effugere.
505 2627 614 2711 Atque
639 2626 702 2687 hoe
723 2624 913 2709 cumprimis
933 2623 967 2686 in
984 2622 1139 2687 tradenda
1153 2647 1204 2687 re·

134 2749 205 2787 rum
237 2726 394 2786 memoria
419 2725 498 2787 utile
524 2747 594 2787 esse
618 2724 776 2803 arbitror,
800 2738 837 2784 ut
858 2724 891 2785 in
914 2723 1056 2809 qualibet
1072 2726 1204 2788 fortuna

133 2824 213 2885 nibil
235 2839 388 2910 appareat
412 2846 481 2886 esse
504 2823 691 2886 innocentia
714 2822 837 2901 tutius,
861 2822 1068 2910 multumque
1090 2847 1109 2887 a
1128 2848 1203 2888 vera

134 2923 258 3010 providi
273 2938 305 2984 et
321 2923 429 3008 anagni
444 2923 543 2985 animi
558 2922 657 3009 gloria
675 2920 862 3003 deflectere,
879 2925 936 3010 qui
952 2948 1013 3011 pro
1027 2925 1198 3013 prudentia

133 3024 339 3088 calliditatem
357 3039 539 3103 sectantur,
559 3039 592 3086 et
608 3045 668 3110 pro
683 3023 803 3086 virtute
820 3025 983 3089 ferociam.

179 3127 251 3188 XX.
272 3124 401 3206 Quibus
425 3140 513 3188 certe
540 3124 639 3187 rebus
660 3124 741 3188 nulli
765 3125 949 3189 mortalium
969 3127 1132 3193 secundus
1149 3131 1206 3194 ln·

134 3229 266 3317 gurtha,
285 3227 522 3307 miserabilem,
549 3250 609 3289 nec
634 3225 854 3290 miserandum
875 3227 948 3291 vita·
971 3230 1093 3294 exitum
1118 3231 1203 3296 iecit.

134 3332 202 3392 Jam
220 3353 259 3392 ex
281 3353 349 3417 quo
371 3329 492 3393 eatenis
511 3327 684 3417 adopertus
706 3351 840 3392 currum
865 3331 996 3394 victoris
1015 3334 1203 3411 antecessit,

134 3431 273 3493 attonito
288 3447 320 3494 et
334 3432 477 3519 stupenti
499 3431 636 3495 similem
658 3432 758 3496 fuisse
778 3432 905 3496 ferunt:
924 3455 1000 3497 mox
1014 3433 1048 3497 in
1062 3457 1204 3518 carcere,

135 3556 240 3617 quum
258 3532 299 3594 ab
313 3533 382 3595 aliis
398 3533 506 3597 tunica
520 3534 678 3597 violenter
694 3533 837 3621 direpta,
853 3534 895 3597 ab
908 3535 976 3598 aliis
990 3535 1119 3601 inaures
1131 3560 1206 3603 curn

137 3633 212 3719 ipsis
235 3633 388 3697 auriculis
408 3636 524 3699 avulsae
546 3651 672 3714 essent,
698 3635 731 3696 in
755 3634 863 3697 locum
887 3635 1013 3698 circiter
1032 3636 1206 3703 duodecim

137 3738 234 3827 pedes
257 3738 350 3801 humi
377 3738 586 3828 depressum,
611 3740 761 3803 Tulliano
783 3761 904 3802 nomen
924 3756 1010 3818 erat,
1027 3743 1206 3831 praecipita·

137 3859 207 3903 trun
232 3839 445 3920 exclamasse,
467 3841 579 3903 «Proh
605 3840 751 3903 Herculis
776 3838 895 3917 iidem,
924 3863 1023 3928 quam
1052 3841 1206 3930 frigidum

137 3974 149 3995 «ι
163 3956 307 4004 vestrum
325 3956 375 4003 est
393 3940 545 4004 balncum
560 3945 567 4004 !
581 3973 593 3996 ν

173 4186 296 4249 §xt'ut
313 4187 343 4232 U.
353 4181 384 4232 C.
395 4184 460 4241 6483
476 4187 505 4231 Α.
517 4186 546 4232 C.
563 4192 618 4239 rod.
634 4212 668 4220 -
686 4185 750 4232 Plut.
764 4187 791 4232 in
804 4187 868 4234 Mar.
881 4204 902 4233 c.
922 4203 960 4247 ¹7·
977 4214 1010 4222 -
1024 4189 1081 4236 salt.
1093 4190 1206 4253 sugunt.

138 4287 160 4316 a.
174 4284 230 4316 ιιι,
243 4297 278 4305 -
286 4268 349 4316 Veli.
360 4271 397 4325 11,
412 4285 449 4317 sa.
461 4294 496 4305 -·-
508 4268 524 4331 s
539 4269 610 4316 m.
626 4269 679 4318 Liv.
690 4270 756 4334 Epir.
770 4296 805 4306 -
813 4272 874 4320 Tab.
887 4272 973 4320 Manu.
984 4272 1051 4337 apud
1061 4273 1130 4337 rigis.
1140 4277 1206 4324 Anu.

140 4353 199 4399 652.
218 4380 251 4388 —
273 4352 337 4399 Plut.
356 4378 389 4387 -
410 4350 498 4413 Sili.
518 4351 582 4398 lior.
603 4353 651 4399 lli.
670 4367 692 4397 r.
714 4379 748 4388 --
766 4353 830 4401 Plut.
848 4378 882 4390 ··-
902 4355 953 4401 [ἰν.
975 4356 1039 4418 Epir.
1059 4382 1090 4395 ·-
1111 4357 1207 4406 Sallust.

142 4437 213 4482 Catil.
235 4454 256 4483 c.
279 4437 319 4483 55.
