<?xml version="1.0" encoding="UTF-8"?>
<!DOCTYPE html PUBLIC "-//W3C//DTD XHTML 1.0 Transitional//EN"
    "http://www.w3.org/TR/xhtml1/DTD/xhtml1-transitional.dtd">
<html xmlns="http://www.w3.org/1999/xhtml" xml:lang="en" lang="en">
 <head>
  <title>
</title>
<meta http-equiv="Content-Type" content="text/html;charset=utf-8" />
  <meta name='ocr-system' content='tesseract 3.04.00' />
  <meta name='ocr-capabilities' content='ocr_page ocr_carea ocr_par ocr_line ocrx_word'/>
</head>
<body>
  <div class='ocr_page' id='page_1' title='image "./titusliviuspata00freigoog_0343.png"; bbox 0 0 2594 4980; ppageno 0'>
   <div class='ocr_carea' id='block_1_1' title="bbox 159 741 1045 813">
    <p class='ocr_par' dir='ltr' id='par_1_1' title="bbox 159 741 1045 813">
     <span class='ocr_line' id='line_1_1' title="bbox 159 741 1045 813; baseline -0.005 0"><span class='ocrx_word' id='word_1_1' title='bbox 159 741 227 813; x_wconf 79' lang='lat'><strong>352</strong></span> <span class='ocrx_word' id='word_1_2' title='bbox 334 744 402 809; x_wconf 81' lang='lat' dir='ltr'><strong>JO.</strong></span> <span class='ocrx_word' id='word_1_3' title='bbox 432 743 770 811; x_wconf 80' lang='lat' dir='ltr'><strong>FRElNSHEMll</strong></span> <span class='ocrx_word' id='word_1_4' title='bbox 800 742 1045 811; x_wconf 81' lang='lat' dir='ltr'><strong>SUPPLEM.</strong></span> 
     </span>
    </p>
   </div>
   <div class='ocr_carea' id='block_1_2' title="bbox 141 861 1277 4391">
    <p class='ocr_par' dir='ltr' id='par_1_2' title="bbox 156 861 1220 1433">
     <span class='ocr_line' id='line_1_2' title="bbox 157 861 1220 949; baseline 0.002 -22"><span class='ocrx_word' id='word_1_5' title='bbox 157 896 170 919; x_wconf 67' lang='grc' dir='ltr'><strong>«ι</strong></span> <span class='ocrx_word' id='word_1_6' title='bbox 179 866 213 927; x_wconf 93' lang='lat' dir='ltr'><strong>in</strong></span> <span class='ocrx_word' id='word_1_7' title='bbox 228 887 261 927; x_wconf 89' lang='lat' dir='ltr'><strong>se</strong></span> <span class='ocrx_word' id='word_1_8' title='bbox 276 886 399 949; x_wconf 89' lang='lat' dir='ltr'><strong>suaque</strong></span> <span class='ocrx_word' id='word_1_9' title='bbox 413 863 603 925; x_wconf 89' lang='lat' dir='ltr'><strong>auctoritate</strong></span> <span class='ocrx_word' id='word_1_10' title='bbox 615 862 666 926; x_wconf 87' lang='lat' dir='ltr'><strong>vel</strong></span> <span class='ocrx_word' id='word_1_11' title='bbox 677 864 894 926; x_wconf 83' lang='lat' dir='ltr'><strong>levamentum</strong></span> <span class='ocrx_word' id='word_1_12' title='bbox 905 861 1155 949; x_wconf 81' lang='lat' dir='ltr'><strong>trepidantibus,</strong></span> <span class='ocrx_word' id='word_1_13' title='bbox 1167 868 1220 929; x_wconf 85' lang='lat' dir='ltr'><strong>vel</strong></span> 
     </span>
     <span class='ocr_line' id='line_1_3' title="bbox 157 963 1220 1051; baseline 0 -23"><span class='ocrx_word' id='word_1_14' title='bbox 157 997 170 1020; x_wconf 75' lang='grc' dir='ltr'><strong>«ι</strong></span> <span class='ocrx_word' id='word_1_15' title='bbox 181 988 302 1028; x_wconf 89' lang='lat' dir='ltr'><strong>novum</strong></span> <span class='ocrx_word' id='word_1_16' title='bbox 320 963 444 1042; x_wconf 84' lang='lat' dir='ltr'><strong>injuriae</strong></span> <span class='ocrx_word' id='word_1_17' title='bbox 460 963 640 1026; x_wconf 85' lang='lat' dir='ltr'><strong>auctarium</strong></span> <span class='ocrx_word' id='word_1_18' title='bbox 657 985 726 1027; x_wconf 85' lang='lat' dir='ltr'><strong>esse</strong></span> <span class='ocrx_word' id='word_1_19' title='bbox 742 965 884 1051; x_wconf 85' lang='lat' dir='ltr'><strong>positum</strong></span> <span class='ocrx_word' id='word_1_20' title='bbox 907 963 1116 1028; x_wconf 83' lang='lat' dir='ltr'><strong>ostenderint.</strong></span> <span class='ocrx_word' id='word_1_21' title='bbox 1135 966 1220 1047; x_wconf 84' lang='lat' dir='ltr'><strong>Qui-</strong></span> 
     </span>
     <span class='ocr_line' id='line_1_4' title="bbox 157 1064 1220 1151; baseline -0.001 -20"><span class='ocrx_word' id='word_1_22' title='bbox 157 1099 169 1122; x_wconf 77' lang='grc' dir='ltr'><strong>«ι</strong></span> <span class='ocrx_word' id='word_1_23' title='bbox 179 1069 241 1130; x_wconf 90' lang='lat' dir='ltr'><strong>bus</strong></span> <span class='ocrx_word' id='word_1_24' title='bbox 259 1067 344 1130; x_wconf 86' lang='lat' dir='ltr'><strong>enirn</strong></span> <span class='ocrx_word' id='word_1_25' title='bbox 361 1067 477 1129; x_wconf 85' lang='lat' dir='ltr'><strong>harum</strong></span> <span class='ocrx_word' id='word_1_26' title='bbox 494 1088 602 1127; x_wconf 90' lang='lat' dir='ltr'><strong>rerum</strong></span> <span class='ocrx_word' id='word_1_27' title='bbox 618 1066 841 1129; x_wconf 81' lang='lat' dir='ltr'><strong>committetur</strong></span> <span class='ocrx_word' id='word_1_28' title='bbox 856 1064 996 1145; x_wconf 90' lang='lat' dir='ltr'><strong>curatio,</strong></span> <span class='ocrx_word' id='word_1_29' title='bbox 1011 1067 1124 1151; x_wconf 89' lang='lat' dir='ltr'><strong>quanti</strong></span> <span class='ocrx_word' id='word_1_30' title='bbox 1137 1089 1220 1130; x_wconf 86' lang='lat' dir='ltr'><strong>veu-</strong></span> 
     </span>
     <span class='ocr_line' id='line_1_5' title="bbox 157 1164 1219 1247; baseline 0.004 -21"><span class='ocrx_word' id='word_1_31' title='bbox 157 1169 258 1232; x_wconf 67' lang='lat' dir='ltr'><strong>,dent</strong></span> <span class='ocrx_word' id='word_1_32' title='bbox 279 1190 376 1230; x_wconf 85' lang='lat' dir='ltr'><strong>unam</strong></span> <span class='ocrx_word' id='word_1_33' title='bbox 393 1170 477 1228; x_wconf 81' lang='lat' dir='ltr'><strong>forte</strong></span> <span class='ocrx_word' id='word_1_34' title='bbox 494 1165 669 1246; x_wconf 87' lang='lat' dir='ltr'><strong>dieculam,</strong></span> <span class='ocrx_word' id='word_1_35' title='bbox 690 1181 728 1229; x_wconf 92' lang='lat' dir='ltr'><strong>ut</strong></span> <span class='ocrx_word' id='word_1_36' title='bbox 744 1166 777 1229; x_wconf 94' lang='lat' dir='ltr'><strong>in</strong></span> <span class='ocrx_word' id='word_1_37' title='bbox 797 1165 884 1228; x_wconf 85' lang='lat' dir='ltr'>Urbe</span> <span class='ocrx_word' id='word_1_38' title='bbox 904 1181 1054 1228; x_wconf 89' lang='lat' dir='ltr'><strong>maneant</strong></span> <span class='ocrx_word' id='word_1_39' title='bbox 1074 1164 1219 1247; x_wconf 89' lang='lat' dir='ltr'><strong>diutius,</strong></span> 
     </span>
     <span class='ocr_line' id='line_1_6' title="bbox 156 1267 1220 1356; baseline 0.005 -30"><span class='ocrx_word' id='word_1_40' title='bbox 156 1302 169 1326; x_wconf 66' lang='lat' dir='ltr'><strong>a</strong></span> <span class='ocrx_word' id='word_1_41' title='bbox 181 1292 277 1356; x_wconf 90' lang='lat' dir='ltr'><strong>quam</strong></span> <span class='ocrx_word' id='word_1_42' title='bbox 294 1268 487 1354; x_wconf 90' lang='lat' dir='ltr'><strong>permissum</strong></span> <span class='ocrx_word' id='word_1_43' title='bbox 501 1267 568 1354; x_wconf 82' lang='lat' dir='ltr'><strong>lege</strong></span> <span class='ocrx_word' id='word_1_44' title='bbox 583 1267 639 1348; x_wconf 92' lang='lat' dir='ltr'><strong>sit,</strong></span> <span class='ocrx_word' id='word_1_45' title='bbox 655 1267 775 1355; x_wconf 86' lang='lat' dir='ltr'><strong>quibus</strong></span> <span class='ocrx_word' id='word_1_46' title='bbox 789 1267 839 1330; x_wconf 86' lang='lat' dir='ltr'><strong>vel</strong></span> <span class='ocrx_word' id='word_1_47' title='bbox 853 1289 949 1355; x_wconf 87' lang='lat' dir='ltr'><strong>parva</strong></span> <span class='ocrx_word' id='word_1_48' title='bbox 965 1289 1055 1331; x_wconf 89' lang='lat' dir='ltr'><strong>mora</strong></span> <span class='ocrx_word' id='word_1_49' title='bbox 1069 1290 1220 1356; x_wconf 80' lang='lat' dir='ltr'><strong>magnam</strong></span> 
     </span>
     <span class='ocr_line' id='line_1_7' title="bbox 157 1367 690 1433; baseline -0.002 -1"><span class='ocrx_word' id='word_1_50' title='bbox 157 1370 312 1433; x_wconf 77' lang='lat' dir='ltr'><strong>«allatura</strong></span> <span class='ocrx_word' id='word_1_51' title='bbox 329 1368 500 1430; x_wconf 84' lang='lat' dir='ltr'><strong>utilitatem</strong></span> <span class='ocrx_word' id='word_1_52' title='bbox 517 1367 690 1432; x_wconf 87' lang='lat' dir='ltr'><strong>videbitur.</strong></span> 
     </span>
    </p>

    <p class='ocr_par' dir='ltr' id='par_1_3' title="bbox 156 1468 1221 1962">
     <span class='ocr_line' id='line_1_8' title="bbox 200 1468 1221 1558; baseline -0.001 -25"><span class='ocrx_word' id='word_1_53' title='bbox 200 1472 271 1534; x_wconf 81' lang='lat' dir='ltr'><strong>XV.</strong></span> <span class='ocrx_word' id='word_1_54' title='bbox 294 1501 305 1524; x_wconf 57' lang='grc' dir='ltr'><strong>«ι</strong></span> <span class='ocrx_word' id='word_1_55' title='bbox 317 1470 399 1533; x_wconf 86' lang='lat' dir='ltr'><strong>Nam</strong></span> <span class='ocrx_word' id='word_1_56' title='bbox 415 1485 471 1531; x_wconf 86' lang='lat' dir='ltr'><strong>aut</strong></span> <span class='ocrx_word' id='word_1_57' title='bbox 485 1469 640 1556; x_wconf 86' lang='lat' dir='ltr'><strong>negotiis,</strong></span> <span class='ocrx_word' id='word_1_58' title='bbox 657 1484 713 1532; x_wconf 86' lang='lat' dir='ltr'><strong>aut</strong></span> <span class='ocrx_word' id='word_1_59' title='bbox 726 1468 801 1556; x_wconf 90' lang='lat' dir='ltr'><strong>quia</strong></span> <span class='ocrx_word' id='word_1_60' title='bbox 817 1469 933 1532; x_wconf 88' lang='lat' dir='ltr'><strong>morbo</strong></span> <span class='ocrx_word' id='word_1_61' title='bbox 949 1468 1084 1558; x_wconf 82' lang='lat' dir='ltr'><strong>gravatis</strong></span> <span class='ocrx_word' id='word_1_62' title='bbox 1098 1468 1221 1532; x_wconf 89' lang='lat' dir='ltr'><strong>iucom-</strong></span> 
     </span>
     <span class='ocr_line' id='line_1_9' title="bbox 156 1570 1219 1660; baseline -0.001 -25"><span class='ocrx_word' id='word_1_63' title='bbox 156 1572 277 1635; x_wconf 85' lang='lat' dir='ltr'><strong>«moda</strong></span> <span class='ocrx_word' id='word_1_64' title='bbox 290 1572 437 1660; x_wconf 80' lang='lat' dir='ltr'><strong>migratio</strong></span> <span class='ocrx_word' id='word_1_65' title='bbox 454 1572 510 1633; x_wconf 64' lang='lat' dir='ltr'><strong>eri·</strong></span> <span class='ocrx_word' id='word_1_66' title='bbox 523 1619 532 1650; x_wconf 90' lang='lat'><strong>,</strong></span> <span class='ocrx_word' id='word_1_67' title='bbox 547 1586 602 1633; x_wconf 90' lang='lat' dir='ltr'><strong>aut</strong></span> <span class='ocrx_word' id='word_1_68' title='bbox 616 1571 746 1635; x_wconf 85' lang='lat' dir='ltr'><strong>caritate</strong></span> <span class='ocrx_word' id='word_1_69' title='bbox 760 1570 864 1651; x_wconf 88' lang='lat' dir='ltr'><strong>urbis,</strong></span> <span class='ocrx_word' id='word_1_70' title='bbox 880 1570 912 1631; x_wconf 94' lang='lat' dir='ltr'><strong>in</strong></span> <span class='ocrx_word' id='word_1_71' title='bbox 928 1593 990 1657; x_wconf 90' lang='lat' dir='ltr'><strong>qua</strong></span> <span class='ocrx_word' id='word_1_72' title='bbox 1006 1573 1072 1634; x_wconf 90' lang='lat' dir='ltr'><strong>nati</strong></span> <span class='ocrx_word' id='word_1_73' title='bbox 1086 1571 1219 1658; x_wconf 87' lang='lat' dir='ltr'><strong>quidam</strong></span> 
     </span>
     <span class='ocr_line' id='line_1_10' title="bbox 159 1671 1219 1760; baseline -0.002 -24"><span class='ocrx_word' id='word_1_74' title='bbox 159 1691 275 1752; x_wconf 74' lang='lat' dir='ltr'><strong>«sunt,</strong></span> <span class='ocrx_word' id='word_1_75' title='bbox 291 1674 343 1737; x_wconf 88' lang='lat' dir='ltr'><strong>alii</strong></span> <span class='ocrx_word' id='word_1_76' title='bbox 360 1674 510 1736; x_wconf 85' lang='lat' dir='ltr'><strong>lubenter</strong></span> <span class='ocrx_word' id='word_1_77' title='bbox 524 1688 556 1734; x_wconf 85' lang='lat' dir='ltr'><strong>ct</strong></span> <span class='ocrx_word' id='word_1_78' title='bbox 571 1671 628 1735; x_wconf 91' lang='lat' dir='ltr'><strong>diu</strong></span> <span class='ocrx_word' id='word_1_79' title='bbox 642 1673 806 1752; x_wconf 85' lang='lat' dir='ltr'><strong>vixerunt,</strong></span> <span class='ocrx_word' id='word_1_80' title='bbox 821 1694 862 1734; x_wconf 85' lang='lat' dir='ltr'><strong>ne</strong></span> <span class='ocrx_word' id='word_1_81' title='bbox 875 1672 1027 1734; x_wconf 85' lang='lat' dir='ltr'><strong>festinare</strong></span> <span class='ocrx_word' id='word_1_82' title='bbox 1043 1688 1219 1760; x_wconf 80' lang='lat' dir='ltr'><strong>cogantur,</strong></span> 
     </span>
     <span class='ocr_line' id='line_1_11' title="bbox 157 1770 1221 1862; baseline -0.001 -25"><span class='ocrx_word' id='word_1_83' title='bbox 157 1798 294 1862; x_wconf 70' lang='lat' dir='ltr'><strong>«magna</strong></span> <span class='ocrx_word' id='word_1_84' title='bbox 316 1798 388 1860; x_wconf 87' lang='lat' dir='ltr'><strong>pars</strong></span> <span class='ocrx_word' id='word_1_85' title='bbox 408 1773 546 1860; x_wconf 87' lang='lat' dir='ltr'><strong>pecunia</strong></span> <span class='ocrx_word' id='word_1_86' title='bbox 562 1773 649 1836; x_wconf 81' lang='lat' dir='ltr'><strong>volet</strong></span> <span class='ocrx_word' id='word_1_87' title='bbox 667 1772 836 1860; x_wconf 83' lang='lat' dir='ltr'><strong>depacisci.</strong></span> <span class='ocrx_word' id='word_1_88' title='bbox 859 1774 973 1859; x_wconf 86' lang='lat' dir='ltr'><strong>Neque</strong></span> <span class='ocrx_word' id='word_1_89' title='bbox 989 1770 1146 1856; x_wconf 87' lang='lat' dir='ltr'><strong>deerunt,</strong></span> <span class='ocrx_word' id='word_1_90' title='bbox 1163 1773 1221 1860; x_wconf 92' lang='lat' dir='ltr'><strong>qui</strong></span> 
     </span>
     <span class='ocr_line' id='line_1_12' title="bbox 157 1874 1221 1962; baseline -0.001 -24"><span class='ocrx_word' id='word_1_91' title='bbox 157 1909 169 1931; x_wconf 62' lang='lat' dir='ltr'><strong>a</strong></span> <span class='ocrx_word' id='word_1_92' title='bbox 180 1899 286 1961; x_wconf 89' lang='lat' dir='ltr'><strong>neque</strong></span> <span class='ocrx_word' id='word_1_93' title='bbox 298 1875 416 1937; x_wconf 87' lang='lat' dir='ltr'><strong>dictam</strong></span> <span class='ocrx_word' id='word_1_94' title='bbox 432 1877 516 1937; x_wconf 87' lang='lat' dir='ltr'><strong>iutra</strong></span> <span class='ocrx_word' id='word_1_95' title='bbox 533 1874 619 1937; x_wconf 85' lang='lat' dir='ltr'><strong>diem</strong></span> <span class='ocrx_word' id='word_1_96' title='bbox 634 1890 803 1962; x_wconf 85' lang='lat' dir='ltr'><strong>exportare</strong></span> <span class='ocrx_word' id='word_1_97' title='bbox 814 1896 864 1937; x_wconf 91' lang='lat' dir='ltr'><strong>res</strong></span> <span class='ocrx_word' id='word_1_98' title='bbox 876 1897 949 1937; x_wconf 85' lang='lat' dir='ltr'><strong>suas</strong></span> <span class='ocrx_word' id='word_1_99' title='bbox 963 1890 1097 1961; x_wconf 84' lang='lat' dir='ltr'><strong>queant,</strong></span> <span class='ocrx_word' id='word_1_100' title='bbox 1114 1896 1221 1961; x_wconf 86' lang='lat' dir='ltr'><strong>neque</strong></span> 
     </span>
    </p>

    <p class='ocr_par' dir='ltr' id='par_1_4' title="bbox 141 1970 1222 3051">
     <span class='ocr_line' id='line_1_13' title="bbox 141 1970 1219 2069; baseline -0.002 -30"><span class='ocrx_word' id='word_1_101' title='bbox 141 1970 168 2030; x_wconf 75' lang='lat'><strong>¹«</strong></span> <span class='ocrx_word' id='word_1_102' title='bbox 178 1976 265 2062; x_wconf 84' lang='lat' dir='ltr'><strong>apud</strong></span> <span class='ocrx_word' id='word_1_103' title='bbox 287 1976 450 2063; x_wconf 84' lang='lat' dir='ltr'><strong>hospites,</strong></span> <span class='ocrx_word' id='word_1_104' title='bbox 475 2000 492 2037; x_wconf 89' lang='lat' dir='ltr'><strong>a</strong></span> <span class='ocrx_word' id='word_1_105' title='bbox 517 1976 636 2062; x_wconf 86' lang='lat' dir='ltr'><strong>quibus</strong></span> <span class='ocrx_word' id='word_1_106' title='bbox 660 1976 785 2040; x_wconf 87' lang='lat' dir='ltr'><strong>tractati</strong></span> <span class='ocrx_word' id='word_1_107' title='bbox 808 1990 872 2038; x_wconf 91' lang='lat' dir='ltr'><strong>tam</strong></span> <span class='ocrx_word' id='word_1_108' title='bbox 897 1975 1057 2039; x_wconf 90' lang='lat' dir='ltr'><strong>hostiliter</strong></span> <span class='ocrx_word' id='word_1_109' title='bbox 1079 1976 1219 2069; x_wconf 70' lang='lat' dir='ltr'><strong>fuerint,</strong></span> 
     </span>
     <span class='ocr_line' id='line_1_14' title="bbox 157 2076 1220 2164; baseline -0.001 -23"><span class='ocrx_word' id='word_1_110' title='bbox 157 2078 287 2141; x_wconf 72' lang='lat' dir='ltr'><strong>«ausint</strong></span> <span class='ocrx_word' id='word_1_111' title='bbox 304 2079 496 2163; x_wconf 80' lang='lat' dir='ltr'><strong>relinquere.</strong></span> <span class='ocrx_word' id='word_1_112' title='bbox 519 2077 610 2159; x_wconf 92' lang='lat' dir='ltr'><strong>Quid</strong></span> <span class='ocrx_word' id='word_1_113' title='bbox 623 2093 730 2140; x_wconf 81' lang='lat' dir='ltr'><strong>auteur</strong></span> <span class='ocrx_word' id='word_1_114' title='bbox 750 2076 792 2140; x_wconf 89' lang='lat' dir='ltr'><strong>de</strong></span> <span class='ocrx_word' id='word_1_115' title='bbox 807 2076 846 2139; x_wconf 85' lang='lat' dir='ltr'><strong>iis</strong></span> <span class='ocrx_word' id='word_1_116' title='bbox 859 2077 989 2163; x_wconf 87' lang='lat' dir='ltr'><strong>loquar,</strong></span> <span class='ocrx_word' id='word_1_117' title='bbox 1006 2077 1061 2140; x_wconf 88' lang='lat' dir='ltr'><strong>sia</strong></span> <span class='ocrx_word' id='word_1_118' title='bbox 1073 2076 1143 2164; x_wconf 85' lang='lat' dir='ltr'><strong>lege</strong></span> <span class='ocrx_word' id='word_1_119' title='bbox 1158 2099 1220 2140; x_wconf 89' lang='lat' dir='ltr'><strong>no·</strong></span> 
     </span>
     <span class='ocr_line' id='line_1_15' title="bbox 156 2178 1222 2266; baseline -0.003 -24"><span class='ocrx_word' id='word_1_120' title='bbox 156 2212 167 2234; x_wconf 73' lang='grc' dir='ltr'><strong>ιι</strong></span> <span class='ocrx_word' id='word_1_121' title='bbox 179 2181 325 2242; x_wconf 80' lang='lat' dir='ltr'><strong>minutim</strong></span> <span class='ocrx_word' id='word_1_122' title='bbox 341 2181 556 2265; x_wconf 84' lang='lat' dir='ltr'><strong>excipientur,</strong></span> <span class='ocrx_word' id='word_1_123' title='bbox 568 2196 606 2242; x_wconf 92' lang='lat' dir='ltr'><strong>ut</strong></span> <span class='ocrx_word' id='word_1_124' title='bbox 617 2178 737 2243; x_wconf 83' lang='lat' dir='ltr'><strong>audio?</strong></span> <span class='ocrx_word' id='word_1_125' title='bbox 749 2201 831 2266; x_wconf 90' lang='lat' dir='ltr'><strong>quos</strong></span> <span class='ocrx_word' id='word_1_126' title='bbox 846 2178 958 2265; x_wconf 89' lang='lat' dir='ltr'><strong>utique</strong></span> <span class='ocrx_word' id='word_1_127' title='bbox 971 2199 1076 2264; x_wconf 88' lang='lat' dir='ltr'><strong>neque</strong></span> <span class='ocrx_word' id='word_1_128' title='bbox 1087 2199 1222 2265; x_wconf 90' lang='lat' dir='ltr'><strong>pauper·</strong></span> 
     </span>
     <span class='ocr_line' id='line_1_16' title="bbox 155 2279 1221 2367; baseline -0.001 -25"><span class='ocrx_word' id='word_1_129' title='bbox 155 2314 167 2335; x_wconf 80' lang='lat'>«</span> <span class='ocrx_word' id='word_1_130' title='bbox 181 2283 280 2343; x_wconf 89' lang='lat' dir='ltr'><strong>rimos</strong></span> <span class='ocrx_word' id='word_1_131' title='bbox 292 2281 457 2359; x_wconf 87' lang='lat' dir='ltr'><strong>omnium,</strong></span> <span class='ocrx_word' id='word_1_132' title='bbox 470 2304 575 2366; x_wconf 90' lang='lat' dir='ltr'><strong>neque</strong></span> <span class='ocrx_word' id='word_1_133' title='bbox 587 2280 790 2367; x_wconf 90' lang='lat' dir='ltr'><strong>parcissimos</strong></span> <span class='ocrx_word' id='word_1_134' title='bbox 801 2303 869 2343; x_wconf 87' lang='lat' dir='ltr'><strong>esse</strong></span> <span class='ocrx_word' id='word_1_135' title='bbox 881 2302 1048 2343; x_wconf 87' lang='lat' dir='ltr'><strong>necessum</strong></span> <span class='ocrx_word' id='word_1_136' title='bbox 1057 2296 1114 2343; x_wconf 89' lang='lat' dir='ltr'><strong>est.</strong></span> <span class='ocrx_word' id='word_1_137' title='bbox 1128 2279 1221 2343; x_wconf 82' lang='lat' dir='ltr'><strong>Tales</strong></span> 
     </span>
     <span class='ocr_line' id='line_1_17' title="bbox 155 2379 1221 2472; baseline 0.001 -29"><span class='ocrx_word' id='word_1_138' title='bbox 155 2413 167 2435; x_wconf 86' lang='lat'>«</span> <span class='ocrx_word' id='word_1_139' title='bbox 178 2384 286 2467; x_wconf 84' lang='lat' dir='ltr'><strong>potius</strong></span> <span class='ocrx_word' id='word_1_140' title='bbox 304 2382 468 2460; x_wconf 85' lang='lat' dir='ltr'><strong>homiues,</strong></span> <span class='ocrx_word' id='word_1_141' title='bbox 484 2382 540 2466; x_wconf 92' lang='lat' dir='ltr'><strong>qui</strong></span> <span class='ocrx_word' id='word_1_142' title='bbox 558 2381 747 2472; x_wconf 84' lang='lat' dir='ltr'><strong>hujusmodi</strong></span> <span class='ocrx_word' id='word_1_143' title='bbox 761 2382 805 2444; x_wconf 88' lang='lat' dir='ltr'><strong>ob</strong></span> <span class='ocrx_word' id='word_1_144' title='bbox 822 2403 932 2445; x_wconf 86' lang='lat' dir='ltr'><strong>causas</strong></span> <span class='ocrx_word' id='word_1_145' title='bbox 950 2379 1110 2468; x_wconf 87' lang='lat' dir='ltr'><strong>pudendis</strong></span> <span class='ocrx_word' id='word_1_146' title='bbox 1126 2402 1221 2468; x_wconf 79' lang='lat' dir='ltr'><strong>roga·</strong></span> 
     </span>
     <span class='ocr_line' id='line_1_18' title="bbox 157 2480 1220 2569; baseline -0.004 -24"><span class='ocrx_word' id='word_1_147' title='bbox 157 2483 324 2546; x_wconf 76' lang='lat' dir='ltr'><strong>«tionibus</strong></span> <span class='ocrx_word' id='word_1_148' title='bbox 343 2483 426 2544; x_wconf 85' lang='lat' dir='ltr'><strong>banc</strong></span> <span class='ocrx_word' id='word_1_149' title='bbox 445 2483 558 2544; x_wconf 87' lang='lat' dir='ltr'><strong>urbem</strong></span> <span class='ocrx_word' id='word_1_150' title='bbox 581 2483 752 2562; x_wconf 80' lang='lat' dir='ltr'><strong>infamant,</strong></span> <span class='ocrx_word' id='word_1_151' title='bbox 770 2505 872 2569; x_wconf 92' lang='lat' dir='ltr'><strong>quum</strong></span> <span class='ocrx_word' id='word_1_152' title='bbox 890 2483 954 2544; x_wconf 89' lang='lat' dir='ltr'><strong>sint</strong></span> <span class='ocrx_word' id='word_1_153' title='bbox 970 2482 1011 2544; x_wconf 86' lang='lat' dir='ltr'><strong>ab</strong></span> <span class='ocrx_word' id='word_1_154' title='bbox 1029 2480 1220 2558; x_wconf 89' lang='lat' dir='ltr'><strong>honestate,</strong></span> 
     </span>
     <span class='ocr_line' id='line_1_19' title="bbox 157 2582 1221 2671; baseline -0.003 -25"><span class='ocrx_word' id='word_1_155' title='bbox 157 2615 169 2639; x_wconf 83' lang='lat'>«</span> <span class='ocrx_word' id='word_1_156' title='bbox 182 2600 213 2646; x_wconf 92' lang='lat' dir='ltr'><strong>et</strong></span> <span class='ocrx_word' id='word_1_157' title='bbox 232 2582 310 2656; x_wconf 88' lang='lat' dir='ltr'><strong>fide,</strong></span> <span class='ocrx_word' id='word_1_158' title='bbox 329 2599 361 2644; x_wconf 86' lang='lat' dir='ltr'><strong>ct</strong></span> <span class='ocrx_word' id='word_1_159' title='bbox 377 2605 486 2645; x_wconf 87' lang='lat' dir='ltr'><strong>amore</strong></span> <span class='ocrx_word' id='word_1_160' title='bbox 504 2583 638 2646; x_wconf 88' lang='lat' dir='ltr'><strong>civitatis</strong></span> <span class='ocrx_word' id='word_1_161' title='bbox 656 2583 767 2662; x_wconf 89' lang='lat' dir='ltr'><strong>alieni,</strong></span> <span class='ocrx_word' id='word_1_162' title='bbox 785 2606 881 2670; x_wconf 86' lang='lat' dir='ltr'><strong>quarn</strong></span> <span class='ocrx_word' id='word_1_163' title='bbox 898 2583 955 2669; x_wconf 90' lang='lat' dir='ltr'><strong>qui</strong></span> <span class='ocrx_word' id='word_1_164' title='bbox 970 2582 1057 2671; x_wconf 92' lang='lat' dir='ltr'><strong>apud</strong></span> <span class='ocrx_word' id='word_1_165' title='bbox 1074 2604 1133 2646; x_wconf 89' lang='lat' dir='ltr'><strong>nos</strong></span> <span class='ocrx_word' id='word_1_166' title='bbox 1152 2604 1221 2644; x_wconf 91' lang='lat' dir='ltr'><strong>nou</strong></span> 
     </span>
     <span class='ocr_line' id='line_1_20' title="bbox 155 2683 1221 2773; baseline 0.001 -25"><span class='ocrx_word' id='word_1_167' title='bbox 155 2700 373 2763; x_wconf 73' lang='lat' dir='ltr'><strong>«censentur,</strong></span> <span class='ocrx_word' id='word_1_168' title='bbox 402 2683 550 2771; x_wconf 83' lang='lat' dir='ltr'><strong>exigendi</strong></span> <span class='ocrx_word' id='word_1_169' title='bbox 571 2700 689 2747; x_wconf 87' lang='lat' dir='ltr'><strong>erant:</strong></span> <span class='ocrx_word' id='word_1_170' title='bbox 716 2684 835 2771; x_wconf 90' lang='lat' dir='ltr'><strong>quibus</strong></span> <span class='ocrx_word' id='word_1_171' title='bbox 855 2707 915 2773; x_wconf 83' lang='lat' dir='ltr'><strong>ego</strong></span> <span class='ocrx_word' id='word_1_172' title='bbox 941 2685 1058 2748; x_wconf 90' lang='lat' dir='ltr'><strong>similes</strong></span> <span class='ocrx_word' id='word_1_173' title='bbox 1082 2685 1221 2749; x_wconf 89' lang='lat' dir='ltr'><strong>omuino</strong></span> 
     </span>
     <span class='ocr_line' id='line_1_21' title="bbox 156 2784 1221 2873; baseline -0.001 -26"><span class='ocrx_word' id='word_1_174' title='bbox 156 2817 167 2841; x_wconf 87' lang='lat'>«</span> <span class='ocrx_word' id='word_1_175' title='bbox 178 2787 276 2848; x_wconf 86' lang='lat' dir='ltr'><strong>fuisse</strong></span> <span class='ocrx_word' id='word_1_176' title='bbox 292 2802 371 2873; x_wconf 92' lang='lat' dir='ltr'><strong>puto</strong></span> <span class='ocrx_word' id='word_1_177' title='bbox 391 2786 510 2847; x_wconf 89' lang='lat' dir='ltr'><strong>multos</strong></span> <span class='ocrx_word' id='word_1_178' title='bbox 525 2786 557 2847; x_wconf 90' lang='lat' dir='ltr'><strong>in</strong></span> <span class='ocrx_word' id='word_1_179' title='bbox 574 2785 612 2847; x_wconf 90' lang='lat' dir='ltr'><strong>iis</strong></span> <span class='ocrx_word' id='word_1_180' title='bbox 628 2784 831 2864; x_wconf 87' lang='lat' dir='ltr'><strong>nationibus,</strong></span> <span class='ocrx_word' id='word_1_181' title='bbox 849 2807 936 2870; x_wconf 67' lang='lat' dir='ltr'><strong>quae,</strong></span> <span class='ocrx_word' id='word_1_182' title='bbox 958 2807 1059 2872; x_wconf 91' lang='lat' dir='ltr'><strong>quum</strong></span> <span class='ocrx_word' id='word_1_183' title='bbox 1080 2784 1150 2848; x_wconf 87' lang='lat' dir='ltr'><strong>aliis</strong></span> <span class='ocrx_word' id='word_1_184' title='bbox 1167 2806 1221 2846; x_wconf 88' lang='lat' dir='ltr'><strong>re·</strong></span> 
     </span>
     <span class='ocr_line' id='line_1_22' title="bbox 155 2869 1221 2974; baseline 0.003 -26"><span class='ocrx_word' id='word_1_185' title='bbox 155 2885 346 2963; x_wconf 71' lang='lat' dir='ltr'><strong>«florerent,</strong></span> <span class='ocrx_word' id='word_1_186' title='bbox 363 2909 419 2971; x_wconf 87' lang='lat' dir='ltr'><strong>per</strong></span> <span class='ocrx_word' id='word_1_187' title='bbox 443 2886 608 2948; x_wconf 79' lang='lat' dir='ltr'><strong>avaritiam</strong></span> <span class='ocrx_word' id='word_1_188' title='bbox 622 2902 720 2972; x_wconf 87' lang='lat' dir='ltr'><strong>atque</strong></span> <span class='ocrx_word' id='word_1_189' title='bbox 738 2886 905 2949; x_wconf 82' lang='lat' dir='ltr'><strong>strdtitiaut</strong></span> <span class='ocrx_word' id='word_1_190' title='bbox 928 2886 1125 2974; x_wconf 89' lang='lat' dir='ltr'><strong>respublicas</strong></span> <span class='ocrx_word' id='word_1_191' title='bbox 1146 2869 1221 2951; x_wconf 85' lang='lat' dir='ltr'><strong>stias</strong></span> 
     </span>
     <span class='ocr_line' id='line_1_23' title="bbox 156 3004 389 3051; baseline -0.013 0"><span class='ocrx_word' id='word_1_192' title='bbox 156 3020 168 3041; x_wconf 60' lang='lat' dir='ltr'><strong>a</strong></span> <span class='ocrx_word' id='word_1_193' title='bbox 178 3004 365 3051; x_wconf 81' lang='lat' dir='ltr'><strong>amiserunt.</strong></span> <span class='ocrx_word' id='word_1_194' title='bbox 377 3019 389 3040; x_wconf 67' lang='grc' dir='ltr'><strong>»ι</strong></span> 
     </span>
    </p>

    <p class='ocr_par' dir='ltr' id='par_1_5' title="bbox 155 3086 1277 4283">
     <span class='ocr_line' id='line_1_24' title="bbox 201 3086 1221 3172; baseline 0 -21"><span class='ocrx_word' id='word_1_195' title='bbox 201 3092 288 3152; x_wconf 82' lang='lat' dir='ltr'><strong>XVI.</strong></span> <span class='ocrx_word' id='word_1_196' title='bbox 311 3091 384 3151; x_wconf 73' lang='lat' dir='ltr'><strong>Haec</strong></span> <span class='ocrx_word' id='word_1_197' title='bbox 402 3103 434 3149; x_wconf 90' lang='lat' dir='ltr'><strong>et</strong></span> <span class='ocrx_word' id='word_1_198' title='bbox 450 3089 509 3149; x_wconf 87' lang='lat' dir='ltr'><strong>aliu</strong></span> <span class='ocrx_word' id='word_1_199' title='bbox 529 3110 633 3172; x_wconf 92' lang='lat' dir='ltr'><strong>quum</strong></span> <span class='ocrx_word' id='word_1_200' title='bbox 652 3086 783 3150; x_wconf 82' lang='lat' dir='ltr'><strong>dixisset</strong></span> <span class='ocrx_word' id='word_1_201' title='bbox 797 3087 978 3169; x_wconf 88' lang='lat' dir='ltr'><strong>Gracchus,</strong></span> <span class='ocrx_word' id='word_1_202' title='bbox 998 3088 1221 3151; x_wconf 87' lang='lat' dir='ltr'><strong>nihilosecius</strong></span> 
     </span>
     <span class='ocr_line' id='line_1_25' title="bbox 157 3186 1223 3279; baseline -0.005 -24"><span class='ocrx_word' id='word_1_203' title='bbox 157 3195 260 3279; x_wconf 83' lang='lat' dir='ltr'><strong>legem</strong></span> <span class='ocrx_word' id='word_1_204' title='bbox 274 3190 414 3277; x_wconf 90' lang='lat' dir='ltr'><strong>populus</strong></span> <span class='ocrx_word' id='word_1_205' title='bbox 430 3188 531 3249; x_wconf 80' lang='lat' dir='ltr'><strong>scivit.</strong></span> <span class='ocrx_word' id='word_1_206' title='bbox 549 3186 655 3250; x_wconf 89' lang='lat' dir='ltr'><strong>Credo</strong></span> <span class='ocrx_word' id='word_1_207' title='bbox 672 3186 713 3250; x_wconf 91' lang='lat' dir='ltr'><strong>ad</strong></span> <span class='ocrx_word' id='word_1_208' title='bbox 728 3187 901 3251; x_wconf 86' lang='lat' dir='ltr'><strong>seditiones</strong></span> <span class='ocrx_word' id='word_1_209' title='bbox 916 3187 1107 3252; x_wconf 88' lang='lat' dir='ltr'><strong>minuendas</strong></span> <span class='ocrx_word' id='word_1_210' title='bbox 1123 3189 1223 3275; x_wconf 90' lang='lat' dir='ltr'><strong>perti·</strong></span> 
     </span>
     <span class='ocr_line' id='line_1_26' title="bbox 158 3288 1277 3376; baseline -0.002 -22"><span class='ocrx_word' id='word_1_211' title='bbox 158 3315 233 3354; x_wconf 88' lang='lat' dir='ltr'><strong>uere</strong></span> <span class='ocrx_word' id='word_1_212' title='bbox 254 3292 375 3367; x_wconf 85' lang='lat' dir='ltr'><strong>visum,</strong></span> <span class='ocrx_word' id='word_1_213' title='bbox 400 3289 494 3350; x_wconf 86' lang='lat' dir='ltr'><strong>turba</strong></span> <span class='ocrx_word' id='word_1_214' title='bbox 519 3288 691 3350; x_wconf 91' lang='lat' dir='ltr'><strong>hominum</strong></span> <span class='ocrx_word' id='word_1_215' title='bbox 716 3288 904 3375; x_wconf 84' lang='lat' dir='ltr'><strong>ignotorum</strong></span> <span class='ocrx_word' id='word_1_216' title='bbox 924 3307 1022 3376; x_wconf 89' lang='lat' dir='ltr'><strong>atque</strong></span> <span class='ocrx_word' id='word_1_217' title='bbox 1040 3289 1222 3352; x_wconf 88' lang='lat' dir='ltr'><strong>alienorum</strong></span> <span class='ocrx_word' id='word_1_218' title='bbox 1270 3308 1277 3317; x_wconf 88' lang='grc'><strong><em>’</em></strong></span> 
     </span>
     <span class='ocr_line' id='line_1_27' title="bbox 157 3387 1222 3477; baseline 0.001 -24"><span class='ocrx_word' id='word_1_219' title='bbox 157 3393 319 3454; x_wconf 80' lang='lat' dir='ltr'><strong>civitatem</strong></span> <span class='ocrx_word' id='word_1_220' title='bbox 334 3389 512 3451; x_wconf 82' lang='lat' dir='ltr'><strong>exonerari.</strong></span> <span class='ocrx_word' id='word_1_221' title='bbox 529 3387 611 3450; x_wconf 88' lang='lat' dir='ltr'><strong>Nam</strong></span> <span class='ocrx_word' id='word_1_222' title='bbox 627 3388 813 3475; x_wconf 87' lang='lat' dir='ltr'><strong>utquisque</strong></span> <span class='ocrx_word' id='word_1_223' title='bbox 828 3389 947 3453; x_wconf 89' lang='lat' dir='ltr'><strong>horum</strong></span> <span class='ocrx_word' id='word_1_224' title='bbox 962 3390 1222 3477; x_wconf 88' lang='lat' dir='ltr'><strong>improbissimus</strong></span> 
     </span>
     <span class='ocr_line' id='line_1_28' title="bbox 156 3489 1223 3579; baseline 0.001 -25"><span class='ocrx_word' id='word_1_225' title='bbox 156 3509 242 3570; x_wconf 87' lang='lat' dir='ltr'><strong>erat,</strong></span> <span class='ocrx_word' id='word_1_226' title='bbox 260 3492 454 3553; x_wconf 67' lang='lat' dir='ltr'><strong>turbulentae</strong></span> <span class='ocrx_word' id='word_1_227' title='bbox 473 3490 558 3575; x_wconf 92' lang='lat' dir='ltr'><strong>plebi</strong></span> <span class='ocrx_word' id='word_1_228' title='bbox 577 3489 788 3575; x_wconf 88' lang='lat' dir='ltr'><strong>tribuumque</strong></span> <span class='ocrx_word' id='word_1_229' title='bbox 806 3512 889 3577; x_wconf 85' lang='lat' dir='ltr'><strong>saepe</strong></span> <span class='ocrx_word' id='word_1_230' title='bbox 907 3492 1043 3555; x_wconf 88' lang='lat' dir='ltr'><strong>comitiis</strong></span> <span class='ocrx_word' id='word_1_231' title='bbox 1060 3489 1223 3579; x_wconf 83' lang='lat' dir='ltr'><strong>gaudebat</strong></span> 
     </span>
     <span class='ocr_line' id='line_1_29' title="bbox 157 3590 1221 3681; baseline 0.003 -29"><span class='ocrx_word' id='word_1_232' title='bbox 157 3592 351 3654; x_wconf 89' lang='lat' dir='ltr'><strong>immisceri:</strong></span> <span class='ocrx_word' id='word_1_233' title='bbox 368 3607 399 3651; x_wconf 86' lang='lat' dir='ltr'><strong>et</strong></span> <span class='ocrx_word' id='word_1_234' title='bbox 414 3591 476 3652; x_wconf 90' lang='lat' dir='ltr'><strong>hoc</strong></span> <span class='ocrx_word' id='word_1_235' title='bbox 494 3613 594 3678; x_wconf 83' lang='lat' dir='ltr'><strong>genus</strong></span> <span class='ocrx_word' id='word_1_236' title='bbox 610 3590 780 3653; x_wconf 91' lang='lat' dir='ltr'><strong>hominum</strong></span> <span class='ocrx_word' id='word_1_237' title='bbox 797 3591 869 3678; x_wconf 92' lang='lat' dir='ltr'><strong>plus</strong></span> <span class='ocrx_word' id='word_1_238' title='bbox 885 3593 998 3672; x_wconf 86' lang='lat' dir='ltr'><strong>etiam,</strong></span> <span class='ocrx_word' id='word_1_239' title='bbox 1013 3614 1109 3679; x_wconf 92' lang='lat' dir='ltr'><strong>quam</strong></span> <span class='ocrx_word' id='word_1_240' title='bbox 1127 3593 1221 3681; x_wconf 84' lang='lat' dir='ltr'><strong>inge·</strong></span> 
     </span>
     <span class='ocr_line' id='line_1_30' title="bbox 158 3691 1221 3780; baseline 0.004 -26"><span class='ocrx_word' id='word_1_241' title='bbox 158 3692 215 3754; x_wconf 91' lang='lat' dir='ltr'><strong>nui</strong></span> <span class='ocrx_word' id='word_1_242' title='bbox 235 3693 339 3769; x_wconf 89' lang='lat' dir='ltr'><strong>cives,</strong></span> <span class='ocrx_word' id='word_1_243' title='bbox 361 3691 632 3755; x_wconf 86' lang='lat' dir='ltr'><strong>tumultuabatur.</strong></span> <span class='ocrx_word' id='word_1_244' title='bbox 651 3693 719 3756; x_wconf 87' lang='lat' dir='ltr'><strong>Hac</strong></span> <span class='ocrx_word' id='word_1_245' title='bbox 738 3692 808 3780; x_wconf 84' lang='lat' dir='ltr'><strong>lege</strong></span> <span class='ocrx_word' id='word_1_246' title='bbox 826 3709 950 3780; x_wconf 89' lang='lat' dir='ltr'><strong>patrem</strong></span> <span class='ocrx_word' id='word_1_247' title='bbox 973 3694 1018 3757; x_wconf 87' lang='lat' dir='ltr'><strong>M.</strong></span> <span class='ocrx_word' id='word_1_248' title='bbox 1033 3695 1221 3780; x_wconf 69' lang='lat' dir='ltr'><strong>Perpernae,</strong></span> 
     </span>
     <span class='ocr_line' id='line_1_31' title="bbox 155 3792 1223 3884; baseline 0.005 -29"><span class='ocrx_word' id='word_1_249' title='bbox 155 3792 243 3871; x_wconf 84' lang='lat' dir='ltr'><strong>ejus,</strong></span> <span class='ocrx_word' id='word_1_250' title='bbox 258 3793 314 3884; x_wconf 86' lang='lat' dir='ltr'><strong>qui</strong></span> <span class='ocrx_word' id='word_1_251' title='bbox 331 3793 550 3855; x_wconf 87' lang='lat' dir='ltr'><strong>Aristonicum</strong></span> <span class='ocrx_word' id='word_1_252' title='bbox 562 3810 706 3880; x_wconf 88' lang='lat' dir='ltr'><strong>ceperat,</strong></span> <span class='ocrx_word' id='word_1_253' title='bbox 719 3793 752 3855; x_wconf 91' lang='lat' dir='ltr'><strong>in</strong></span> <span class='ocrx_word' id='word_1_254' title='bbox 765 3795 1028 3882; x_wconf 85' lang='lat' dir='ltr'><strong>peregrinitatem</strong></span> <span class='ocrx_word' id='word_1_255' title='bbox 1045 3818 1114 3859; x_wconf 88' lang='lat' dir='ltr'><strong>esse</strong></span> <span class='ocrx_word' id='word_1_256' title='bbox 1129 3794 1223 3860; x_wconf 88' lang='lat' dir='ltr'><strong>reda-</strong></span> 
     </span>
     <span class='ocr_line' id='line_1_32' title="bbox 156 3890 1222 3983; baseline 0.005 -26"><span class='ocrx_word' id='word_1_257' title='bbox 156 3890 264 3973; x_wconf 83' lang='lat' dir='ltr'><strong>¹ctum,</strong></span> <span class='ocrx_word' id='word_1_258' title='bbox 281 3918 346 3955; x_wconf 90' lang='lat' dir='ltr'><strong>non</strong></span> <span class='ocrx_word' id='word_1_259' title='bbox 363 3894 462 3956; x_wconf 88' lang='lat' dir='ltr'><strong>futilis</strong></span> <span class='ocrx_word' id='word_1_260' title='bbox 478 3895 664 3974; x_wconf 82' lang='lat' dir='ltr'><strong>conjectura</strong></span> <span class='ocrx_word' id='word_1_261' title='bbox 677 3911 726 3959; x_wconf 91' lang='lat' dir='ltr'><strong>est</strong></span> <span class='ocrx_word' id='word_1_262' title='bbox 742 3896 790 3958; x_wconf 92' lang='lat' dir='ltr'><strong>:is</strong></span> <span class='ocrx_word' id='word_1_263' title='bbox 806 3897 891 3958; x_wconf 91' lang='lat' dir='ltr'><strong>enim</strong></span> <span class='ocrx_word' id='word_1_264' title='bbox 907 3914 981 3983; x_wconf 90' lang='lat' dir='ltr'><strong>post</strong></span> <span class='ocrx_word' id='word_1_265' title='bbox 996 3897 1050 3960; x_wconf 91' lang='lat' dir='ltr'><strong>filii</strong></span> <span class='ocrx_word' id='word_1_266' title='bbox 1063 3913 1222 3977; x_wconf 89' lang='lat' dir='ltr'><strong>mortem,</strong></span> 
     </span>
     <span class='ocr_line' id='line_1_33' title="bbox 158 3995 1226 4086; baseline 0.007 -28"><span class='ocrx_word' id='word_1_267' title='bbox 158 3995 379 4084; x_wconf 87' lang='lat' dir='ltr'><strong>repetentibus</strong></span> <span class='ocrx_word' id='word_1_268' title='bbox 397 4019 471 4057; x_wconf 90' lang='lat' dir='ltr'><strong>eum</strong></span> <span class='ocrx_word' id='word_1_269' title='bbox 483 3997 615 4060; x_wconf 83' lang='lat' dir='ltr'><strong>Sabellis</strong></span> <span class='ocrx_word' id='word_1_270' title='bbox 627 4045 636 4077; x_wconf 88' lang='lat'><strong>,</strong></span> <span class='ocrx_word' id='word_1_271' title='bbox 649 3998 776 4061; x_wconf 89' lang='lat' dir='ltr'><strong>civitate</strong></span> <span class='ocrx_word' id='word_1_272' title='bbox 790 4020 941 4079; x_wconf 86' lang='lat' dir='ltr'><strong>romana,</strong></span> <span class='ocrx_word' id='word_1_273' title='bbox 958 4015 1127 4086; x_wconf 86' lang='lat' dir='ltr'><strong>tanquam,</strong></span> <span class='ocrx_word' id='word_1_274' title='bbox 1141 4000 1226 4065; x_wconf 90' lang='lat' dir='ltr'><strong>nihil</strong></span> 
     </span>
     <span class='ocr_line' id='line_1_34' title="bbox 158 4097 1227 4190; baseline 0.007 -32"><span class='ocrx_word' id='word_1_275' title='bbox 158 4097 198 4159; x_wconf 91' lang='lat' dir='ltr'><strong>ad</strong></span> <span class='ocrx_word' id='word_1_276' title='bbox 213 4121 247 4159; x_wconf 85' lang='lat' dir='ltr'><strong>se</strong></span> <span class='ocrx_word' id='word_1_277' title='bbox 260 4097 456 4183; x_wconf 81' lang='lat' dir='ltr'><strong>pertinente,</strong></span> <span class='ocrx_word' id='word_1_278' title='bbox 467 4099 570 4160; x_wconf 86' lang='lat' dir='ltr'><strong>caruit</strong></span> <span class='ocrx_word' id='word_1_279' title='bbox 581 4121 588 4161; x_wconf 93' lang='lat'>:</span> <span class='ocrx_word' id='word_1_280' title='bbox 600 4097 801 4162; x_wconf 88' lang='lat' dir='ltr'><strong>memorabili</strong></span> <span class='ocrx_word' id='word_1_281' title='bbox 816 4121 907 4178; x_wconf 87' lang='lat' dir='ltr'><strong>casu,</strong></span> <span class='ocrx_word' id='word_1_282' title='bbox 918 4116 955 4162; x_wconf 90' lang='lat' dir='ltr'><strong>ut</strong></span> <span class='ocrx_word' id='word_1_283' title='bbox 970 4101 1025 4186; x_wconf 92' lang='lat' dir='ltr'><strong>qui</strong></span> <span class='ocrx_word' id='word_1_284' title='bbox 1043 4102 1157 4164; x_wconf 84' lang='lat' dir='ltr'><strong>consul</strong></span> <span class='ocrx_word' id='word_1_285' title='bbox 1167 4125 1227 4190; x_wconf 87' lang='lat' dir='ltr'><strong>po·</strong></span> 
     </span>
     <span class='ocr_line' id='line_1_35' title="bbox 159 4198 1224 4283; baseline 0.007 -23"><span class='ocrx_word' id='word_1_286' title='bbox 159 4200 225 4283; x_wconf 92' lang='lat' dir='ltr'><strong>puli</strong></span> <span class='ocrx_word' id='word_1_287' title='bbox 245 4198 369 4261; x_wconf 82' lang='lat' dir='ltr'><strong>romani</strong></span> <span class='ocrx_word' id='word_1_288' title='bbox 388 4199 516 4278; x_wconf 87' lang='lat' dir='ltr'><strong>luisset,</strong></span> <span class='ocrx_word' id='word_1_289' title='bbox 539 4200 615 4263; x_wconf 83' lang='lat' dir='ltr'><strong>civis</strong></span> <span class='ocrx_word' id='word_1_290' title='bbox 634 4222 787 4263; x_wconf 89' lang='lat' dir='ltr'><strong>romanus</strong></span> <span class='ocrx_word' id='word_1_291' title='bbox 808 4222 874 4262; x_wconf 89' lang='lat' dir='ltr'><strong>non</strong></span> <span class='ocrx_word' id='word_1_292' title='bbox 897 4200 996 4265; x_wconf 81' lang='lat' dir='ltr'><strong>fuisse</strong></span> <span class='ocrx_word' id='word_1_293' title='bbox 1010 4201 1224 4281; x_wconf 87' lang='lat' dir='ltr'><strong>judicaretur.</strong></span> 
     </span>
    </p>

    <p class='ocr_par' dir='ltr' id='par_1_6' title="bbox 198 4297 1228 4391">
     <span class='ocr_line' id='line_1_36' title="bbox 198 4297 1228 4391; baseline 0.008 -32"><span class='ocrx_word' id='word_1_294' title='bbox 198 4297 1228 4391; x_wconf 75' lang='lat' dir='ltr'><strong>XVll.EodemannutriumphatumexAsiareperioM&#39;.Aquil·</strong></span> 
     </span>
    </p>
   </div>
   <div class='ocr_carea' id='block_1_3' title="bbox 196 4491 852 4552">
    <p class='ocr_par' dir='ltr' id='par_1_7' title="bbox 196 4491 852 4552">
     <span class='ocr_line' id='line_1_37' title="bbox 196 4491 852 4552; baseline 0.006 -15"><span class='ocrx_word' id='word_1_295' title='bbox 196 4491 210 4550; x_wconf 63' lang='lat' dir='ltr'><strong>fi</strong></span> <span class='ocrx_word' id='word_1_296' title='bbox 224 4493 293 4538; x_wconf 66' lang='lat' dir='ltr'><strong>tt&#39;t.</strong></span> <span class='ocrx_word' id='word_1_297' title='bbox 311 4497 371 4539; x_wconf 76' lang='lat' dir='ltr'><strong>t‘rst.</strong></span> <span class='ocrx_word' id='word_1_298' title='bbox 384 4510 405 4536; x_wconf 78' lang='lat' dir='ltr'><strong>t.</strong></span> <span class='ocrx_word' id='word_1_299' title='bbox 423 4493 573 4552; x_wconf 76' lang='lat' dir='ltr'><strong>Respublica.</strong></span> <span class='ocrx_word' id='word_1_300' title='bbox 583 4520 614 4529; x_wconf 66' lang='lat'><strong>—-⁴</strong></span> <span class='ocrx_word' id='word_1_301' title='bbox 625 4493 679 4539; x_wconf 86' lang='lat' dir='ltr'><strong>Val.</strong></span> <span class='ocrx_word' id='word_1_302' title='bbox 692 4495 759 4540; x_wconf 76' lang='lat' dir='ltr'><strong>Mu.</strong></span> <span class='ocrx_word' id='word_1_303' title='bbox 770 4494 819 4549; x_wconf 93' lang='lat' dir='ltr'><strong>lll,</strong></span> <span class='ocrx_word' id='word_1_304' title='bbox 830 4501 852 4546; x_wconf 72' lang='grc' dir='ltr'><strong>(ι.</strong></span> 
     </span>
    </p>
   </div>
   <div class='ocr_carea' id='block_1_4' title="bbox 0 0 1303 4980">
    <p class='ocr_par' dir='ltr' id='par_1_8' title="bbox 0 0 1303 4980">
     <span class='ocr_line' id='line_1_38' title="bbox 0 0 1303 4980; baseline 0 0"><span class='ocrx_word' id='word_1_305' title='bbox 0 0 1303 4980; x_wconf 95' lang='lat' dir='ltr'><strong> </strong></span> 
     </span>
    </p>
   </div>
  </div>
 </body>
</html>
