2594 4980
125 720 189 804 ilici
272 722 364 804 ¹10.
391 716 725 786 FREINSHEMII
757 714 1002 784 SUPPLEM.

165 842 227 905 LV.
248 842 366 903 Decem
382 845 533 926 praeterea
547 836 640 926 legati
654 848 745 899 inore
760 834 920 913 majorum
940 835 983 898 ad
998 835 1045 899 Sti

120 944 225 1022 missi,
238 964 378 1029 quorum
392 940 434 1003 de
450 939 609 1003 sententia
625 960 675 1000 res
691 935 865 1001 ordinaret.
879 937 920 998 Hi
935 936 993 999 ubi
1008 959 1045 1000 ve

120 1067 231 1109 omues
246 1043 389 1130 reliquiae
407 1041 498 1105 urbis
509 1038 656 1104 funditus
670 1038 781 1101 excise
796 1060 804 1101 ε
817 1035 931 1100 eadem
944 1037 1015 1101 aliis
1031 1059 1045 1099 ε

120 1146 245 1234 oppidis
257 1146 342 1209 illata
355 1143 500 1226 vastitas,
517 1163 589 1229 quae
604 1141 637 1202 in
652 1155 743 1227 parte
756 1138 931 1202 Poenorum
945 1137 1045 1226 perid

120 1249 255 1312 luerunt.
269 1250 355 1337 Ager
364 1246 492 1310 illarum
507 1243 603 1308 sociis
616 1241 729 1330 populi
744 1240 870 1303 romoni
884 1239 974 1303 dono
989 1237 1045 1302 dut

118 1350 246 1438 gissime
260 1347 482 1429 Uticensibus,
496 1345 632 1434 quibus,
643 1339 804 1430 quidquid
815 1340 1044 1428 Carthaginem

119 1472 237 1536 ponem
258 1448 409 1538 regionis.
422 1447 605 1527 interiacet,
629 1442 862 1508 contributum.
883 1441 1000 1528 Neque
1023 1441 1045 1505 ll

118 1574 208 1638 reges
222 1573 283 1615 suo
299 1567 379 1614 sunt
391 1549 524 1639 praemio
540 1544 732 1611 defraudati.
748 1545 896 1623 Caeteris,
918 1566 1045 1631 quorun

118 1651 278 1732 officium,
297 1672 403 1737 neque
419 1648 535 1730 injuria
553 1647 688 1735 insignis
705 1646 824 1726 fitemt,
838 1644 999 1708 tributum
1015 1666 1045 1709 es

118 1755 234 1834 situm,
250 1755 284 1816 in
304 1774 412 1841 agros,
432 1767 466 1815 et
482 1749 585 1838 oapita
604 1768 611 1811 :
630 1746 777 1833 factaque
794 1746 980 1834 provincia,
994 1769 1045 1833 qut

118 1854 364 1942 susquotannis
382 1852 424 1915 ab
440 1849 530 1913 Urbe
546 1861 664 1935 praetor
681 1846 854 1911 obtineret.
875 1849 951 1911 Haec
963 1847 1045 1910 ubit

117 1956 212 2044 legati
238 1953 426 2029 ediderunt,
448 1950 585 2011 Romam
613 1963 689 2011 sunt
708 1947 837 2012 reversi
863 1947 992 2034 Scipio,
1015 1970 1045 2035 p

118 2077 190 2141 quae
205 2068 335 2118 senatus
351 2064 564 2138 proeceperat,
588 2049 736 2135 exemplo
754 2048 853 2136 patris
874 2047 1017 2129 AErnilii,
1036 2072 1045 2112 t

118 2153 359 2220 macedonicam
381 2149 549 2226 victoriam
565 2147 681 2214 eodem
702 2169 819 2238 genere
841 2146 1045 2237 magnificent

118 2255 244 2342 phipoli
269 2253 375 2315 fueret
396 2271 493 2331 usus,
521 2250 858 2337 eximiaspectacula,
886 2251 999 2331 omnis
1021 2250 1045 2313 el

116 2378 185 2419 non
201 2352 300 2417 modo
316 2351 415 2431 judex
432 2349 586 2431 idoneus,
609 2348 667 2414 sed
689 2350 785 2413 etiam
804 2350 1045 2415 sollertissimus

116 2454 231 2519 edidit.
320 2506 324 2511 .
371 2469 376 2479 ·
843 2448 847 2456 '

134 2556 243 2619 ,ὡν-Ι».
255 2555 335 2617 Herc
344 2555 503 2618 calamitas
512 2554 757 2643 Carthaginem,
771 2571 846 2642 post
854 2555 1045 2644 septingenti

115 2655 244 2722 estndita
267 2655 372 2718 fluerat
388 2656 509 2735 annos,
532 2656 658 2720 delevit.
683 2656 828 2721 Alterum
854 2679 931 2720 mox
954 2656 1045 2722 itube

115 2758 334 2823 humanorum
356 2778 464 2821 rerum
486 2756 521 2819 in
539 2757 754 2822 urbe'minus
771 2773 919 2847 potente,
943 2758 1002 2823 sed
1018 2780 1045 2822 ω

116 2858 189 2938 bili,
201 2858 437 2921 documentum
453 2858 585 2931 fortuna
600 2856 705 2941 dedit,
719 2857 890 2923 evertenda
904 2881 964 2946 per
979 2881 1045 2923 ocu

115 2957 323 3023 aehnieo'rum
341 2974 493 3021 motuum
509 2959 677 3023 Corintho.
696 2959 774 3038 Ejus
794 2958 892 3022 eladis
908 2960 1045 3050 proecipu

117 3083 215 3146 penes
233 3061 411 3124 Critolaum
428 3061 507 3139 fuit,
521 3061 591 3147 pari
611 3056 774 3149 imperitia.
791 3076 824 3124 et
840 3061 925 3124 fastu
944 3084 1045 3126 ronuu

114 3160 369 3245 pertinacissime
381 3176 632 3247 provoaantein.
657 3162 770 3244 Quum
791 3163 876 3225 enim
896 3163 974 3227 ltine
994 3164 1045 3228 Set

116 3263 237 3342 unna,
253 3260 330 3325 iude
347 3260 573 3348 Peloponneso
592 3262 766 3327 Thearidas
783 3266 922 3351 egressi,
939 3281 1045 3329 mutu<

111 3362 231 3429 itinere
249 3360 479 3442 occurrissent,
492 3365 747 3453 Romanusque,
763 3387 795 3428 se
808 3365 930 3454 affim
947 3381 1045 3431 senati

116 3463 214 3540 data„
229 3461 370 3542 diceret,
387 3464 484 3527 ambo
503 3464 537 3528 in
559 3467 712 3531 Achaiam
730 3483 807 3531 sunt
824 3467 985 3556 profecti:
1006 3468 1045 3532 ul

115 3560 201 3652 AEgii
213 3560 393 3626 etmeilium
403 3563 515 3629 dutum
532 3583 620 3630 esset
630 3568 802 3650 Romanis,
817 3569 888 3632 Sex.
904 3568 1045 3646 Julius‚l

115 3659 265 3723 oratione
278 3681 449 3748 praesentas
466 3667 670 3753 alloquutus,
685 3670 806 3734 crimen
823 3670 858 3733 in
867 3671 990 3757 legatos
1004 3670 1046 3734 ad

116 3759 211 3823 etiam
232 3760 439 3847 clementius,
464 3789 562 3853 quarn
589 3768 648 3855 ipsi
672 3767 773 3833 ferme
797 3770 921 3853 Achaei,
939 3772 1045 3860 -intetq

112 3877 185 3942 tur3
202 3877 239 3924 ut
255 3882 439 3950 appareret,
458 3866 547 3930 haud
562 3890 681 3958 magno
698 3871 829 3959 negotio
845 3872 989 3937 satisfieri
1005 3873 1045 3939 sil

114 3977 262 4033 senatum
279 3986 451 4050 passurum
467 3989 475 4030 ε
496 3967 576 4032 dum
593 3969 728 4057 nequid
744 3971 881 4036 ulterius
896 3974 947 4037 vel
960 3975 994 4038 in
1010 3975 1045 4062 ip

149 4199 165 4263 S
181 4201 231 4247 LV.
244 4200 325 4250 Strah.
338 4200 382 4250 lib.
395 4203 485 4261 xvn,
498 4220 524 4267 p.
539 4205 598 4254 833.
609 4233 644 4243 -
653 4207 760 4273 Appian.
773 4232 809 4243 -
821 4208 876 4254 Liv.
893 4209 959 4273 Epit.
973 4235 1009 4246 -
1021 4210 1045 4258 lu*

118 4284 157 4329 32.
177 4310 209 4321 -
232 4282 248 4346 5
268 4285 331 4331 Lvl.
351 4284 458 4349 App‘un.
476 4313 511 4322 -
521 4287 586 4336 Veli.
604 4290 629 4348 1,
645 4304 691 4338 aa.
704 4316 740 4327 -
752 4290 827 4338 Oros.
842 4292 887 4351 Π,
898 4293 946 4340 ais
961 4320 997 4330 —
1013 4293 1045 4342 Gi

115 4368 189 4416 neor.
204 4369 257 4424 111,
278 4369 319 4414 ss,
334 4395 369 4404 -
381 4368 445 4418 nor.
460 4371 497 4429 11,
517 4373 557 4420 ιδ.
573 4399 606 4410 -
624 4372 712 4436 Polyb.
729 4375 844 4437 excerpt.
861 4375 946 4438 tegat.
960 4362 1045 4431 14ss-

115 4446 159 4494 nh.
167 4450 222 4495 vn.
234 4475 268 4484 -
282 4449 369 4513 rotyn.
