2594 4980
196 773 242 859 34
371 774 440 841 JO.
468 767 806 838 FREINSHEMII
838 764 1081 835 SUPPLEM.

192 895 347 985 temperie
357 894 390 956 in
405 894 519 957 luxum
533 904 565 954 et
578 889 742 954 avaritiam
758 887 948 975 provolutus
963 904 1026 971 est3
1042 909 1116 952 nam
1131 906 1164 956 et
1177 894 1259 957 vino

192 997 428 1076 deditissimus,
444 1006 558 1081 praeter
571 991 716 1054 instituta
726 990 841 1078 patria,
854 989 1081 1053 bacchicorum
1095 990 1257 1058 artificum

190 1097 372 1165 introduxit
383 1094 539 1159 insaniam
552 1107 617 1172 :et,
628 1090 764 1179 pecunia
774 1088 983 1177 undiquaque
992 1113 1117 1155 corrasa
1126 1140 1135 1174 ,
1144 1094 1257 1159 'I‘imo-

112 1260 117 1269 .
191 1201 303 1266 theum
318 1197 468 1288 quidem,
483 1218 548 1283 quo
563 1194 723 1283 praecipue
736 1209 868 1257 auctore
883 1192 924 1256 ad
941 1215 1078 1281 regnum
1095 1217 1255 1283 per-vene.

188 1320 250 1384 rat,
269 1296 646 1386 talentisquadraginta,
668 1295 870 1358 Demetrium
898 1316 1006 1385 regem
1030 1297 1254 1384 septuaginta,

188 1403 371 1484 coronarit3
388 1413 503 1488 praeter
519 1412 664 1462 sexcenta
682 1397 819 1478 talenta,
839 1418 910 1484 quae
928 1397 1025 1485 paulo
1043 1412 1116 1486 post
1135 1421 1254 1464 nume-

187 1521 333 1570 raturum
344 1500 450 1566 eidem
460 1498 591 1585 recepit,
601 1498 703 1562 etalio
713 1497 765 1562 die
777 1498 903 1562 residua
913 1498 1159 1589 quadringenta.
1169 1502 1255 1584 Qui·

186 1607 248 1672 bus
264 1607 361 1671 rebus
374 1624 476 1691 quum
494 1600 647 1665 alienatos
663 1623 680 1663 a
695 1622 728 1663 se
744 1601 950 1689 popularium
964 1602 1090 1665 animos
1107 1603 1255 1668 animad-

184 1723 340 1787 verteret,
359 1706 424 1785 jam
441 1704 530 1767 velut
545 1699 586 1766 ab
602 1702 740 1767 inimicis
756 1703 905 1768 vindictae
921 1727 1015 1768 causa
1037 1706 1254 1793 extorquebat

183 1810 352 1898 pecunias,
367 1803 498 1894 quando
509 1805 541 1867 in
557 1827 692 1869 suorum
706 1805 822 1867 animis
833 1828 899 1868 non
917 1822 1042 1893 posset,
1052 1794 1084 1869 in
1097 1806 1148 1870 his
1158 1829 1251 1894 spem

181 1911 388 1998 praesentium
405 1927 514 1970 rerum
531 1905 767 1969 collocaturus:
783 1927 822 1968 eo
842 1906 977 1971 consilio
1000 1923 1033 1971 et
1053 1907 1141 1996 apud
1157 1908 1252 1974 Prie·

182 2031 297 2074 nenses
309 2008 500 2096 pecuniam,
512 2008 630 2070 talentu
643 2006 893 2095 quadringenta,
910 2007 1076 2098 deposuit,
1089 2026 1127 2074 ut
1139 2011 1250 2078 subsi-

181 2109 236 2175 dio
252 2111 316 2173 hoc
333 2110 366 2171 in
382 2130 513 2173 omnem
527 2107 692 2171 fortunam
710 2125 867 2173 uteretur.

224 2211 344 2275 XVIII.
367 2210 456 2274 Nihil
476 2209 595 2271 horum
615 2208 806 2273 Ariarathen
830 2208 976 2292 fallebat,
994 2212 1068 2298 qui,
1088 2234 1192 2299 quum
1213 2236 1251 2279 se

177 2314 340 2402 plerisque
362 2310 590 2399 Cappadocum
616 2326 742 2399 gratum
767 2332 856 2391 esse,
878 2327 990 2375 contra
1016 2313 1248 2402 Orophernem

128 2460 135 2469 -
178 2414 330 2479 omnibus
352 2434 503 2493 exosum,
525 2410 638 2492 sciret,
661 2410 812 2498 colligere
830 2410 938 2499 copias
962 2412 1074 2501 coepit,
1098 2430 1131 2477 et
1153 2418 1248 2504 regni

176 2514 421 2606 partem,·unde
439 2514 471 2576 vi
488 2528 636 2575 extrusus
653 2512 777 2593 fuerat,
795 2513 828 2575 vi
848 2528 994 2601 repetere
1013 2539 1020 2579 :
1044 2538 1152 2604 neque
1174 2519 1248 2585 leve

176 2616 400 2697 adjumentum
415 2629 483 2677 erat
494 2613 639 2692 Attalus,
651 2613 707 2701 qui
721 2635 827 2701 nuper
837 2612 992 2678 defuncto
1006 2615 1168 2700 Eumene,
1182 2642 1248 2707 pro

175 2710 241 2784 filio
250 2721 318 2798 ejus
329 2716 546 2780 Philometore
555 2714 662 2777 Attalo
676 2736 813 2802 regnum
828 2712 1076 2797 administrans,
1090 2717 1179 2782 enise
1193 2719 1246 2784 fe-

68 2850 72 2875 ι
174 2820 266 2884 rebat
278 2814 434 2882 auxilium
448 2838 456 2880 :
472 2816 545 2903 plus
558 2832 666 2879 tamen
684 2810 751 2902 ipse
768 2815 830 2878 sibi
847 2816 1004 2891 contulit,
1021 2818 1192 2904 prudentia
1211 2840 1245 2887 et

175 2921 285 2985 labore
301 2920 437 3008 dignum
452 2941 486 2981 se
504 2919 591 3000 loco,
607 2940 705 3005 quem
721 2917 929 3004 reposcebat,
945 2917 1129 2984 ostendens.
1143 2922 1245 2989 Unde

173 3044 223 3086 res
239 3043 312 3085 suas
325 3018 471 3107 quotidie
483 3017 658 3083 deteriores
678 3016 745 3082 fieri
763 3017 875 3082 videns
892 3018 1103 3107 Orophernes
1113 3069 1122 3103 ,
1132 3038 1165 3087 et
1175 3023 1244 3091 hoc

135 3120 143 3128 ’
173 3145 306 3211 quoque
317 3136 421 3202 metu,
434 3142 475 3182 ne
488 3119 529 3183 ad
542 3119 669 3183 hostem
681 3116 834 3183 deficeret
844 3167 853 3199 ,
865 3117 908 3182 ob
924 3119 1161 3207 stipendiorum
1175 3125 1246 3190 sol-³

173 3222 355 3286 vendorum
368 3242 503 3300 moram,
520 3221 805 3306 exercitus,quem
824 3243 882 3308 per
895 3222 1084 3301 injustitiam
1102 3246 1245 3315 occupa-

173 3341 262 3389 verat
272 3339 411 3404 statum,
427 3323 590 3412 sacrilegio
603 3322 687 3386 tueri
702 3321 851 3386 instituit.
864 3324 999 3388 Celebre
1012 3325 1163 3415 gentibus
1176 3328 1243 3394 illis

172 3425 234 3490 sub
251 3440 378 3504 monte,
396 3447 492 3511 quem
509 3424 664 3489 Ariadnes
682 3440 818 3505 vocant,
835 3427 993 3513 templum
1010 3443 1075 3509 est,
1099 3429 1169 3493 Iovi
1186 3453 1241 3496 sa·

172 3546 286 3591 crum:
303 3525 337 3589 id
356 3527 455 3589 veteri
472 3524 637 3613 opulentia
655 3523 743 3590 dives
760 3527 907 3613 spoliavit
924 3526 994 3607 ille',
1014 3527 1242 3619 militibusque

172 3626 370 3718 stipendium
385 3650 423 3690 ex
439 3649 476 3690 ea
493 3626 630 3714 pecunia
644 3626 809 3691 dissolvit:
825 3650 932 3716 neque
948 3643 1055 3692 umen
1077 3627 1125 3714 (ut
1139 3630 1244 3696 breve

169 3728 363 3816 plerumque
377 3749 481 3791 aevum
500 3743 549 3791 est
567 3727 716 3815 potentie
728 3730 833 3816 pravis
852 3729 975 3793 artibus
985 3730 1091 3818 ¹fultae)
1108 3731 1166 3797 diu
1184 3756 1241 3800 re·

171 3831 282 3895 sistere
292 3831 342 3893 vel
352 3829 496 3894 hostium
507 3829 629 3893 viribus
639 3878 648 3910 ,
658 3831 708 3893 vel
723 3831 842 3895 civium
856 3831 954 3911 odiis,
968 3833 1093 3920 potuit3
1103 3834 1240 3901 relicto·

169 3952 234 4018 que
242 3953 361 4020 regno,
373 3930 415 3994 ad
425 3931 625 3994 Demetrium
637 3931 744 4006 ,unde
755 3950 902 4014 venerat,
913 3934 1119 3998 Antiochiam
1134 3959 1170 4000 se
1187 3960 1241 4002 re·

170 4032 264 4120 cepit.
280 4031 342 4096 Hic
357 4055 396 4095 eo
412 4047 558 4119 tempore
573 4031 646 4096 finis
667 4049 816 4097 motuum
834 4033 868 4096 in
886 4035 1086 4122 Cappadocia
1103 4036 1176 4101 fuit.

212 4133 301 4198 XIX.
321 4138 363 4198 At
382 4134 416 4196 in
436 4134 544 4198 Africa
564 4136 729 4223 perpetuis
750 4135 926 4200 Masinissae
946 4136 1099 4201 adversus
1116 4138 1240 4205 Poenos

201 4347 313 4415 §xm
324 4349 377 4397 biv.
387 4348 454 4414 Epir.
468 4376 503 4385 —
516 4349 624 4415 Appian.
639 4377 673 4388 -
687 4354 775 4402 Zonar.
787 4381 823 4390 -
835 4355 910 4403 Diod.
926 4355 993 4422 apud
1006 4356 1087 4406 Valet.
1098 4385 1134 4396 -
1143 4351 1240 4413 ultae?

165 4433 229 4482 Hirr.
242 4450 292 4482 var.
303 4436 344 4493 II,
358 4442 399 4489 tr.
408 4461 444 4470 -
452 4433 540 4498 Polyb.
551 4434 619 4498 apud
627 4435 719 4484 Athen.
729 4438 767 4496 X,
780 4454 820 4485 rr.
835 4465 869 4476 -
880 4439 897 4504 S
908 4442 1234 4495 miserantium.
1289 4466 1293 4471 ·

166 4543 201 4554 ·-
214 4516 302 4580 Polyb.
315 4516 380 4582 apud
390 4517 470 4565 Valet.
484 4543 519 4554 -
531 4518 619 4581 Polyb.
630 4520 680 4575 111,
692 4519 715 4567 5.
727 4547 762 4557 -
774 4521 850 4569 Diod.
859 4549 895 4562 -
903 4525 967 4572 Just.
978 4525 1089 4585 mv,
1103 4541 1125 4574 r.
