2594 4980
10 39 1284 320 u

328 717 1038 792 INLoc.Llss.'LXI1L1va1.
1082 729 1083 732 ’
1143 721 1213 812 427

193 845 306 910 LVIII.
324 842 388 908 Sed
401 857 574 930 postquam
588 839 675 905 adea
685 856 833 929 tempora
849 856 1040 928 perventum
1058 854 1122 922 est,
1141 839 1216 928 qui-

148 947 210 1012 bus
227 948 259 1009 in
277 945 467 1010 Macedonia
481 943 700 1031 Thraciaque,
720 958 753 1008 et
772 943 885 1007 vicinis
903 942 1056 1034 gentibus
1079 964 1162 1031 stupe
1183 957 1217 1007 et

148 1050 265 1112 aeriter
280 1063 461 1136 pugnatum
476 1062 543 1126 est3
559 1046 694 1111 minime
710 1046 751 1110 ab
767 1045 917 1110 instituto
938 1045 1081 1110 alienum
1099 1044 1216 1124 fuerit,

149 1152 247 1214 situm
263 1150 405 1230 illarum,
425 1165 458 1213 et
477 1145 756 1236 quemadmodum
768 1146 935 1212 hodiernis
952 1147 1140 1213 nominibus
1155 1168 1215 1210 an·

150 1253 238 1339 tiqua
250 1251 484 1338 respondeant,
497 1265 650 1337 tanquam
661 1250 695 1313 in
707 1249 822 1313 tabella
835 1248 1010 1337 spectanda
1021 1246 1216 1337 proponere.

192 1351 499 1432 LIX.·Macedonia,
517 1373 617 1439 quam
631 1351 827 1432 L..Paullus,
844 1351 941 1416 Perse
956 1351 1058 1431 vieto,
1074 1365 1218 1438 quatuor

149 1456 182 1517 in
202 1455 350 1544 regiones
368 1453 561 1534 divulserat,
585 1474 603 1516 a
626 1454 727 1517 Borea
743 1448 887 1517 Thracioe
908 1452 1136 1540 conjungitur,
1152 1472 1218 1542 qua

148 1557 270 1620 Nessus
286 1557 389 1619 amnis
402 1553 692 1644 perAbderitarum
707 1555 788 1619 fines
801 1555 835 1618 in
843 1554 985 1645 AEgeum
995 1577 1083 1618 mare
1099 1552 1217 1645 decur-

148 1660 199 1721 rit.
224 1658 306 1722 lnde
322 1659 388 1738 jam
407 1673 566 1722 terrarum
588 1658 785 1747 amplissima
807 1659 909 1747 spatia
923 1658 1064 1722 Thraces
1082 1671 1218 1735 tenent,

148 1783 231 1847 quos
250 1784 266 1823 a
282 1760 417 1851 meridie
433 1782 539 1841 mare,
555 1757 647 1848 quod
658 1759 816 1840 diximus,
832 1758 968 1842 claudit,
985 1758 1027 1824 ad
1035 1759 1217 1823 Chersone·

148 1885 220 1925 sum
242 1884 362 1950 usquc,
383 1862 435 1925 eui
451 1861 549 1925 hodie
561 1861 733 1925 Brachium
748 1862 780 1926 S.
798 1859 927 1949 Georgii
940 1884 1060 1925 nomen
1075 1860 1116 1925 ab
1130 1858 1217 1923 Italis

147 1981 195 2027 est
206 1966 416 2052 impositum:
433 1962 509 2027 inde
520 1964 561 2027 ab
577 1979 652 2027 ortu
664 1963 839 2051 Propontis
854 1979 921 2042 est,
937 1963 1129 2051 Byrantium
1141 1983 1217 2050 per·

147 2067 253 2129 tinens
270 2062 286 2148 ,'
302 2066 359 2129 diu
380 2067 506 2129 romani
530 2065 676 2154 imperii,
702 2088 792 2129 nunc
814 2065 929 2129 turcici
947 2064 1144 2153 praecipuam
1164 2085 1216 2127 se·

147 2167 249 2232 dem:
273 2168 330 2231 ubi
349 2166 501 2257 deinceps
519 2167 646 2232 Pontus
663 2168 811 2257 Euxinus
827 2167 963 2256 incipit,
983 2167 1024 2230 ab
1045 2166 1171 2243 oriente
1190 2165 1218 2229 is

148 2292 281 2357 quoque
291 2270 459 2334 Thraciam
473 2271 599 2334 alluens
611 2271 693 2334 :boc
711 2269 795 2336 latus
812 2268 1007 2333 Mesembria
1024 2265 1113 2351 linit,
1128 2265 1219 2331 haud

148 2372 264 2458 procul
277 2371 381 2460 jugis,
397 2395 469 2459 quae
486 2395 563 2436 cum
580 2373 695 2438 Hoemo
712 2371 964 2452 continuantur,
980 2371 1060 2435 etin
1075 2384 1217 2458 septem·

148 2489 269 2535 triones
288 2489 437 2562 vergunt.
1189 2555 1193 2564 Ι

190 2575 257 2637 LX.
272 2576 376 2638 Trans
386 2577 536 2639 Haemum
550 2591 697 2640 montem
714 2575 836 2664 duplex
846 2576 958 2641 Moesia
972 2592 1037 2656 est,
1051 2576 1216 2663 superior,

147 2676 366 2760 inferiorqne5
392 2699 409 2737 a
426 2675 673 2763 praeterfluentis
696 2677 839 2741 Danubii
866 2699 965 2741 cursu
983 2679 1216 2743 nominantur:

147 2775 232 2837 illam
243 2776 360 2857 Servii,
371 2775 454 2840 hanc
467 2777 596 2866 Bulgari
608 2793 721 2865 postea
735 2775 969 2866 possederunt,
980 2778 1101 2867 quihus
1110 2777 1218 2845 adhuc

148 2877 337 2939 nominibus
354 2893 456 2956 notae,
473 2877 656 2941 Turcamm
679 2879 817 2966 imperio
837 2895 960 2967 parent.
981 2883 1067 2944 Tum
1083 2881 1217 2951 Triballi

146 2979 231 3041 inter
243 2978 432 3042 Danubium
446 2995 477 3041 et
491 2978 663 3042 Thraciam
681 2979 832 3044 colebant
851 3003 859 3044 ι
877 3002 975 3069 supra
986 2981 1216 3076 Triballoslin·

146 3098 196 3144 ter
212 3082 299 3145 idem
316 3078 439 3145 flumen
454 3096 487 3144 et
501 3079 745 3164 Macedoniam,
756 3081 825 3147 alite
842 3098 972 3172 gentes,
985 3082 1043 3147 sed
1059 3082 1217 3148 celebrior

146 3184 267 3248 caeteris
288 3181 431 3248 Dardani
442 3176 457 3266 ς’
470 3206 550 3272 quas
565 3183 713 3274 regiones
729 3208 747 3248 a
760 3186 872 3268 Dacis,
888 3187 945 3274 qui
964 3184 1062 3251 hodie
1076 3186 1218 3252 Transil·

145 3287 217 3348 vani
230 3302 324 3367 sunt,
335 3286 508 3350 Danubius
517 3285 723 3352 disterminat
734 3310 743 3352 ε
754 3309 774 3351 a
784 3287 945 3352 Dardania
958 3313 1017 3378 per
1030 3290 1217 3356 Scordiscos

146 3403 178 3449 et
196 3389 358 3452 Dalmatas
378 3388 419 3451 ad
433 3412 521 3452 mare
537 3387 739 3453 Adriaticum
759 3404 792 3453 et
806 3390 929 3454 Italiam
945 3391 1106 3478 perveniri
1121 3407 1216 3482 pota·

146 3501 222 3549 rat:
245 3489 333 3552 unde
353 3490 443 3554 facile
464 3490 631 3555 intellectu
650 3505 716 3572 est,
734 3514 832 3578 quam
853 3508 885 3555 et
906 3491 949 3556 ob
970 3494 1120 3559 locorum
1136 3495 1216 3560 vici·

147 3588 257 3668 niam,
285 3606 317 3652 et
337 3590 666 3657 bellicosissimarum-
680 3593 828 3682 gentium
846 3590 1108 3678 multitudinem,
1129 3619 1216 3662 arma

146 3688 287 3752 thracica
303 3691 428 3779 magnis
444 3692 568 3758 viribus
581 3715 761 3782 magnaque
776 3717 854 3758 cura
867 3697 1011 3759 romanis
1027 3697 1219 3763 sustinenda

146 3791 278 3872 suerint.

190 3891 274 3956 LXl.
298 3891 367 3955 Nec
389 3915 461 3957 sum
487 3897 637 3984 ignarus,
658 3896 699 3959 ab
722 3895 791 3959 aliis
816 3918 931 3960 omnes
954 3898 1033 3963 istos
1056 3900 1217 3989 populos,

147 4010 251 4057 tractu
273 4012 431 4058 terrarum
449 3997 660 4083 amplissimo,
673 3996 854 4061 Thracibus
867 3999 1050 4082 contribui,
1064 4017 1103 4064 ut
1113 4001 1220 4074 Haemi

146 4097 314 4162 montibus
324 4096 464 4161 mediam
474 4097 574 4173 dividi
582 4098 753 4162 Thraciam
764 4115 952 4184 autumem3
965 4124 1025 4166 nec
1036 4103 1218 4185 immeritos

180 4299 196 4364 S
209 4303 275 4349 ux.
287 4301 342 4350 Liv.
353 4303 431 4361 XLV,
443 4317 486 4365 ap.
500 4329 535 4337 ·-·
545 4303 646 4349 Prusan.
658 4300 743 4350 tihssvl
750 4337 757 4362 ‚
765 4318 822 4368 pag.
835 4304 895 4354 352.
904 4304 1051 4355 -Vadiam
1059 4334 1095 4343 -
1104 4310 1214 4360 Eustatlr.

146 4383 172 4429 in
183 4385 258 4431 Hom.
272 4385 341 4440 Iliad.
354 4387 394 4444 ΙΙ,
409 4392 468 4442 tlt·
479 4412 513 4421 -
524 4385 625 4434 Ptolom.
635 4384 678 4435 lib.
690 4387 743 4437 111.
755 4404 809 4452 cap.
821 4403 860 4436 ιι.
868 4389 990 4439 -suah
1000 4389 1106 4453 lib.Vll‚
1115 4410 1142 4460 p.
1155 4395 1220 4459 319.δ

147 4464 207 4528 —S
222 4470 275 4517 Lx.
288 4469 386 4518 OEuvcr.
400 4496 435 4506 -
447 4469 513 4518 Flor-
527 4470 578 4530 111,
591 4478 614 4525 t.
627 4497 661 4507 —-
671 4469 723 4518 Ltv.
735 4472 794 4528 XL,
804 4471 845 4530 57.
