2594 4980
343 714 397 781 nt
425 681 540 783 noo.
567 717 660 784 mn.
687 717 755 783 nx
786 717 1000 786 mvrsnr.
1136 716 1206 817 375

137 846 316 918 temperare
333 833 401 921 ipse
417 858 485 899 non
499 850 624 924 posset,
642 858 729 899 novo
745 836 879 901 invento
897 861 1025 902 servum
1043 841 1205 907 musicum

136 955 211 994 cum
232 933 375 998 eburnea
393 933 498 1000 fistula
521 953 595 1025 post
621 960 655 1002 se
679 938 848 1003 collocavit
868 940 902 1003 in
925 942 1056 1023 rostris,
1077 945 1205 1030 quoties

136 1034 234 1097 verba
252 1034 292 1098 ad
308 1038 469 1125 populum
486 1038 621 1119 faceret,
640 1056 677 1103 ut
698 1041 755 1127 qui
774 1040 892 1105 modus
908 1043 995 1106 vocis
1015 1043 1137 1132 ubique
1155 1060 1205 1109 te·

136 1134 263 1200 nendus
277 1154 377 1219 esset,
395 1139 456 1202 levi
472 1139 593 1204 indicio
610 1140 833 1206 submoneret.

179 1237 344 1305 LXXXII.
363 1240 414 1304 Ab
431 1239 546 1304 eodem
561 1241 678 1306 ardore
694 1243 793 1307 fuisse
810 1243 1001 1324 observant,
1017 1243 1109 1332 quod
1122 1268 1204 1334 prte-

135 1355 183 1399 ter
207 1362 329 1404 morem
351 1344 500 1406 omnium
518 1343 559 1408 ad
580 1365 650 1408 eam
672 1360 796 1408 aetatem
816 1360 1002 1425 oratorum,
1021 1346 1106 1409 inter
1124 1369 1205 1411 con-

133 1440 331 1505 cionandum
361 1444 483 1510 nudato
510 1445 644 1512 brachio
671 1446 858 1511 ambulavit.
891 1449 975 1510 Cum
1004 1447 1063 1510 ista
1095 1463 1203 1511 tamen

131 1541 285 1606 violentia
300 1545 416 1609 multas
429 1546 470 1609 ab
485 1569 525 1610 eo
541 1547 727 1635 reipublicae
743 1563 849 1636 partes
867 1547 995 1636 egregie
1011 1546 1203 1612 constitutas

133 1643 299 1708 I'atendum
313 1662 379 1710 est:
399 1670 504 1736 eoque
518 1664 650 1713 auctore
664 1648 803 1714 subinde
818 1647 967 1736 quaedam
984 1663 1114 1712 senatus
1132 1670 1201 1712 ma·

129 1744 243 1823 jestate
261 1749 446 1836 amplissimi
465 1749 589 1814 ordinis
604 1749 704 1840 digna
720 1748 873 1816 decrevit.
890 1750 1080 1836 Interque,
1097 1772 1200 1836 quum

132 1870 148 1907 a
170 1866 366 1936 propraetore
384 1852 424 1932 Q.
444 1851 544 1914 Fabio
559 1852 694 1915 missum
711 1852 849 1914 Romam
866 1849 1068 1913 frumentum
1089 1871 1128 1912 ex
1145 1850 1202 1914 Hi·

131 1951 241 2036 spania
255 1968 352 2028 esset,
370 1952 535 2017 frumento
545 1952 694 2033 vendito,
711 1950 910 2032 civitatibus,
925 1949 1015 2014 unde
1031 1966 1200 2038 sumptum

131 2051 250 2131 fuerat,
275 2054 422 2117 restituta
451 2056 588 2142 pecunia
617 2070 691 2119 est:
717 2068 898 2141 propraetor
922 2051 1120 2138 increpitus,
1147 2054 1204 2140 qui

122 2156 291 2236 provinciis
306 2158 467 2242 imperium
486 2158 613 2221 romoni
621 2154 738 2245 populi
752 2155 867 2219 durum
887 2155 1112 2242 ingratumque
1127 2150 1201 2242 effi·

129 2274 195 2313 cere
211 2256 398 2318 instituisset.

171 2354 351 2421 LXXXIII.
376 2359 449 2445 lpse
472 2358 576 2448 legem
604 2357 647 2422 de
674 2357 799 2421 horreis
822 2353 1017 2420 edificandis
1044 2355 1136 2435 tulit,
1163 2353 1198 2418 in

128 2455 246 2542 quibus
268 2457 309 2521 ad
333 2481 429 2522 usum
453 2459 550 2523 Urbis
573 2459 706 2523 recondi
731 2480 862 2522 annona
883 2472 1003 2545 posset.
1026 2455 1088 2520 Sed
1113 2457 1198 2520 etin

127 2573 290 2621 senatores
313 2575 409 2646 atque
436 2561 639 2648 magistratus
666 2582 792 2647 poenam
816 2558 938 2637 sanxit,
956 2560 984 2621 si
1004 2561 1071 2645 quis
1091 2579 1198 2621 eorum

125 2662 328 2738 convenisset,
350 2664 533 2747 censetque,
558 2683 620 2748 quo
640 2664 709 2748 quis
718 2659 845 2747 judicio
855 2658 986 2745 publico
1003 2658 1196 2721 condemna·

125 2773 228 2821 retur:
240 2770 271 2821 et
285 2759 324 2820 de
335 2763 437 2846 capr'te
450 2763 522 2822 civis
535 2762 662 2822 romani
674 2760 792 2845 injussu
801 2758 920 2846 populi
921 2758 1071 2846 judicari
1080 2758 1195 2822 vetuit.

111 2859 187 2943 ‘Sed
205 2860 339 2938 mejam
360 2859 493 2924 urbanis
517 2858 621 2922 turbis
638 2856 802 2922 tradendis
821 2859 1007 2947 fatigatum,
1029 2859 1097 2946 ipsa
1114 2874 1197 2922 tem·

124 2984 242 3049 porum
259 2961 357 3025 series
374 2959 491 3024 adalia
506 2981 644 3039 vocans,
667 2973 758 3047 grato
776 2980 912 3023 munere
930 2955 1046 3040 afficit,
1063 2974 1103 3022 ut
1120 2957 1195 3021 alia·

123 3087 196 3127 rum
208 3061 517 3127 commemoratione
530 3082 640 3124 rerum
656 3075 722 3124 tarn
738 3082 827 3124 sevae
843 3057 1010 3123 discordiae
1027 3057 1192 3123 fastidium

122 3166 346 3254 interpoletur.

157 3344 173 3408 5
188 3347 306 3392 mxl.
320 3346 374 3393 val.
391 3347 461 3394 Max.
470 3345 547 3403 vm,
563 3359 602 3392 ro.
618 3369 655 3380 —
668 3341 774 3391 Diodor.
788 3341 855 3407 apud
865 3340 947 3389 valea.
967 3366 1003 3376 -
1016 3339 1139 3389 Plutarch.
1152 3367 1187 3378 ·-

121 3428 280 3492 §Lxxntn
292 3429 343 3477 cic.
358 3428 389 3476 de
402 3430 469 3477 Orat.
479 3430 527 3487 ΠΙ,
544 3427 589 3487 θος
598 3438 684 3475 eontra
697 3426 764 3476 nult.
777 3428 815 3484 11,
825 3426 853 3484 53
863 3439 910 3490 pro
924 3422 1053 3481 Cluentio,
1066 3439 1088 3471 o.
1104 3422 1147 3481 55,
1162 3435 1189 3471 et

122 3524 168 3573 pro
177 3511 205 3558 C.
213 3509 296 3558 Rabir.
306 3526 330 3559 e.
342 3519 366 3566 4.
376 3538 411 3547 -
424 3511 528 3560 Diodor.
542 3511 607 3576 apud
620 3511 702 3559 vales.
711 3537 747 3547 -
760 3509 905 3573 Quintilian.
919 3510 945 3567 I,
960 3523 998 3556 ro.
1014 3534 1050 3544 -
1063 3505 1188 3556 Plutarch.

122 3621 156 3628 -
171 3593 201 3638 U.
216 3592 478 3653 c.630;a.c.122.
