2594 4980
10 17 1288 347 u

874 422 880 433 .

312 724 366 789 m
396 721 507 789 noc.
535 721 630 788 am.
659 672 1028 787 Lxlllt.1leN1.
1134 723 1206 814 449

136 860 247 934 postea
266 843 388 905 bellum
405 841 528 927 erupit,
546 856 583 903 ut
600 862 661 903 sno
680 842 752 903 loco
771 841 1024 905 memorabitur:
1047 865 1136 908 nunc
1153 866 1205 908 re·

138 948 193 1036 gni
210 944 342 1009 exordia
357 946 498 1033 signasse
513 942 695 1024 suffecerit,
710 943 830 1030 quaein
845 945 890 1007 M.
904 945 1031 1007 Livium
1046 947 1208 1029 Drusum,

138 1051 173 1112 L.
187 1047 399 1135 Calpurnium
416 1046 566 1107 Pisonem
585 1046 751 1125 consules,
770 1062 827 1109 aut
843 1047 1028 1134 proximum
1046 1064 1139 1130 ante,
1156 1051 1209 1115 vel

138 1167 212 1238 post
234 1172 306 1228 eos,
324 1170 449 1211 annum
473 1146 677 1210 inciderunt:
699 1146 861 1233 siquidem
878 1171 934 1213 sex
951 1164 1007 1211 aut
1030 1166 1154 1237 septem
1177 1166 1209 1214 et

138 1252 374 1339 quinquaginta
398 1249 522 1336 imperii
541 1248 634 1311 annis
652 1249 788 1324 exactis,
809 1252 845 1314 C.
864 1251 1027 1329 Antonio,
1049 1250 1096 1314 M.
1114 1252 1208 1315 Cice·

138 1378 219 1417 rone
234 1352 439 1430 consulibus,
452 1349 597 1413 decessit.
616 1350 657 1411 Et
671 1350 741 1412 haec
750 1348 883 1436 quidem
896 1367 992 1438 atque
1008 1352 1096 1433 talia,
1110 1354 1210 1417 laten·

141 1455 228 1518 tibus
245 1455 330 1516 inter
343 1451 521 1539 primordia
535 1473 643 1514 rerum
658 1453 780 1538 pontici
797 1454 881 1540 regis
898 1454 1058 1534 consiliis,
1078 1471 1208 1519 senatus

140 1557 336 1645 negligebat,
349 1556 382 1616 in
395 1554 556 1640 syriacum
572 1575 709 1641 regnum
725 1554 899 1635 intentior,
914 1555 1007 1633 cujus
1025 1578 1102 1642 opes
1120 1555 1208 1620 defe-

139 1661 248 1721 ctione
272 1658 458 1734 civitatum,
484 1656 617 1741 aliisque
637 1653 781 1734 damnis,
800 1679 872 1742 quae
891 1656 972 1720 bella
992 1657 1094 1720 civilia
1117 1659 1209 1746 sequi
1242 1682 1245 1687 ·

140 1762 262 1839 solent,
278 1757 426 1846 quotidie
440 1758 560 1837 minui,
576 1779 644 1818 non
657 1757 777 1820 invitus
789 1758 975 1844 accipiebat.
992 1759 1040 1822 Ne
1054 1760 1210 1823 aliicanas

140 1885 190 1925 res
214 1860 330 1924 eodem
357 1860 466 1922 animo
492 1860 605 1939 serrat,
625 1857 753 1944 pudore
774 1875 806 1921 et
826 1858 873 1921 ira
897 1860 1084 1941 vetabatur;
1106 1884 1211 1948 quum

142 1987 248 2050 neque
269 1985 382 2050 regum
400 1961 669 2023 amicissimorum
689 1961 877 2048 progeniem
895 1961 1096 2026 indefensam
1113 1964 1212 2027 relin-

141 2066 196 2150 qui
213 2064 389 2142 decorum,
408 2085 515 2148 neque
528 2084 619 2123 suam
633 2084 652 2123 a
662 2061 822 2149 iugurtha
836 2062 1033 2141 majestatem
1046 2061 1213 2128 contemni

143 2165 308 2229 tolerabile
325 2163 492 2243 judicaret.

187 2268 237 2329 LI.
256 2267 377 2345 Majore
393 2265 493 2352 igitur
508 2286 585 2326 cura
601 2286 638 2327 ae
652 2263 821 2328 severitate
837 2288 986 2329 coercere
999 2267 1214 2354 impotentem

144 2368 284 2430 hominis
302 2366 467 2429 audaciam
488 2367 599 2454 coepit,
623 2365 746 2429 tardius
768 2384 893 2448 tamen,
912 2391 1009 2454 quam
1029 2370 1142 2457 populi
1161 2393 1214 2433 ro·

144 2469 230 2530 mani
247 2467 402 2557 dignitas,
420 2482 453 2529 et
475 2468 559 2530 salus
583 2466 772 2531 Adherbalis
794 2470 984 2554 requireret.
1008 2471 1138 2558 Quippe
1155 2473 1213 2534 Ju·

143 2571 281 2657 gurtha,
313 2569 417 2631 fratris
451 2567 642 2630 modestiam
676 2569 799 2648 injuriae
829 2588 1048 2658 opportunam
1077 2572 1213 2654 videns,

144 2693 270 2732 summa
292 2693 354 2756 ope
378 2691 505 2730 causam
528 2668 603 2730 belli
628 2669 922 2753 quaerebat,etia1n
945 2669 1023 2732 fines
1048 2673 1116 2751 ejus
1137 2696 1212 2737 cum

144 2794 258 2857 magna
279 2792 377 2830 manu
400 2768 559 2830 hostiliter
579 2769 769 2854 populatus,
791 2785 829 2830 ut
847 2770 910 2832 hoc
931 2769 1043 2834 dolore
1065 2795 1213 2837 commo·

146 2888 232 2948 tuin,
256 2868 296 2931 ad
319 2891 405 2930 arma
425 2884 537 2929 contra
556 2889 590 2929 se
612 2867 767 2953 capienda
791 2870 1016 2956 compelleret,
1040 2896 1142 2959 eaque
1163 2897 1214 2938 res

145 2972 208 3050 sibi
229 2971 380 3056 deinceps
407 2967 447 3030 ad
472 2991 529 3048 ea,
548 2991 619 3054 quae
643 2969 753 3031 animo
777 2968 1006 3053 destinaverat,
1031 2974 1214 3063 peragenda

146 3072 294 3135 obtentui
320 3086 413 3134 esset.
439 3069 619 3147 Adherbal,
642 3093 749 3157 neque
772 3073 869 3135 armis
893 3073 1052 3156 conlisus,
1072 3100 1214 3163 quorum

145 3193 296 3263 expertus
316 3172 534 3236 infirmitatem
553 3171 676 3252 fuerat,
701 3189 733 3236 et
748 3175 861 3261 populi
880 3178 1006 3241 romani
1024 3180 1213 3266 proniorem

144 3282 345 3341 voluntatem
371 3276 432 3340 sibi
458 3276 640 3362 pollicitus,
659 3276 685 3339 si
709 3276 778 3355 ejus
803 3280 980 3342 reverentia
1003 3281 1089 3345 bello
1113 3283 1214 3348 absti-

147 3383 254 3443 nuisse
277 3379 458 3456 videretur,
483 3379 605 3467 legatos
631 3378 672 3441 ad
694 3379 888 3469 Iugurthain
916 3381 956 3445 de
983 3383 1108 3463 injuriis
1133 3408 1213 3472 que-

146 3497 232 3543 stum
265 3483 362 3544 mittit
386 3505 394 3544 ε
421 3481 461 3544 ab
488 3481 552 3544 hoc
580 3505 656 3545 cum
688 3482 790 3545 multa
817 3486 1014 3548 contumelia
1038 3485 1213 3552 verborum

147 3583 367 3645 remittuntur.

190 3684 258 3746 Lll.
280 3684 328 3745 Ne
350 3685 395 3746 sie
414 3683 545 3769 quidem
568 3701 658 3747 moto
679 3683 718 3746 ad
737 3684 924 3748 bellandum
943 3687 1140 3770 Adherbale,
1157 3694 1222 3778 qui·

147 3786 236 3873 prius
254 3785 363 3846 omnia
379 3784 443 3870 pati
455 3783 655 3863 decreverat,
676 3785 759 3872 ipsc,
773 3786 942 3873 impatiens
960 3811 1074 3869 morae,
1089 3792 1215 3870 justum

147 3885 322 3948 exercitum
342 3885 373 3946 in
395 3883 474 3945 fines
490 3884 679 3948 Adherbalis
696 3886 840 3965 inducit3
858 3904 889 3949 et
906 3890 1009 3975 palam
1026 3894 1126 3955 totius
1142 3893 1213 3957 Nu·

149 3985 255 4048 midiae
268 3985 441 4071 imperium
455 3984 514 4046 sibi
529 4008 691 4064 asserens,
702 4009 909 4074 quacumque
923 3990 1100 4071 incederet,
1114 3995 1215 4082 impe·

149 4104 214 4150 rata
230 4089 332 4150 facere
347 4086 566 4149 recusantium
579 4086 676 4149 urbes
690 4111 849 4177 agrosque
862 4108 971 4155 vastat.
982 4094 1067 4155 Tum
1082 4092 1215 4159 demum

150 4189 320 4253 necessitas
342 4187 498 4275 expressit
517 4188 707 4269 Adherbali,
727 4205 765 4253 ut
782 4213 937 4279 regnum,
955 4194 1016 4256 nisi
1034 4195 1216 4283 relinquere

185 4386 200 4450 S
222 4390 248 4433 L·
269 4389 375 4453 ᾸΡΡῖἃῐῑι
397 4413 432 4424 -·
452 4387 513 4436 pun·
533 4389 618 4446 ΧΠ,
634 4404 659 4435 2·
681 4416 716 4425 —
739 4389 792 4439 cie.
812 4390 843 4438 dc
868 4393 939 4439 Prov.
961 4395 1035 4442 Cous.
1055 4412 1109 4462 cap,
1126 4413 1164 4448 tt.
1182 4426 1216 4438 μ

151 4468 218 4529 sibl.
235 4472 332 4520 Sallust.
346 4472 462 4537 ingerth.
478 4488 531 4537 cap.
546 4488 585 4520 ao.

277 4571 334 4635 IX.
1006 4599 1051 4667 ⁹9
