2594 4980
29 39 1125 359 u

124 719 192 801 tad
294 720 360 787 JO.
388 720 730 792 FREINSHEMII
760 720 1006 791 SUPPLEM.

118 837 365 928 dmbalissigna
384 842 503 922 movit,
520 840 705 931 quindecim
724 840 851 906 dierum
868 858 1082 908 commeatum
1099 862 1125 932 pt

119 955 187 1003 tare
198 941 293 1021 jussis
309 943 462 1007 militibus
480 967 488 1008 :
508 942 680 1008 adveniens
699 941 836 1025 deinde,
851 944 963 1008 castris
977 944 1023 1009 cis
1036 966 1125 1009 amnes

118 1042 168 1105 uti
183 1042 288 1131 Scipio
305 1067 410 1132 nuper
425 1061 584 1125 suaserat,
601 1044 827 1125 communitis,
844 1067 949 1133 quum
963 1068 1125 1136 oppugmn

117 1142 260 1208 hostium
277 1146 473 1210 munitiones
491 1146 570 1210 nihil
586 1162 809 1235 promoveret,
828 1168 984 1236 maguum
1002 1148 1037 1212 in
1057 1164 1125 1215 matt

116 1245 280 1325 conjectus
291 1264 355 1328 est,
371 1271 411 1311 ne
422 1249 540 1313 iterum
553 1248 757 1313 recedentem
772 1247 954 1312 Hasdrubal
963 1298 972 1331 ,
982 1250 1125 1341 sicmprit

115 1342 306 1412 adoriretur.
331 1349 464 1413 lnterim
486 1350 527 1414 ab
549 1350 693 1414 auxiliari
712 1347 855 1413 Numida
878 1350 976 1414 literae
998 1351 1040 1417 ad
1059 1352 1125 1442 Stip‘

116 1468 190 1510 nem
208 1448 422 1514 deferuntur:
443 1474 541 1539 quas,
560 1467 598 1514 ut
614 1464 705 1514 erant
720 1448 914 1538 obsignatae,
931 1473 1036 1539 quum
1051 1452 1125 1542 ndpt

115 1551 282 1613 consulem
294 1553 514 1638 pertulissent,
527 1554 562 1616 in
575 1553 660 1616 hanc
670 1551 863 1615 sententiam
873 1553 1007 1642 scriptas
1020 1555 1125 1619 invent

114 1649 177 1714 Illa
199 1651 269 1733 dre,
288 1651 377 1716 illmn
392 1653 496 1718 locum
512 1653 669 1741 (utroque
686 1650 843 1740 definito)
860 1675 928 1716 sum
950 1669 1125 1744 occupatan

116 1765 152 1815 tu
168 1777 240 1815 vero
248 1801 258 1833 ,
276 1776 347 1818 cum
361 1778 422 1843 quo
435 1754 521 1819 voles
535 1776 662 1819 nuntero
676 1766 820 1830 tuorum,
839 1753 962 1835 adesto,
981 1752 1125 1843 cuffiam

107 1856 289 1941 praecipito,
312 1870 348 1918 ut
362 1859 535 1920 venientem
550 1869 645 1918 noctu
661 1854 823 1940 recipiant.
840 1853 1039 1942 Quanquam
1057 1853 1125 1919 nulia

115 1970 183 2017 erat
204 1954 401 2044 adscriptum
423 1956 565 2045 epistolae
589 1977 728 2029 nomen,
747 1953 933 2040 Scipionem
954 1979 1022 2021 non
1039 1954 1125 2021 fallea

115 2078 134 2119 a
148 2055 294 2120 Phamaea
308 2058 394 2121 illam
411 2056 582 2145 proficisci.
596 2055 748 2118 Timebat
763 2053 1125 2143 callidumlPhamaeaeiq

116 2157 208 2220 nium
220 2173 253 2221 et
265 2182 348 2247 saepe
362 2175 508 2247 expertas
522 2156 652 2221 fraudes
666 2154 842 2244 proconsul
855 2155 933 2220 :sed
948 2155 1060 2223 fidenti
1073 2155 1125 2222 anit

115 2259 298 2346 Scipionem
316 2284 384 2325 esse
401 2261 533 2340 videns,
550 2253 882 2345 1'rcjussit,fidemque
898 2258 978 2322 dare
995 2283 1028 2322 sc
1042 2258 1125 2325 dedet

108 2366 245 2449 praemia
267 2363 455 2427 adsentatus
480 2360 675 2425 voluntatem
698 2358 833 2447 rejicere.
856 2359 971 2446 Neque
992 2356 1125 2425 aliudPi

116 2485 210 2526 maeas
213 2465 424 2579 'postulabam
441 2463 498 2528 sed
510 2476 689 2551 ,qrcarrtum
701 2460 749 2523 ad
764 2458 896 2523 salutem
904 2463 1092 2547 pertineret,
1104 2480 1125 2523 tt

113 2561 219 2623 si''dt
177 2565 321 2649 pignoris
337 2567 368 2626 iu
385 2564 517 2628 dextera
533 2564 683 2651 chrionis
699 2585 780 2642 esse,
798 2575 912 2626 caetera
930 2565 1054 2627 senatui
1067 2583 1125 2701 up

116 2663 249 2739 mittere,
270 2664 372 2744 fatus,
388 2667 527 2730 recessit.

160 2765 268 2828 XXII.
294 2765 428 2831 Postero
449 2767 501 2831 die
519 2790 621 2855 quum
646 2788 780 2831 suorum
802 2764 951 2853 equitum
974 2765 1125 2845 aciem,t

116 2888 213 2952 quam
236 2865 277 2929 ad
295 2890 455 2958 pugnam,
478 2869 697 2948 instruxisset,
717 2867 905 2955 priusquam
926 2865 968 2930 ad
991 2866 1047 2930 teli
1061 2865 1125 2946 jur

115 2985 249 3032 ventum
271 2989 373 3052 essct,
390 2988 464 3036 ante
482 2994 600 3061 agmen
623 2991 760 3034 suorum
778 2966 940 3048 constitit,
961 2967 1125 3055 evocatisqr

116 3069 258 3131 velutad
275 3071 419 3135 subitum
436 3072 623 3151 consilium,
640 3088 821 3134 turmarum
838 3069 995 3156 praefectis
1012 3093 1020 3134 :
1040 3068 1125 3153 «Siq

115 3199 128 3222 «ι
140 3168 215 3232 dem
232 3169 338 3236 adhuc
352 3174 459 3260 aliqua
476 3173 509 3236 in
528 3173 622 3236 nobis
638 3170 747 3259 patriae
760 3192 832 3258 spes
849 3191 918 3233 esse
930 3185 1054 3258 potest,
1072 3164 1125 3233 ulti

115 3272 275 3356 «experiri
289 3291 435 3360 paratum
450 3273 581 3351 videtis,
605 3273 721 3361 inquit.
745 3273 801 3336 Sin
817 3294 894 3335 vero
909 3293 960 3336 res
975 3270 1016 3336 ad
1028 3289 1125 3336 eurus

117 3386 229 3450 «tum,
246 3394 343 3458 quem
362 3374 511 3452 novistis,
528 3373 665 3439 adducta
682 3390 744 3455 est,
764 3374 845 3437 mihi
863 3390 991 3462 tempus
1008 3394 1076 3437 esse
1094 3368 1125 3435 vi

117 3489 194 3536 «tur
207 3472 247 3536 de
258 3475 360 3538 salute
372 3475 575 3564 singulorum
590 3475 790 3541 consulendi.
807 3476 848 3538 Et
864 3498 925 3564 ego
940 3473 1073 3561 quidem
1085 3468 1125 3537 fid

116 3575 201 3654 «jam
229 3578 356 3664 accepi,
383 3601 435 3642 me
460 3601 536 3643 cum
558 3578 724 3653 omnibus,
751 3597 834 3664 quos
855 3574 1037 3656 adduxero,
1060 3572 1125 3637 salv

119 3677 211 3739 »fore
227 3699 235 3739 ε
251 3696 431 3744 vosautem
449 3680 528 3768 quid
544 3681 635 3744 vobis
648 3676 830 3744 faciendum
848 3699 917 3741 esse
931 3675 1067 3764 putetis,
1085 3695 1125 3759 exj

117 3779 238 3842 «nendi
255 3780 360 3845 brevis
380 3797 429 3847 est
448 3783 607 3848 occasion
629 3782 705 3845 Haec
716 3768 843 3843 ⁶dicenti
861 3775 994 3865 quidam
1017 3774 1125 3864 praefet

117 3907 191 3948 rum
209 3909 283 3949 cum
297 3887 461 3974 equitibus
473 3887 522 3951 bis
538 3885 625 3949 mille
636 3881 783 3947 ducentis
795 3902 829 3943 se
842 3880 1070 3968 applicuerunt
1083 3900 1092 3943 :
1107 3897 1125 3941 r

119 4010 201 4073 quos
221 3987 354 4070 Hanno,
369 3990 421 4053 cui
436 4009 616 4081 cognomen
634 3984 736 4050 Albus
749 3997 835 4061 erat,
851 3983 1052 4071 transfugere
1068 3996 1124 4046 vet

118 4087 281 4153 Reducem
301 4112 375 4153 cum
394 4090 541 4154 Phamaea
559 4087 744 4175 Scipionem
766 4082 894 4145 obviam
912 4084 1079 4170 profectus
1093 4102 1125 4147 et

119 4191 200 4253 citus
217 4191 367 4256 laudibus
384 4208 417 4255 et
432 4191 557 4272 laetitia,
572 4188 672 4253 veluti
686 4184 945 4273 trumphantem,
958 4185 993 4247 in
1009 4200 1112 4249 castra

120 4290 220 4356 duxit.

154 4475 170 4543 fi
182 4477 252 4524 xm.
264 4476 372 4541 Appian.
384 4503 420 4513 -
432 4477 494 4525 Zeu.
505 4473 564 4538 -s
575 4472 660 4524 ml.
674 4468 727 4518 Liv.
739 4464 805 4532 epit.
818 4492 852 4503 -
863 4464 970 4555 Appitu·
983 4491 1017 4503 —
1030 4466 1094 4517 zon.
