2594 4980
271 706 327 772 IN
357 704 474 772 LOC.
501 706 599 773 LIB.
627 705 762 774 LVIII
794 707 1016 775 LIVIANI.
1104 703 1174 779 303

111 846 177 886 ram
195 826 318 912 populo
335 823 600 901 commendabat,
613 825 878 912 quandoquidem
895 827 946 890 Itis
962 829 1108 895 moribus
1124 830 1175 894 iu«

110 927 265 1013 teIIigeret
281 927 377 990 vitam
393 926 453 990 sibi
471 927 604 990 minime
622 943 723 990 tutam
743 944 800 991 aut
816 926 1005 992 diuturnam
1021 931 1101 994 fore.

153 1029 274 1091 XXXI.
301 1028 353 1091 Sic
373 1030 407 1091 in
435 1028 502 1091 dies
523 1030 623 1118 magis
650 1029 815 1118 magisque
840 1031 1034 1095 exacerbatis
1057 1027 1173 1115 rebus,

110 1152 212 1215 quum
230 1147 262 1192 et
285 1131 522 1218 possessoribus
546 1153 628 1218 aegre
647 1132 769 1210 facere,
785 1147 816 1194 et
837 1131 997 1219 populum
1016 1131 1174 1197 demereri

109 1253 314 1316 summopere
337 1231 499 1312 studeret,
526 1232 620 1296 aliam
645 1232 859 1321 promulgavit
878 1234 1035 1322 agrariam
1051 1234 1173 1322 legem,

110 1355 173 1417 qua
190 1333 342 1410 majorem
361 1334 427 1420 agri
445 1332 579 1396 modum
597 1334 883 1422 complecteretur,
903 1347 938 1397 ut
952 1335 1045 1398 iidem
1062 1339 1174 1400 trium-

111 1434 181 1511 viri,
203 1437 259 1519 qui
280 1435 458 1497 dict'tlundis
476 1438 563 1521 agris
578 1439 679 1498 creati
694 1449 810 1513 essent,
834 1457 899 1521 qua
916 1435 1079 1522 publicus,
1110 1461 1174 1525 qua

104 1536 247 1617 priuatus
270 1557 346 1620 ager
364 1549 460 1614 esset,
479 1535 671 1622 judicarent.
696 1535 773 1598 Erat
799 1557 976 1622 egenorum
1001 1538 1115 1625 ingens
1139 1539 1173 1602 in

62 1681 66 1689 .
110 1635 197 1697 Urbe
214 1635 407 1716 mtdtitudo,
425 1651 457 1699 et
472 1637 599 1723 repetiti
615 1660 633 1698 a
651 1635 892 1723 possessoribus
907 1638 992 1724 ang,
1009 1660 1114 1724 quum
1132 1637 1174 1703 ad

109 1735 267 1799 offensam
283 1737 418 1801 divitum
435 1737 511 1801 satis
526 1739 667 1802 valerent
678 1785 687 1819 ,
698 1735 941 1800 necessitatibus
956 1739 1088 1826 speique
1106 1741 1174 1828 pie·
1195 1804 1197 1808 ,

111 1837 158 1899 bis
173 1861 239 1900 non
254 1837 468 1902 sufficiebant.

153 1939 412 2026 XXXIIItaque
419 1941 485 2019 jam
491 1939 787 2025 utrobiquemalam
798 1939 879 2001 inire
889 1940 1174 2027 gratiamTiberius

110 2057 247 2126 coeperat
257 2088 266 2120 ‚
276 2064 379 2126 quum
397 2040 486 2104 alteri
504 2041 640 2103 nimium
653 2039 841 2127 ademptum
858 2039 937 2121 sibi,
953 2040 1042 2104 alteri
1058 2064 1173 2129 parum

110 2139 236 2220 datum,
261 2159 491 2229 quaererentur.
514 2142 592 2223 Hic,
613 2142 703 2204 velut
721 2141 788 2228 ipsa
814 2143 955 2204 fortuna
968 2164 1092 2206 munus
1112 2143 1175 2208 hoc

109 2242 280 2323 offerente,
303 2242 394 2306 avide
416 2243 551 2329 arripuit
574 2243 777 2307 occasionem
801 2264 841 2305 ex
865 2243 963 2306 Attali
984 2243 1175 2332 Pergameni

109 2358 299 2406 testamento
318 2343 513 2431 pauperibus
530 2341 740 2432 gratificandi.
759 2343 842 2406 Nam
858 2345 942 2407 Asiae
958 2366 1013 2407 rex
1032 2347 1174 2428 Attalus,

109 2445 160 2507 cui
177 2444 218 2506 ab
228 2467 337 2507 amore
352 2445 461 2507 matris
471 2461 726 2533 cognomentum
743 2442 939 2507 Philometor
956 2445 1034 2525 Iuit,
1045 2468 1104 2532 per
1118 2469 1174 2510 eos

109 2542 176 2608 dies
194 2545 313 2609 herede
329 2547 452 2632 populo
469 2564 605 2607 romano
624 2543 812 2607 decesserat.
828 2545 931 2632 Igitur
945 2545 1110 2625 Tiberius,
1127 2547 1174 2611 le·

108 2667 231 2731 gemae
254 2648 553 2735 promulgaturum,
570 2643 729 2723 ostendit,
753 2667 817 2730 qua
842 2646 899 2724 iis,
918 2649 975 2731 qui
995 2644 1064 2731 lege
1085 2647 1173 2710 Sem·

102 2739 222 2833 pronus
242 2771 358 2832 agrum
376 2749 512 2834 accipere
534 2745 693 2823 deberent,
708 2747 863 2831 pecuaria,
880 2767 953 2831 quea
971 2747 1050 2831 regis
1066 2745 1177 2809 Attali

96 2847 230 2935 ficisset,
250 2849 444 2912 divideretur.
465 2848 512 2909 De
530 2846 655 2909 urbibus
675 2858 780 2907 autem
790 2889 801 2921 ‚
823 2866 896 2930 quae
912 2842 1026 2909 Attalo
1040 2849 1169 2931 paruti-

107 2966 192 3029 sem,
213 2951 349 3040 negabat
370 2962 514 3012 senatum
528 2961 663 3010 statuere
684 2966 792 3031 posse,
815 2967 927 3008 uerum
945 2946 1063 3033 populi
1074 2947 1113 3009 de
1136 2946 1174 3010 iis

107 3054 313 3136 cognationem
332 3075 393 3113 esse
417 3063 564 3137 oportere.

50 3175 55 3185 ·
151 3154 305 3216 XXXIII.
320 3151 358 3215 Id
371 3151 553 3239 veroIonge
564 3147 711 3211 omnium
733 3146 918 3234 gravissime
935 3164 1066 3211 senatus
1080 3149 1174 3212 tulit:

109 3276 215 3340 neque
236 3276 380 3340 unquam
400 3251 577 3329 infensius,
603 3265 660 3311 aut
683 3247 826 3335 plurium
849 3247 1001 3311 conviciis
1019 3249 1174 3315 laceratus

107 3356 255 3417 Tiberius
276 3370 339 3433 est,
357 3370 472 3441 praeter
489 3353 564 3427 alia,
582 3373 654 3438 quae
670 3345 818 3413 certatini
833 3349 1080 3439 ingerebantur,
1103 3375 1174 3416 sur·

108 3472 202 3544 gente
222 3459 263 3539 Q.
281 3457 454 3544 Pompeio,
476 3453 778 3538 accusationemque
797 3452 982 3532 adnitente,
1006 3455 1172 3542 quampri-

108 3580 198 3620 mum
209 3559 394 3645 magistratu
404 3557 569 3622 Gracchus
578 3554 736 3617 abivisset.
748 3554 846 3641 Quod
853 3556 934 3617 enim
943 3557 1064 3617 vr'einus
1080 3553 1174 3620 Grac·

106 3659 161 3720 cbi
176 3671 269 3736 esset,
291 3660 469 3746 comperisse
486 3656 697 3733 asseverabat,
715 3677 758 3715 ex
776 3656 978 3717 instrumento
997 3657 1083 3741 regio
1103 3678 1173 3720 cum

105 3758 257 3819 diademo
268 3770 296 3819 et
307 3779 504 3845 purpuram,
516 3759 609 3845 quasi
616 3756 728 3818 Romae
737 3770 955 3840 regnaturtun,
975 3755 1017 3818 ab
1030 3755 1173 3820 Eudemo

108 3861 302 3942 Pergameno
319 3862 477 3948 accepisse.

152 3960 302 4024 XXXIV.
322 3962 362 4041 Q.
380 3976 488 4023 autem
508 3958 658 4022 MeteIIus
677 3955 783 4042 (cujus
800 3956 834 4017 in
850 3957 887 4018 C.
911 3957 1024 4019 Fannii
1040 3957 1174 4021 Annali·

107 4061 168 4123 bus
186 4062 331 4148 exposita
355 4075 404 4123 est
432 4057 548 4144 oratio)
577 4056 801 4145 exprobravit,
822 4056 909 4143 quod
927 4070 1021 4143 patre
1052 4057 1173 4122 Tiberio

106 4186 247 4242 censore,
273 4165 392 4251 quoties
419 4159 473 4224 ills
496 4160 623 4224 domum
647 4181 669 4220 a
696 4179 839 4220 coenose
863 4156 1034 4244 corfirtet,
1056 4161 1174 4220 aestan-

143 4356 158 4418 S
168 4357 266 4403 XXXI.
277 4357 330 4404 Liv.
342 4355 407 4420 Epit.
416 4381 451 4391 -
460 4353 476 4419 s
486 4354 596 4401 xxxtt.
606 4355 680 4401 Auct.
691 4351 722 4400 de
729 4353 783 4401 vir.
794 4352 829 4400 ilI.
841 4376 874 4389 —-
885 4351 1006 4400 Plutarch.
1016 4351 1043 4398 iu
1051 4352 1174 4416 Graccho,

110 4456 163 4502 cap.
177 4456 216 4486 ao.
228 4468 261 4476 -
276 4441 383 4504 Appiam.
398 4466 432 4475 -
446 4438 462 4503 S
474 4439 598 4487 XXXIII.
610 4437 662 4486 ab.
674 4437 740 4501 Elii·
749 4456 786 4474 *-
795 4436 917 4485 Plutarch.
929 4460 964 4471 —-
973 4437 1079 4499 OroaV,
1087 4437 1110 4484 0.
