2594 4980
123 686 193 772 att
296 689 364 756 JO.
392 692 418 756 F
424 688 727 764 REINSIIEMII
757 686 1002 760 SUPPLEM.

164 812 303 875 XXXII.
319 811 452 891 Nescio,
469 812 533 877 hoc
548 836 635 877 anno
645 863 654 895 ,
665 838 706 879 au
723 811 886 901 sequenti,
899 806 1158 877 Claudimtsettu

120 912 271 975 tribunus
286 913 387 1000 plebis
404 914 521 977 fuerit:
541 914 575 977 in
593 916 759 979 tribunatu
772 930 858 979 certe
874 911 962 978 diem
977 910 1021 975 ult
1035 910 1096 975 hoe
1108 930 1159 973 ωε

118 1013 237 1078 dictam
255 1031 381 1077 constat
400 1015 433 1078 P.
451 1016 620 1097 Africano,
638 1016 727 1105 quod
742 1038 864 1104 equum
882 1016 912 1079 ci
930 1034 1047 1079 censor
1059 1010 1159 1076 Affin-

119 1137 180 1178 nus
195 1115 367 1179 ademerat.
387 1119 494 1203 Atque
511 1116 563 1180 ille
579 1118 712 1205 quidem
730 1119 763 1181 in
779 1118 843 1181 hoc
853 1114 977 1197 judicio
994 1136 1062 1179 non
1074 1112 1159 1191 aliter,

120 1239 217 1304 quam
234 1240 293 1304 pro
311 1218 402 1280 solita
421 1217 520 1280 auimi
540 1219 777 1309 magnitudine,
795 1241 829 1282 se
847 1215 954 1307 gessit.
973 1216 1057 1280 Nam
1075 1234 1159 1301 neque

119 1318 251 1382 barbam
269 1319 336 1383 radi
354 1318 464 1399 desiit,
487 1342 593 1408 neque
614 1337 734 1385 restem
755 1318 906 1399 mutavit,
925 1332 984 1381 aut
1004 1312 1158 1405 quidqud

117 1420 204 1502 fecit,
215 1420 304 1507 quod
316 1420 356 1482 ad
369 1421 620 1485 misericordiam
635 1420 868 1486 conciliandam
881 1418 926 1484 rei
936 1419 1059 1483 solent:
1068 1438 1157 1481 veron

118 1522 194 1584 alias
208 1522 378 1584 festivitate
389 1520 556 1602 jocorum,
572 1522 648 1587 alias
662 1522 805 1611 pondere
821 1520 976 1586 orationis
997 1519 1081 1607 (erat
1092 1518 1157 1583 enin

119 1622 248 1687 dicendi
264 1623 396 1686 minime
410 1621 531 1709 rudis),
544 1624 738 1687 accusatoris
749 1622 990 1709 improbitatem
1002 1618 1157 1709 exagitent,

117 1724 214 1787 simul
225 1724 349 1812 ingenti
365 1723 464 1812 gloria
478 1724 597 1812 pariter
610 1724 859 1811 innocentiaque
873 1722 992 1801 fultus,
1007 1718 1157 1785 calumniat

117 1824 238 1887 inimici
254 1848 319 1887 non
339 1802 420 1913 tegle
435 1823 568 1913 depulit.
586 1827 678 1889 Inter
693 1826 753 1888 aliu
766 1825 924 1914 gloriante
939 1822 1065 1903 Asello,
1077 1842 1157 1885 om

116 1948 147 1990 se
154 1929 334 2013 prouincias
349 1926 503 2014 stipendia
505 1925 684 2015 foetentem
688 1950 877 2015 peragrasse
884 1973 894 2003 ,
907 1924 1041 2014 vulgare
1053 1942 1157 2013 prover·

114 2028 207 2091 bium
231 2029 399 2092 Africanus
422 2028 581 2109 recitavit,
600 2027 751 2109 asellum,
772 2029 844 2092 licet
860 2050 921 2116 per
944 2048 1052 2090 omnes
1072 2018 1159 2089 mundi

109 2128 230 2217 plagas
246 2144 373 2215 agutur,
390 2152 453 2192 non
469 2128 538 2192 ideo
552 2152 677 2194 cursum
690 2129 815 2194 discere.

160 2230 314 2294 XXXIII.
338 2231 443 2316 Atque
460 2229 523 2292 alio
540 2246 703 2319 tempore,
723 2254 826 2319 quum
845 2230 970 2295 Asellus
996 2226 1156 2309 objecisset,

115 2332 245 2396 lustrum
258 2332 341 2394 illud
350 2333 391 2394 ab
405 2354 440 2395 eo
454 2354 578 2397 censore
593 2332 713 2398 mlum
725 2348 820 2421 atque
833 2326 1156 2421 catarmitosumpoprlo

115 2433 377 2520 romanosur'sse:
392 2465 403 2487 «
418 2434 493 2497 Noli
511 2434 636 2515 mirarI,
651 2435 779 2522 inquit:
799 2455 872 2497 nam
888 2433 947 2521 qui
963 2448 996 2497 te
1012 2456 1051 2499 ex
1065 2428 1156 2497 enfil

114 2535 272 2609 «exemit,
291 2535 429 2597 lustrum
444 2534 605 2617 condidit,
624 2550 657 2599 et
673 2551 804 2598 taurum
823 2534 1013 2599 immolavit.
1024 2566 1037 2593 tt
1048 2530 1156 2599 Tulitit

115 2636 258 2722 periculo
273 2658 332 2697 suo
345 2636 512 2699 Africanus
522 2634 603 2700 fuit':
618 2652 715 2724 atque
730 2651 767 2700 ut
779 2658 856 2699 sane
870 2636 931 2699 ista
944 2630 1156 2701 referentintl·

114 2736 205 2824 gnari
227 2758 343 2823 cogor,
364 2735 398 2797 in
419 2759 455 2799 ea
478 2736 702 2826 magnitudine
727 2738 920 2805 meritorum
944 2752 977 2801 et
1001 2736 1156 2827 integritate

113 2838 202 2917 vitae,
217 2837 282 2925 pati
295 2837 452 2900 civitatem
466 2838 632 2901 clarissimi
644 2839 797 2927 principis
809 2839 1013 2905 vexationem
1023 2838 1156 2929 potuittt5

114 2940 157 3003 ita
184 2939 296 3003 deberi
323 2939 445 3027 aliquid
473 2939 576 3004 fateor
605 2938 643 3003 iis
670 2940 834 3017 moribus,
861 2963 920 3030 per
945 2964 1030 3029 quos
1058 2934 1154 3031 ingeni

112 3041 260 3127 exemplo
278 3042 432 3128 patefacta
449 3055 497 3104 est
514 3041 583 3121 via,
604 3040 693 3128 quod
713 3064 918 3106 summorum
938 3042 1108 3107 hominum
1120 3037 1154 3101 Ie

112 3144 263 3207 licitatem
282 3166 349 3205 non
367 3144 399 3203 in
416 3142 520 3206 alieno
532 3142 582 3205 vel
595 3143 732 3224 affeetu,
750 3145 801 3208 vel
817 3142 944 3225 officio,
960 3143 1020 3207 sed
1035 3143 1153 3233 iptorum

113 3245 232 3307 virtute
254 3261 351 3331 atque
371 3243 635 3332 magnanimitate
656 3246 832 3335 repositam
854 3261 888 3310 et
913 3244 1082 3311 fundatam
1098 3259 1148 3308 erte

115 3344 315 3408 admoneret.

87 3438 96 3443 ’
159 3446 310 3508 XXXIV.
329 3448 372 3509 At
390 3445 473 3508 sieut
491 3445 551 3510 iste
567 3470 731 3537 generosae
748 3451 929 3540 gravitatis,
953 3451 1000 3515 ita
1014 3450 1075 3515 sub
1089 3444 1151 3512 ido

114 3566 242 3636 tempus
254 3547 414 3611 illiberalis
426 3550 575 3613 versutie
585 3550 820 3616 documentum
837 3554 878 3635 Q.
890 3552 1066 3641 Pompeius
1076 3542 1151 3613 dedit

115 3651 226 3732 Quum
255 3651 380 3713 enimc
408 3650 518 3740 legatis
543 3652 820 3717 Numantinorum
847 3653 958 3719 multis
980 3642 1150 3745 argumenti·

114 3753 373 3832 convinceretur,
391 3750 494 3817 foedus
512 3775 718 3819 cumeorum
738 3756 865 3820 civitate
885 3756 1016 3833 fecisse,
1032 3764 1150 3837 etaetqffl

115 3878 165 3919 res
184 3854 574 3935 manifestissima31amen
589 3855 709 3920 instare
722 3856 890 3920 confitenti
907 3872 1030 3921 certam
1043 3854 1148 3919 damni·

111 3956 235 4020 tionem
249 3953 377 4034 videns,
392 3955 620 4021 homocallide
635 3958 803 4046 improbus
816 3957 858 4022 ad
873 3973 1054 4023 extremum
1065 3966 1150 4045 perti·

110 4057 204 4146 gavit.
229 4057 328 4144 Atqui
354 4057 426 4144 plus
451 4057 559 4124 adhuc
581 4059 668 4148 apud
691 4059 796 4125 bonos
818 4059 992 4150 turpitudo
1017 4044 1148 4123 notiuiut'

110 4158 235 4240 delicti,
252 4181 349 4246 quam
372 4156 531 4223 infitiandi
551 4160 752 4247 impudentia
771 4160 925 4225 valebat:
947 4158 1149 4239 ferebaturque

147 4370 164 4435 S
178 4372 286 4419 XXXII.
300 4371 351 4419 Cic.
366 4370 392 4418 in
406 4368 462 4418 Laet.
475 4386 529 4435 cap.
544 4386 590 4431 ιη
604 4370 670 4420 idern
682 4371 714 4419 de
726 4372 793 4421 Orat.
808 4372 849 4429 11,
867 4370 902 4427 ot
914 4381 940 4419 et
952 4370 1038 4429 om
1047 4368 1073 4419 in
1081 4366 1148 4417 w·

109 4472 162 4520 cap.
173 4454 345 4519 at.-Agell.
356 4456 396 4511 ΙΙ,
412 4469 457 4513 ao,
470 4464 494 4504 et
505 4456 558 4513 111,
569 4461 593 4511 4.
607 4455 711 4504 -vut
723 4457 763 4514 11,
779 4470 805 4519 9.
815 4454 986 4521 -Luciltp
999 4446 1148 4521 Mel-Ilii·
