2594 4980
352 732 405 798 ΙΝ
436 731 545 798 LOC.
573 732 666 798 LIB.
694 733 761 799 Lx
793 731 1006 800 LlVlANl.
1139 728 1204 803 361

150 852 349 913 voluntatem
375 849 499 913 ferendi
524 851 629 940 leges,
655 866 726 914 tum
753 848 794 914 ad
820 850 971 915 fiduciam
996 853 1209 940 pertendendi

149 953 337 1015 attulerunt.

193 1053 259 1115 XL.
277 1053 361 1140 Ergo
376 1050 486 1115 onmia
502 1053 611 1116 subito
629 1054 720 1117 novis
731 1053 994 1117 contentionibus
1010 1054 1133 1117 fervere
1147 1078 1210 1121 coe·

148 1170 285 1241 perunt,
301 1154 440 1241 graviter
458 1169 629 1217 accusante
651 1160 800 1242 potentes
822 1155 919 1234 Caio,
943 1169 1152 1242 paratamque
1176 1171 1209 1221 et

147 1255 336 1340 popularem
350 1276 388 1316 ex
399 1276 478 1317 nece
491 1255 598 1318 fratris
610 1255 776 1318 materiam
791 1255 880 1318 miris
893 1255 1015 1318 artibus
1028 1253 1069 1317 ad
1084 1253 1208 1319 inflam-

149 1353 284 1417 mandos
300 1354 473 1418 hominum
488 1356 615 1420 animos
628 1373 785 1421 versante.
801 1357 1005 1444 Praecipuum
1020 1355 1144 1421 adhaec
1160 1373 1208 1421 te·

147 1457 214 1518 lum
226 1456 385 1536 habebat,
399 1457 522 1520 violatoe
533 1474 741 1522 sacrosanctae
752 1459 919 1546 potestatis
935 1457 1099 1538 invidiam,
1109 1480 1207 1544 quam

146 1556 188 1618 ita
203 1556 357 1618 miscebat
374 1557 527 1620 omnibus
542 1559 723 1622 actionibus
740 1559 824 1640 suis,
841 1575 960 1622 utnon
977 1559 1077 1647 magis
1096 1559 1206 1624 interi·

147 1673 216 1720 tum
224 1657 364 1737 Tiberii,
380 1680 478 1744 quam
492 1660 614 1746 populo
630 1659 747 1724 factam
758 1661 928 1744 injuriam,
942 1659 1109 1748 deplorare
1121 1659 1208 1725 vide·

147 1775 248 1820 retur.
266 1762 333 1822 «At
348 1781 425 1821 vero
446 1759 582 1839 majores
599 1763 718 1841 nostri,
734 1763 918 1849 inquiebat,
935 1762 1064 1826 Faliscis
1082 1762 1205 1826 bellum

145 1858 365 1936 «intulerunt,
381 1860 456 1945 quia
472 1861 643 1951 tribunum
656 1863 759 1949 plebis
773 1863 956 1928 Genucium
974 1864 1206 1928 contumeliose

143 1958 346 2022 «habuerant
359 1983 367 2023 ε
381 1962 416 2024 C.
430 1962 601 2025 Veturium
617 1961 853 2028 damnaverunt
866 1964 996 2052 eapitis,
1011 1962 1101 2050 quod
1116 1964 1205 2028 ince-

143 2059 257 2123 «denti
269 2083 331 2146 per
346 2062 455 2125 lorum
472 2063 604 2126 tribuno
623 2086 709 2128 unus
725 2065 776 2128 via
792 2087 860 2128 non
880 2064 1077 2129 decessisset.

186 2161 269 2224 XLI.
296 2165 377 2242 «Αῑ,
401 2162 493 2226 vobis
511 2163 785 2251 inspectantibus,
803 2164 853 2229 Ti.
868 2164 1051 2227 Gracchum
1074 2161 1125 2226 isti
1144 2163 1205 2226 l'ra·

142 2267 303 2354 «gmentis
315 2266 540 2331 subselliorum
551 2269 740 2333 occiderunt
750 2292 758 2333 ε
767 2270 858 2333 vobis
870 2268 1125 2356 inspectantibus
1139 2289 1204 2330 me·

140 2399 153 2420 ι
163 2366 248 2429 diam
259 2390 317 2453 per
328 2368 450 2432 Urbem
462 2385 640 2450 traxerunt,
651 2371 773 2457 nequis
781 2371 871 2433 locus
884 2368 1078 2432 crudelitatis
1088 2391 1202 2432 eorum

140 2484 241 2531 «nota
256 2486 397 2550 vacaret,
413 2485 445 2533 et
459 2471 551 2550 cujus
565 2471 600 2533 in
615 2470 774 2557 Capitolio
790 2485 899 2557 erepta
914 2470 979 2533 vita
994 2471 1115 2551 fuerat,
1133 2469 1202 2549 ejus

139 2570 307 2632 «exanime
320 2569 454 2632 cadaver
467 2571 501 2632 in
515 2593 644 2633 amnem
660 2571 882 2658 projiceretur.
898 2570 987 2651 Quid
994 2571 1060 2649 jam
1074 2568 1116 2634 de
1126 2570 1203 2634 ami·

139 2670 205 2731 «cis
224 2670 292 2748 ejus
310 2692 445 2754 querar,
463 2669 520 2755 qui
537 2667 696 2733 indefensi
715 2667 961 2755 indemnatiqnc
976 2669 1136 2756 supplicio
1151 2670 1200 2732 af·

137 2770 234 2832 alecti
251 2769 350 2831 sunt?
368 2767 468 2855 idque
485 2769 519 2830 in
538 2792 575 2833 ea
594 2769 721 2832 civitate
739 2770 919 2832 factitatum
937 2785 1004 2848 est,
1021 2768 1055 2830 in
1068 2791 1132 2854 qua
1148 2791 1200 2833 ca·

137 2899 150 2925 ι
162 2871 266 2956 ρὶωΙίε
287 2891 379 2932 noxae
400 2891 494 2948 reos,
513 2869 540 2930 si
561 2868 646 2931 forte
666 2868 807 2946 lateant,
829 2882 904 2929 ante
924 2888 1057 2930 suarum
1080 2866 1199 2932 aedium

137 2971 245 3034 «fores
262 2969 431 3033 occinente
452 2968 597 3031 tubicine
612 2968 720 3031 vocari
743 2969 777 3030 in
792 2967 952 3047 judicium
970 2990 1040 3030 mos
1056 2984 1121 3049 est,
1140 2992 1199 3033 ne-

136 3095 221 3159 ·‹que
233 3072 324 3159 prius
336 3071 370 3133 in
383 3068 535 3157 suffragia
545 3068 670 3148 judices
682 3069 777 3132 mitti.
792 3070 873 3133 Tam
886 3067 930 3130 illi
945 3066 1108 3154 religiose,
1120 3083 1199 3131 tam·

135 3205 145 3225 1<
158 3197 221 3260 que
233 3175 482 3261 circumspecte,
495 3170 552 3234 ubi
566 3169 722 3258 decapite
739 3169 816 3233 civis
833 3168 969 3256 quaestio
986 3184 1086 3250 esset,
1100 3191 1199 3257 agen·

134 3273 235 3337 «dum
252 3297 321 3339 esse
337 3288 568 3338 censuerunt.»

178 3377 276 3439 XLll.
295 3379 370 3440 Haec
387 3391 484 3462 atque
500 3375 588 3454 taba,
604 3397 708 3461 quum
726 3391 841 3462 praeter
856 3372 979 3461 proprii
997 3371 1118 3435 doloris
1136 3372 1194 3436 sti·

136 3475 259 3556 rnnlos,
277 3478 371 3539 etiam
388 3477 525 3541 oratoris
541 3492 627 3558 arte,
650 3498 755 3563 eoque
777 3477 865 3540 vocis
885 3497 968 3540 sono
989 3472 1195 3555 dicerentur,

135 3574 190 3659 qui
207 3574 304 3637 rebus
320 3577 395 3663 ipsis
420 3577 501 3639 mire
520 3576 738 3665 congruebat,
760 3577 859 3640 totius
875 3575 988 3663 populi
1005 3576 1131 3638 romani
1147 3574 1194 3638 la·

134 3697 251 3760 crymae
264 3677 520 3741 concitabantur.
534 3677 621 3768 Ergo
629 3679 724 3741 Caius
735 3727 743 3758 ,
756 3677 815 3740 ubi
830 3675 906 3739 satis
919 3697 1071 3739 accensos
1084 3675 1194 3740 multi·

133 3770 254 3835 tudinis
273 3773 398 3837 animos
414 3775 512 3857 vidit,
529 3777 615 3866 leges
629 3777 722 3841 initio
738 3775 818 3840 duas
837 3775 1037 3864 promulgat,
1054 3798 1194 3862 quarum

132 3875 228 3937 altera
242 3875 371 3938 vetabat
390 3877 520 3941 bonores
538 3891 646 3966 petere
669 3900 759 3955 eum,
781 3878 835 3938 cui
850 3899 873 3938 a
884 3875 1004 3964 populo
1021 3878 1194 3963 abrogatus

130 3980 334 4063 tnagistratus
343 3993 419 4042 esset
429 4002 441 4040 :
452 3979 550 4042 altera
559 3979 661 4043 dicere
672 4000 803 4042 caluam
813 3977 976 4066 injudicio
982 3976 1195 4066 populijube·

132 4077 186 4140 bat
196 4103 283 4159 emn,
296 4082 352 4168 qui
358 4079 574 4143 indemnatum
584 4081 617 4144 in
626 4081 811 4166 magistratu
819 4101 876 4142 suo
885 4080 1006 4142 civitate
1014 4076 1191 4164 expulisset.

175 4182 290 4245 XLlll.
309 4183 366 4244 Hae
380 4181 465 4269 leges
479 4197 588 4268 aperte
605 4180 650 4246 Μ.
663 4180 835 4244 Octavium
851 4194 884 4245 et
898 4180 935 4244 P.
946 4178 1121 4265 Popillium
1136 4200 1193 4265 pe·

163 4370 179 4433 S
192 4374 313 4420 xxm.
323 4372 438 4422 Colnmn.
445 4371 573 4436 l'riumpb.
584 4372 650 4438 apud
660 4371 781 4437 Figulum.
796 4399 824 4410 -
834 4373 912 4438 §Kb
924 4372 988 4420 l'lut.
995 4371 1021 4418 in
1032 4372 1060 4420 C.
1070 4370 1192 4420 Gmoebo.

130 4479 162 4486 —
176 4452 191 4514 S
203 4456 280 4502 xtu.
291 4455 436 4519 Quintilian.
447 4456 496 4514 xl,
509 4455 548 4503 13.
563 4483 596 4493 —
609 4455 674 4503 Plat.
