2594 4980
295 114 343 180 lN
374 112 483 177 LOC.
511 112 604 175 lulll.
634 111 681 174 Η
715 111 926 176 ῙᾸῊΑΝΙ.
1076 107 1136 203 157

124 235 185 296 ll„
198 235 284 321 Ergo
299 256 371 294 vere
381 231 554 316 incipiente
570 229 749 290 Cothonem
769 232 960 315 llyrsumquc
975 233 1070 293 simul
1084 258 1141 319 up-

82 354 216 422 pugnare
230 334 371 398 instituit
384 333 576 420 proconsul‚
592 353 658 418 quo
676 331 775 419 magis
793 331 888 393 etiam
905 332 1051 396 obsessos
1067 336 1140 398 fati-

78 451 181 518 garet:
191 451 288 523 atque
298 435 361 516 illi,
373 431 540 521 desperata
549 433 720 518 utriusque
734 430 938 513 defensione,
948 433 982 496 in
993 436 1141 523 Byrsam,

76 546 103 593 Μ
123 537 358 618 munitiorem,
376 557 452 598 eum
473 533 586 615 rebus,
605 555 685 621 quas
704 532 832 597 auferre
849 534 935 597 inter
953 535 1141 623 trepidatio-

73 651 150 699 nem
167 652 356 729 potuerant,
375 657 411 701 se
432 635 660 715 contulerunt,
679 635 818 700 incensis
837 651 938 699 noctu
958 638 1140 722 navalibus,

70 744 206 826 totaque
226 762 264 804 ea
280 738 414 828 regione
431 737 606 820 Cothonis,
626 759 697 824 quae
714 736 869 824 quadrata
892 738 1079 821 vocabatur,
1098 764 1141 805 ne
1224 827 1227 834 Ι

68 831 225 904 Romanis
243 840 319 905 usui
336 856 429 905 esset.
447 841 489 902 At
503 839 658 922 victores,
682 854 840 926 occupato
857 855 972 926 portu,
990 841 1140 928 protinus

66 930 196 1004 aditum
209 940 249 1007 ad
265 963 372 1006 arcem
391 940 615 1005 moliebantur.
631 940 699 1020 lbi,
715 938 794 1002 dum
814 939 997 1004 Hasdrubal
1011 957 1044 1005 et
1060 945 1139 1007 Car·

66 1031 289 1129 thaginienses
310 1042 346 1105 in
368 1042 551 1130 Scipionem
574 1040 705 1122 intenti,
727 1064 791 1128 qua
807 1041 985 1128 plurimum
1006 1044 1140 1130 periculi

64 1143 261 1226 ³pparebat,
277 1143 453 1219 excubant,
470 1143 584 1206 Laelius
596 1141 737 1207 rotunda
748 1159 838 1230 parte
850 1143 1026 1225 Cothonis,
1043 1168 1140 1232 quam

64 1231 180 1308 ²dhuc
197 1261 370 1309 tenuerant
393 1246 521 1327 hostes,
543 1260 705 1334 superata,
726 1245 921 1332 clamoribus
943 1261 976 1309 et
994 1249 1140 1313 tumultu

64 1344 181 1407 ⁰¹¹¹nia
195 1344 308 1432 implet
323 1369 331 1410 :
348 1368 414 1432 quo
435 1346 577 1428 excitati,
600 1346 655 1433 qui
675 1369 750 1410 cum
769 1346 920 1433 Scipione
944 1364 1054 1430 erant,
1073 1350 1137 1413 vim

64 1447 90 1495 et
115 1439 185 1533 ipsi
205 1447 345 1528 faciunt,
367 1443 537 1533 viamqu'e,
557 1469 621 1532 qua
637 1448 756 1535 cuique
778 1448 962 1536 proximum
980 1464 1043 1530 est,
1062 1472 1138 1537 ape-

64 1531 172 1610 rium,
195 1547 231 1611 ln
255 1548 330 1610 l‘oro
354 1547 540 1634 propinquo
560 1546 644 1632 (nox
661 1548 748 1610 enim
771 1549 1002 1635 superveniens
1023 1552 1139 1614 tentari

64 1632 164 1719 Plura
177 1645 391 1735 prohibebat)
403 1667 480 1709 suos
492 1646 526 1706 in
539 1646 637 1707 armis
650 1647 814 1710 continuit
822 1650 997 1732 proconsul
1012 1673 1019 1715 :
1033 1650 1139 1716 donec

63 1755 145 1809 ⁰¹1³
161 1746 226 1813 dies
242 1746 387 1812 reddidit
401 1744 636 1834 prosequende
652 1745 792 1809 victoriae
806 1746 1000 1813 facultatem.

104 1842 197 1914 XLI.
216 1851 330 1937 ltaque
346 1848 524 1937 proconsul
543 1848 663 1934 ipsam,
680 1871 752 1935 quae
774 1848 842 1912 sola
858 1849 1014 1931 restabat,
1031 1874 1137 1915 urcem

60 1936 234 2033 invadere,
246 1951 344 2032 dum,
354 1950 471 2013 amissa
486 1950 610 2037 reliqua
625 1949 724 2032 urbe,
741 1949 850 2014 hostes
866 1951 1045 2038 trepidant,
1063 1976 1140 2040 qua-

59 2053 150 2115 tuor
159 2054 254 2118 millia
265 2051 446 2117 recentium
466 2050 606 2114 militum
620 2048 737 2129 jubet:
757 2050 802 2113 illi
818 2051 908 2137 prius
924 2051 957 2113 in
978 2053 1137 2139 templum

59 2141 241 2238 Apollinis,
265 2153 357 2244 quod
375 2155 409 2216 in
428 2153 579 2217 Cothone
597 2151 674 2230 fuit,
692 2151 896 2238 irrumpunt;
915 2153 1138 2241 Apollinisque

56 2260 189 2320 leuem
207 2276 356 2338 auream,
375 2269 407 2318 et
427 2253 589 2345 fastigium
606 2274 687 2314 auro
703 2250 902 2315 bracteatum
922 2252 1034 2340 pondo
1052 2256 1139 2320 mille

57 2345 262 2420 lalentorum
284 2357 320 2420 in
339 2353 480 2444 praedam
503 2368 651 2434 vertunt3
675 2375 782 2441 neque
803 2353 894 2441 prius
915 2353 993 2418 inde
1014 2378 1032 2417 a
1055 2380 1137 2443 prae·

56 2441 163 2521 fectis
175 2458 315 2524 abstrahi
332 2472 485 2546 possunt,
502 2478 599 2544 quam
617 2455 728 2543 gladiis
746 2455 889 2519 concisas
906 2477 985 2542 opes
1004 2456 1088 2521 inter
1103 2480 1138 2523 se

56 2543 236 2625 dividant:
257 2583 294 2625 ea
309 2560 450 2623 militum
468 2557 618 2639 ariditas,
635 2579 757 2645 quum,
774 2555 843 2619 aliis
864 2555 1063 2644 rapientibus
1079 2580 1137 2623 au·

56 2667 165 2742 mm,
184 2664 251 2726 aliis
274 2659 494 2741 caedentibus,
521 2676 554 2723 et
579 2681 696 2723 manus
718 2672 891 2746 amputatae
918 2659 1136 2745 quorumdam

60 2768 192 2844 ssscnt,
210 2764 334 2842 effecit,
347 2779 386 2826 ut
402 2761 559 2824 miraculo
578 2777 611 2825 et
628 2759 785 2849 Apollinis
801 2759 855 2823 irae
871 2781 923 2824 res
938 2758 1137 2826 adscribere·

63 2860 185 2929 tl¹¹··bt
192 2865 235 2930 illi
246 2914 255 2947 ,
265 2863 374 2954 praeda
386 2862 509 2943 ablata,
521 2878 592 2926 tum
603 2860 737 2926 demum
748 2859 791 2924 ad
800 2862 931 2949 Byrsam
943 2883 1137 2951 oppugnan-

66 2947 155 3025 dam
166 2982 405 3032 convertuntur.
423 2966 493 3029 lam
507 2979 540 3028 et
554 2965 662 3052 Scipio
675 2963 721 3026 ibi
738 2978 819 3042 erat,
834 2984 1019 3051 magnoque
1035 2980 1137 3028 certa-

69 3057 165 3129 mine
175 3069 253 3134 tiam
267 3069 331 3161 sibi
347 3066 519 3156 aperiebat.

127 3160 212 3235 XLII.
228 3170 391 3235 Ferebant
406 3184 521 3232 autem
542 3167 577 3230 in
600 3188 706 3230 arcem
723 3164 829 3229 aforo
849 3165 908 3229 viae
929 3180 1009 3246 tres,
1029 3165 1136 3233 densis

80 3262 220 3357 utrinque
253 3269 397 3335 aedificiis
430 3268 633 3358 praealtisque
665 3264 925 3354 comprehensae;
950 3288 989 3328 ex
1018 3267 1137 3353 quibus

87 3375 177 3440 quum
189 3371 220 3436 in
231 3374 398 3439 Romanos
414 3371 478 3436 tela
490 3370 740 3449 conjicerentur,
756 3366 902 3456 proxima
920 3389 1057 3454 quaeque
1071 3369 1139 3455 pri·

91 3474 184 3551 mum,
195 3472 311 3538 deinde
324 3472 479 3562 contigua
490 3490 736 3560 expugnavere:
755 3483 793 3531 ut
807 3469 897 3531 enim
914 3468 1020 3558 aliqua
1037 3491 1136 3533 occu·

94 3568 267 3640 trudemus
278 3589 363 3657 erat,
377 3575 413 3637 in
423 3574 562 3637 vicinam
577 3570 699 3661 aggeris
712 3568 876 3657 praebebat
891 3569 1012 3650 vicem;
1029 3591 1136 3634 semo·

123 3753 189 3817 tn.
200 3775 304 3839 ipsun.
315 3773 401 3823 ruste.
413 3799 449 3810 -
462 3773 550 3821 zonas.
565 3798 600 3808 -
614 3771 678 3820 nor.
692 3771 731 3825 n,
744 3769 783 3817 15.
799 3795 833 3804 -
846 3767 862 3831 s
876 3768 941 3816 xm.
955 3767 1018 3815 nur.
1033 3769 1133 3818 mimir.

101 3833 263 3906 wast-Vel.
279 3859 349 3907 Max.
362 3859 385 3913 t,
403 3859 442 3906 18.
454 3884 488 3894 -
499 3854 606 3919 Appian.
