2640 5046
269 1018 555 1108 JOANNIS
590 1017 1050 1105 FREINSHEMII

177 1280 1145 1421 SUPPLEMENTORUM

350 1579 968 1706 LIVIANORUM

515 1861 693 1940 LIBER
727 1861 791 1938 XI

299 2083 346 2139 IN
372 2080 528 2139 LOCUM
552 2080 674 2138 LIBRI
697 2080 802 2137 XLVI
828 2079 1012 2137 LIVIANI.

459 2304 850 2339 ΛΦ...-

529 2503 772 2573 ΕΡΙΤΟΜΕ

304 2684 433 2741 L1sa1
461 2682 828 2752 Quanaacusmn
853 2684 1007 2741 sunm.

121 2840 252 2893 Eumenes
269 2857 314 2892 rex
332 2839 441 2890 Romam
458 2835 529 2887 venit
547 2851 553 2886 :
572 2836 635 2904 qui,
650 2836 714 2905 quia
735 2836 909 2890 macedonico
930 2838 1000 2891 bello
1021 2856 1049 2892 se
1068 2838 1185 2893 medium

157 2935 263 2994 egerat,
276 2941 310 2973 ne
324 2932 369 2973 aut
386 2918 468 2971 hostis
481 2916 614 2989 judicatus
632 2917 778 2980 videretur,
792 2919 814 2970 si
827 2918 948 2971 exclusus
961 2932 1045 2983 esset,
1060 2933 1105 2974 aut
1120 2921 1185 2975 Iibe-

155 3019 228 3059 ratus
241 3004 369 3066 crimine,
386 3001 407 3053 si
420 2999 617 3062 admitteretur,
634 2999 816 3053 incommune
832 3001 874 3052 Iex
888 3001 940 3053 lata
954 3012 1010 3065 est,
1026 3022 1061 3055 ne
1073 3004 1117 3056 cui
1129 3006 1184 3076 regi

155 3092 266 3142 Ilornam
284 3088 375 3141 venire
394 3086 491 3137 liceret.
518 3082 646 3137 Claudius
667 3082 810 3135 Marcellus
831 3084 925 3137 consul
949 3084 1052 3155 alpinos
1074 3085 1183 3151 Gallos,

154 3180 186 3228 C.
200 3172 332 3244 Sulpicius
344 3169 437 3223 Gallus
451 3167 544 3221 constal
556 3166 666 3236 Ligures
681 3165 794 3237 subegit.
813 3166 905 3237 Legati
922 3166 1019 3219 Prusia
1035 3168 1106 3238 regis
1118 3187 1183 3221 con·

156 3256 241 3327 questi
255 3267 316 3307 sunt
328 3253 362 3306 de
372 3253 505 3313 Eumene,
516 3248 589 3319 quod
603 3248 667 3301 flues
680 3268 742 3302 suos
753 3248 975 3322 depopularetur3
993 3250 1183 3323 dixeruntque,

156 3357 217 3391 eum
233 3336 396 3409 conspirasse
414 3354 476 3388 eum
492 3332 623 3386 Antiocho
642 3346 733 3386 contra
750 3334 877 3405 populum
896 3353 1047 3388 romanum.
1069 3336 1184 3389 Societas

156 3440 217 3475 cum
228 3419 335 3473 Rhodiis
345 3418 548 3491 deprecantibus
557 3421 649 3490 juncta
661 3429 708 3469 cst.
719 3418 845 3470 Lustrum
857 3436 872 3469 a
884 3418 1036 3471 censoribus
1047 3418 1182 3475 conditum

156 3515 203 3556 est.
226 3504 311 3556 Censa
332 3513 393 3554 sunt
410 3501 507 3553 civium
524 3500 611 3570 capita
629 3511 746 3552 trecenta
762 3500 853 3573 viginti
873 3513 971 3574 septem
991 3501 1073 3554 millia
1090 3500 1184 3573 viginti

155 3586 218 3639 duo.
228 3587 352 3656 Princeps
363 3596 469 3637 senatus
478 3584 561 3636 lectus
570 3585 607 3636 Μ.
616 3584 867 3656 AEmiliusLepidus.
878 3586 1042 3649 Ptolemaeus,
1049 3586 1183 3659 AEgyptio·

155 3689 215 3723 rum
227 3688 288 3733 rex,
299 3669 389 3740 pulsus
405 3687 487 3740 regno
501 3687 517 3721 a
531 3668 634 3720 minore
647 3669 745 3731 fratre,
760 3668 845 3721 missis
859 3668 895 3721 ad
912 3688 972 3722 eum
988 3669 1094 3742 legatis,
1107 3669 1182 3723 resti·

156 3762 227 3803 tutus
238 3764 286 3802 ert.
299 3751 451 3814 Ariarathe,
462 3749 635 3822 cappadocie
647 3770 723 3822 rege,
739 3763 862 3817 mortuo,
879 3752 951 3806 filius
963 3758 1019 3828 ejus
1030 3753 1181 3806 Ariarathes

155 3851 266 3905 regnum
283 3835 396 3904 accepit,
412 3848 437 3887 ct
454 3835 594 3888 amicitiam
610 3853 672 3887 cum
689 3836 787 3906 populo
803 3856 914 3890 romano
927 3856 974 3908 per
990 3838 1089 3909 legatos
1103 3856 1181 3890 reno·

155 3918 238 3971 vavit.
251 3918 301 3969 Iles
314 3929 437 3987 praeterea
453 3917 578 3972 adversus
591 3919 718 3990 Ligures,
734 3932 760 3971 et
773 3920 882 3984 Corsos,
898 3933 923 3974 et
936 3921 1092 3985 Lusitanos,
1105 3921 1180 3973 vario

154 4012 250 4053 eventu
263 4010 362 4072 gestas,
381 4012 407 4052 et
422 4014 509 4055 motus
525 4003 623 4075 Syriae,
640 4016 745 4057 mortuo
761 4005 908 4070 Antiocho,
926 4007 971 4076 qui
987 4006 1072 4058 filium
1088 4004 1181 4057 Antio·

154 4086 233 4137 chum
243 4103 354 4155 puerum
364 4082 507 4138 admodum
515 4086 667 4159 reliquerat,
675 4088 883 4141 continetllunc
888 4090 1047 4143 Antiochum
1056 4106 1178 4159 puerum,

154 4187 215 4221 cum
235 4169 312 4240 Lysia
329 4181 415 4220 tutore
430 4173 500 4241 ejus,
514 4171 678 4234 Demetrius,
694 4172 796 4226 Seleuci
811 4172 899 4235 lilius,
915 4174 961 4245 qui
976 4176 1085 4226 Romam
1104 4173 1180 4225 obses

155 4253 251 4306 missus
261 4253 360 4316 luerat,
376 4251 460 4315 clam,
471 4253 535 4324 quia
548 4254 655 4306 minime
664 4253 845 4309 dimittebatur
856 4275 871 4309 a
883 4257 1022 4318 Romanis,
1032 4255 1178 4319 interemit;

154 4347 180 4388 et
198 4336 252 4406 ipse
273 4336 300 4388 in
319 4354 431 4407 regnum
449 4348 577 4407 receptus.
599 4339 630 4390 L.
650 4339 756 4392 AEmilio
772 4340 871 4405 Paulo,
887 4340 933 4411 qui
953 4340 1049 4393 Persen
1064 4338 1177 4401 vicerat,

154 4431 274 4483 mortuo,
288 4431 360 4473 tanta
371 4421 427 4491 ejus
439 4419 596 4473 abstinentia
608 4421 676 4484 suit,
692 4433 739 4485 ut,
755 4441 838 4493 quum
854 4441 885 4476 ex
899 4422 1025 4493 IIispania
1039 4432 1065 4474 et
1078 4439 1110 4474 ex
1123 4421 1179 4473 Ma·

154 4501 266 4554 cedonia
283 4521 346 4573 opes
360 4501 504 4565 retulisset,
514 4502 556 4555 vix
573 4522 603 4556 ex
623 4504 745 4557 auctione
757 4506 888 4559 bonorum
907 4507 963 4577 ejus
979 4504 1117 4559 redactum
1128 4504 1177 4567 sit,

217 4602 280 4667 IX.
579 4692 583 4699 .
991 4629 1003 4673 1
