2594 4980
139 665 209 755 454
312 667 381 735 JO.
410 664 750 735 FREINSHEMII
779 662 1037 767 SUPRLEM:

137 824 150 847 a
158 814 275 882 parum
292 788 366 853 fidei
383 789 506 852 miseris
523 810 592 851 csse
606 809 614 851 ε
628 786 691 851 nisi
701 802 811 850 tamen
824 784 988 875 intelligo,
999 784 1098 849 illum
1111 802 1224 875 supra
1274 802 1277 809 '

139 926 152 949 κ
162 916 260 983 quam
269 914 330 981 ego
345 914 416 955 sum
427 939 435 971 ,
447 907 572 978 petere3
592 910 700 977 neque
715 887 813 954 simul
823 887 997 951 amicitiam
1008 902 1176 970 teatrum,
1186 904 1235 955 et·

141 1017 302 1084 «regnum
319 1016 428 1057 meunt
445 1015 574 1080 sperare
590 1014 598 1055 ε
615 1008 727 1056 utrum
740 990 869 1080 gravius
884 988 1067 1070 existimet,
1083 990 1223 1055 nemini

142 1084 330 1162 «becultum
361 1114 429 1177 est3
455 1119 530 1158 num
559 1094 655 1159 initio
685 1092 807 1159 occidit
830 1093 1050 1183 Hiempsalem
1075 1094 1222 1159 fratrem

143 1220 298 1279 anteum,
322 1197 440 1260 deinde
464 1198 568 1285 patrio
589 1216 695 1286 regno
714 1218 766 1260 nte
784 1194 919 1284 expulit
940 1195 1024 1277 Quae
1041 1218 1124 1261 tane
1138 1196 1223 1263 fue·

141 1299 231 1363 «rint
249 1316 367 1362 nostrae
391 1299 536 1379 injuriae,
559 1298 641 1363 nihil
660 1296 702 1362 ad
724 1318 783 1361 vos
798 1319 806 1361 :
822 1319 937 1362 verunt
958 1318 1222 1389 nuneregaum

140 1430 153 1455 ι
164 1417 308 1464 vestrum
325 1400 422 1464 armis
440 1416 529 1463 tenet
546 1423 553 1463 :
572 1422 643 1481 tne,
658 1420 758 1488 quern
771 1421 830 1463 vus
847 1400 1075 1488 imperatorem
1089 1401 1224 1467 Numi·

138 1501 222 1565 «dise
241 1502 413 1590 posuistis,
431 1502 577 1565 clausum
600 1500 756 1566 obsidet:
774 1500 955 1591 legatorum
977 1501 1075 1566 verba
1095 1506 1223 1591 quanti

141 1604 296 1684 «feeerit,
314 1604 456 1690 pericula
477 1625 549 1666 mea
570 1601 744 1668 declarant.
762 1601 853 1683 Quid
874 1618 924 1668 est
942 1601 1131 1690 reliquum,
1151 1605 1222 1671 nisi

142 1703 212 1766 «tis
225 1720 346 1784 vestra,
362 1726 425 1790 qua
442 1704 566 1767 moveri
577 1702 702 1792 possiti
712 1725 790 1767 nam
805 1726 867 1792 ego
882 1703 1017 1792 quidem
1033 1704 1172 1789 vellem,
1185 1722 1224 1771 ct

142 1804 253 1886 «haec,
276 1827 347 1892 quae
371 1805 498 1885 scribo,
521 1822 553 1870 et
577 1804 650 1887 illa,
675 1826 748 1893 qum
771 1807 921 1870 antesin
944 1822 1059 1870 senatu
1074 1824 1222 1895 questus

143 1928 257 1986 «sum,
274 1928 355 1969 vana
372 1909 480 1969 forent
497 1907 624 1995 potius,
643 1929 742 1995 quant
758 1907 885 1971 miseria
900 1929 972 1971 mea
989 1906 1089 1972 fidem
1104 1909 1222 1975 verbis

144 2009 296 2072 «faceret.

188 2111 276 2174 Vlll.
295 2110 554 2198 «sedquoniam
577 2132 619 2175 en
641 2125 848 2193 natussum,
871 2125 909 2175 ut
925 2108 1092 2199 iugurthae
1113 2110 1221 2177 scele-

145 2235 241 2276 «runt
263 2214 404 2276 ostentui
422 2235 545 2293 essem;
562 2234 629 2275 uun
644 2212 710 2292 jam
729 2229 888 2293 mortem,
905 2233 1013 2299 neque
1028 2231 1221 2297 aerumnas,

146 2346 158 2369 ιι
168 2314 398 2378 tantummodo
415 2315 537 2377 inimici
557 2313 749 2403 imperium,
766 2330 799 2377 et
813 2315 974 2377 cruciatus
990 2312 1141 2400 corporis
1158 2312 1222 2379 de·

146 2440 296 2504 «precor.
323 2419 436 2505 Regno
457 2416 641 2498 Numidiae,
663 2415 754 2505 quod
777 2433 923 2480 vestrum
947 2432 1019 2496 est,
1040 2415 1089 2479 uti
1111 2416 1220 2499 libet,

49 2588 64 2607 Ι
145 2521 331 2585 «consulite
348 2545 355 2584 :
374 2544 425 2583 me
442 2543 480 2583 ex
500 2504 773 2609 manibusimpiis
789 2518 920 2608 eripite,
936 2540 995 2607 per
1013 2517 1221 2598 majestatem

146 2621 315 2708 «imperii,
329 2644 385 2709 per
397 2622 543 2684 amicitiae
559 2620 675 2703 fidem,
693 2621 721 2685 si
736 2620 801 2687 ulla
817 2619 905 2709 apud
921 2641 979 2684 vos
991 2618 1152 2683 memoria
1165 2642 1223 2685 ne·

146 2741 280 2788 «manet
302 2725 350 2787 avi
374 2724 435 2785 mei
460 2722 643 2788 Masinissae.
668 2722 728 2786 His
747 2720 886 2802 auditis,
906 2743 980 2809 para
1005 2735 1140 2785 senatus
1163 2720 1222 2785 itt·

146 2844 300 2915 corrupta
325 2850 391 2889 nun
417 2824 606 2906 dubitabat,
624 2826 704 2913 quin
728 2840 804 2888 ante
822 2825 933 2890 omnia
951 2819 1222 2887 subveniendum

148 2930 324 2996 Adherbali
342 2930 444 3002 foret,
466 2929 609 2992 exercitu
627 2928 662 2991 in
678 2926 819 2992 Africam
836 2927 934 2991 misso
952 2948 961 2995 t
981 2924 1022 2989 de
1037 2924 1223 3013 Iugurtha,

149 3031 240 3120 quod
256 3031 308 3094 ille
326 3030 431 3092 verbis
449 3030 628 3117 legatorum
647 3050 715 3092 nnn
732 3029 907 3117 paruisset,
922 3051 982 3117 per
995 3026 1098 3091 otium
1116 3028 1225 3092 statui

147 3156 253 3221 posse.
270 3136 430 3196 Caeterum
446 3131 590 3193 fautores
606 3129 692 3217 regis
706 3130 861 3194 acerrime
872 3143 1077 3218 pugnarunt,
1094 3148 1138 3190 ne
1156 3126 1224 3193 tale

149 3235 229 3322 qttid
246 3233 492 3296 decerneretur:
511 3251 617 3317 «soepe
633 3230 743 3293 multis
767 3230 958 3318 magnisque
978 3227 1103 3308 injuriis
1122 3248 1223 3293 accc-

147 3335 254 3421 «ptis,
282 3331 441 3420 populum
464 3352 637 3401 romanum
663 3331 773 3396 omnia
800 3346 909 3395 tamen
935 3331 1025 3420 prius
1053 3344 1222 3415 tentatae,

143 3457 265 3522 «quam
287 3432 408 3495 bellum
429 3431 624 3497 decerneret.

195 3538 253 3600 tx.
272 3568 284 3591 «ι
294 3533 398 3607 Multa
415 3535 455 3597 ab
470 3533 666 3616 Hannibale,
683 3535 787 3599 multa
801 3535 981 3624 aPhilippn
993 3556 1142 3623 passum,
1159 3533 1225 3601 do-

151 3672 164 3695 «
176 3662 236 3702 nec
253 3660 341 3700 artua
364 3637 488 3716 Poenis,
511 3651 567 3711 aut
582 3634 782 3702 Macedoniae
802 3638 946 3701 inferret.
967 3636 1037 3701 Nee
1052 3634 1142 3699 enim
1161 3635 1224 3722 piu

150 3774 161 3795 e«
171 3741 325 3827 justoque
335 3739 419 3802 bellu
430 3754 609 3802 certaturos
621 3753 769 3827 putasse,
780 3739 842 3803 uisi
858 3739 1015 3827 liqueret,
1026 3736 1118 3801 aliter
1130 3736 1224 3801 tueri

153 3845 226 3923 «jus
249 3862 345 3905 suurn
370 3840 563 3925 nequivisse.
584 3840 674 3904 luter
695 3840 800 3905 socios
824 3838 944 3905 deinde
965 3860 1075 3929 reges,
1100 3860 1224 3926 quarn-

152 3976 165 4000 «
177 3967 274 4032 quatu
292 3964 348 4004 sua
363 3957 395 4003 et
408 3957 537 4028 patrum
551 3957 658 4017 aetate,
674 3942 709 4006 iu
723 3940 886 4030 AEgypto‚
902 3941 937 4004 itt
953 3939 1062 4028 Syria,
1080 3953 1113 4003 et
1129 3937 1224 4026 apud

153 4078 164 4101 ι·
176 4064 289 4110 caetera
305 4043 386 4109 Asiae
405 4063 502 4131 regua
519 4041 629 4106 multat
641 4042 746 4108 turbae
763 4042 977 4121 exstitissent,
992 4038 1223 4105 auctoritatem

153 4170 270 4210 «suam
288 4160 457 4234 prompte,
482 4166 570 4207 arma
596 4166 669 4209 raro
694 4161 728 4209 et
748 4160 941 4211 cunctanter
963 4140 1222 4229 interposuisse:

153 4247 222 4309 «sic
238 4264 447 4334 assequutos,
469 4260 524 4325 ut,
539 4243 635 4311 sociis
653 4244 813 4335 integram
831 4245 1019 4333 permittere
1037 4243 1222 4309 libertatern

150 4347 249 4429 arisi,
267 4347 416 4412 laudibus
441 4368 478 4409 ac
498 4346 609 4413 latore
631 4348 781 4413 munium
803 4347 1065 4428 celebrarentur3
1082 4360 1115 4411 et
1129 4345 1220 4413 inter
