2594 4980
1196 442 1198 449 .

119 720 186 765 aoa
288 698 360 764 JO.
387 696 728 765 FREINSHEMII
758 697 1005 767 SUPPLEM.

117 815 267 881 incendio
283 815 399 880 delevit
418 839 425 878 :
444 818 551 903 ipsum
569 818 702 903 quoque
719 815 902 880 Viriathum
921 816 964 881 ad
984 816 1109 900 locum,
1123 821 1162 885 tui

116 920 228 981 Boecor
241 940 358 980 nomen
372 934 431 996 est,
443 918 623 1005 fugientem
633 918 996 1004 consequutus,multus
1006 919 1162 1001 interfecit3

115 1017 279 1105 rebusque
301 1019 352 1080 bis
371 1017 538 1105 perfectis,
553 1040 657 1105 quum
677 1018 807 1082 interim
831 1019 962 1083 exiisset
979 1022 1161 1103 testament-

116 1115 238 1180 dubam
251 1118 456 1180 hibernatum
468 1118 558 1181 abiit.
570 1119 608 1181 ln
621 1118 709 1181 Urbe
722 1120 768 1183 Μ.
774 1120 878 1184 Titi-ua
890 1136 1024 1208 praetor,
1034 1122 1089 1211 (μ’
1098 1122 1161 1187 inter

116 1216 200 1281 cives
216 1234 249 1280 et
264 1219 451 1307 peregrinos
463 1217 724 1298 jurisdictionem
736 1219 1006 1305 fuerateortitut,
1018 1223 1158 1313 uqotiun

116 1342 133 1383 a
157 1335 272 1383 senatu
287 1320 431 1406 accepit,
453 1320 604 1383 Aniensis
625 1321 800 1409 Appiaeque
821 1342 913 1409 aquoe
936 1320 1058 1387 ductus
1076 1320 1158 1387 vindi-

116 1420 221 1500 candi,
231 1421 288 1507 qui
296 1436 529 1500 vetustate,aut
537 1422 736 1508 privatorum
746 1420 926 1503 fraudibus,
936 1422 1157 1487 udnueinnttu:

114 1522 220 1588 eidem
238 1522 438 1602 injunctum,
455 1537 492 1585 ut
505 1546 604 1587 novas
621 1546 754 1611 quoque
767 1546 866 1611 aquas
882 1540 1015 1588 cruaret
1024 1524 1156 1591 induan-

115 1624 194 1705 das,
213 1626 368 1705 majorem
382 1626 470 1688 enirn
486 1646 579 1711 aquae
597 1624 733 1689 modum
748 1626 949 1689 incrementa
966 1626 1058 1691 urbia
1069 1642 1155 1715 pou·

114 1728 223 1791 labant
240 1750 247 1789 ε
265 1750 368 1814 quum
383 1751 401 1791 a
420 1743 470 1791 tot
485 1727 657 1791 bominum
677 1726 820 1791 millibus
835 1726 1038 1791 incredibilia
1052 1726 1153 1807 ejurr't

115 1849 182 1890 non
199 1844 280 1915 potu
298 1830 421 1909 solum,
438 1828 608 1892 sedetiam
624 1827 794 1891 abluendis
809 1828 1024 1916 corporibus,
1039 1824 1152 1893 eluet&

117 1930 278 2010 vestibus,
297 1930 444 2018 quotidie
461 1932 695 1995 absumeretur.

158 2033 199 2095 V.
224 2032 365 2097 Pecunia
379 2033 421 2096 ad
439 2035 507 2097 haec
525 2057 564 2096 ex
578 2033 690 2097 aerario
708 2031 855 2112 decreta,
872 2034 1056 2099 sestertium
1068 2030 1149 2097 nidi!
1196 2026 1198 2063 ³

115 2133 337 2223 octingenties.
349 2135 583 2198 Consularibus
595 2133 713 2197 deinde
725 2132 865 2197 comitiis
875 2137 937 2221 Ap.
947 2128 1149 2199 claudiani

115 2236 210 2315 cher,
227 2238 267 2318 Q.
280 2237 426 2300 Caecilius
440 2237 590 2300 Metellus
604 2235 834 2300 Macedonicus
848 2236 1148 2323 statuerantque

115 2338 277 2424 geminam
295 2338 443 2400 continui
456 2337 579 2401 biennii
592 2338 756 2425 repulsam
770 2336 946 2401 difficulter
953 2336 1149 2422 obtinuit}

112 2438 183 2515 jore
203 2439 339 2501 civitatis
358 2438 500 2527 pudore,
521 2462 617 2526 quam
633 2462 695 2502 suo
710 2463 718 2503 ε
734 2462 809 2503 nam
825 2440 874 2502 uti
896 2440 996 2503 tertio
1008 2454 1079 2503 ante
1092 2450 1148 2500 unt

117 2540 156 2618 Q.
173 2538 291 2601 Fabius
310 2541 399 2601 fratri
416 2540 576 2626 Scipioni,
596 2541 631 2603 L.
651 2541 823 2605 Mancinus
841 2540 940 2605 rebus
954 2538 999 2603 ad
1014 2530 1149 2621 caan&

115 2662 189 2701 nem
210 2657 390 2728 utcumque
406 2643 521 2730 gestia,
539 2640 657 2705 debere
679 2642 883 2705 consulatum
899 2641 1028 2729 potuit3
1046 2640 1085 2703 ita
1099 2652 1152 2725 μθ·

117 2739 238 2804 ximum
256 2765 314 2829 par
336 2744 530 2823 consulum,
546 2745 599 2807 cui
617 2766 724 2830 neque
745 2742 927 2831 provincias
949 2742 1040 2807 credi
1054 2750 1153 2805 senat*

116 2861 284 2907 censuerat
301 2842 436 2924 debere,
457 2844 538 2907 nibil
554 2844 711 2925 habebat,
726 2868 786 2907 cur
805 2844 1013 2909 nobilissimo
1022 2836 1154 2923 virodt‘·

115 2945 304 3032 tissimoquc
328 2946 515 3034 imperatori
534 2946 775 3009 anteferretur:
798 2944 855 3009 sed
877 2944 1052 3026 videlieet,
1068 2958 1178 3031 quw·

114 3044 291 3109 admodum
308 3048 367 3109 alia
384 3063 532 3125 externa,
550 3047 596 3109 sic
608 3047 750 3110 honores
764 3063 862 3133 atque
874 3048 1094 3136 magirtmtut,
1106 3054 1155 3103 ²⁰¹

116 3148 274 3210 continuo
288 3149 417 3210 virtutis
433 3165 664 3235 argumentum
679 3162 770 3227 sunt3
788 3149 864 3234 quia
881 3164 1108 3236 nonnunquam
1118 3136 1158 3203 dt·

117 3247 289 3309 terioribus
308 3247 426 3332 cupide
444 3247 581 3329 tradita,
595 3249 713 3330 bonis,
727 3249 771 3312 ob
786 3250 849 3313 boc
863 3249 991 3337 ipsum,
1006 3244 1158 3337 quoda*

116 3347 212 3427 boni,
228 3347 438 3435 denegantur.
454 3348 558 3436 quue
571 3350 703 3414 Metello
714 3366 884 3428 nocuerat,
895 3372 996 3437 quem
1006 3334 1161 3429 obinttgfi·

116 3463 215 3510 tatem
230 3472 377 3528 morum,
392 3451 469 3513 etin
480 3451 670 3516 Macedonia
680 3452 863 3538 Acbaiuquc
873 3452 1009 3540 antiqua
1021 3444 1162 3517 meriti?

115 3565 223 3612 aetram
241 3550 432 3637 imperium,
450 3553 635 3641 corruptior
651 3553 685 3616 in
707 3552 775 3616 dies
792 3553 919 3641 plebes,
934 3570 973 3617 ut
990 3548 1162 3639 iniquuutt

118 3653 240 3715 tristem
261 3653 475 3720 aversabatur.
497 3654 559 3719 Sed
584 3654 685 3742 ipsam
709 3653 795 3718 hanc
818 3654 971 3733 injuriam
996 3642 1164 3745 civiumifl‘·

116 3754 326 3818 citamentum
352 3757 403 3819 ille
432 3756 561 3820 virtutis
591 3755 724 3835 habuit,
749 3772 960 3837 ostensurus,
985 3774 1054 3819 non
1072 3744 1167 3814 terim

116 3855 235 3919 damno
247 3856 407 3920 civitatem
418 3858 473 3923 tali
482 3856 635 3938 consule,
646 3854 893 3944 quamsetalem
901 3854 1009 3919 virum
1018 3844 1167 3917 corrtub¹u

116 3957 268 4021 caruisse.
1036 4004 1039 4009 .

160 4061 214 4123 Vl.
226 4060 417 4147 AEquiorem
429 4060 470 4124 ad
482 4060 567 4141 bec,
581 4060 664 4123 inito
673 4060 863 4138 consulatu,
881 4073 1004 4123 sortem
1016 4060 1168 4143 expertffit

115 4182 212 4248 quam
230 4161 271 4224 ad
288 4159 505 4227 obtinendum
521 4182 596 4224 eum
612 4160 724 4249 populi
740 4159 893 4249 suffragia
909 4158 1057 4239 fuerant,
1068 4152 1169 4235 ΠΨ·

150 4368 166 4431 S
185 4371 229 4417 tt.
243 4372 350 4436 Appiam.
363 4372 466 4435 Hispan.
479 4396 513 4407 -
527 4370 637 4417 Frontin.
649 4368 681 4416 de
694 4368 840 4431 Aquaeduct.
854 4394 889 4404 -
902 4367 918 4432 S
931 4368 964 4415 V.
975 4367 1042 4432 bip.
1052 4362 1080 4413 ὼ
1089 4356 1166 4411 ΙΨ·

119 4452 298 4502 Romanunm
310 4490 316 4509 ‚
334 4471 372 4501 rr.
386 4481 421 4491 -
431 4455 505 4502 Auct.
518 4452 549 4501 de
558 4454 610 4503 Vir.
621 4453 656 4503 iu.
668 4470 689 4501 c.
703 4454 747 4501 61.
755 4452 853 4501 -Vat
866 4452 1006 4511 vall,
1019 4450 1043 4500 5.
