2594 4980
319 683 372 751 tu
403 677 518 749 coc.
546 680 644 749 nm.
672 678 815 747 tx111
846 679 1076 770 mvtlrtt.
1163 678 1231 765 431

163 800 431 888 populationibus
446 801 511 863 late
527 800 672 887 aperuit,
689 798 786 862 nullis
804 800 922 887 paratis
939 797 980 864 ad
993 800 1236 888 prohibendum

162 902 305 982 viribus,
323 918 356 965 et
373 900 529 990 praesidiis
543 903 786 976 Romanunm,
805 899 858 963 rix
873 899 915 964 ad
931 899 1046 982 urbes,
1058 922 1137 989 quas
1147 902 1235 969 inte·

162 1003 295 1083 derant,
315 1002 453 1067 tuendas
471 1001 595 1067 validis.
914 1000 935 1082 ss

206 1105 262 1168 IV.
281 1106 434 1185 Quorum
453 1101 544 1190 quod
560 1099 722 1168 Heracleie
739 1103 819 1185 fuit,
842 1119 911 1167 arte
929 1104 1147 1191 interceptum
1164 1119 1232 1186 θοις

164 1207 348 1293 militesque
358 1205 537 1293 octingenti
550 1227 626 1269 cum
636 1203 936 1292 praefectoLucullo
946 1205 1029 1270 eresi.
1040 1206 1133 1270 Alam
1148 1205 1236 1269 enim

163 1309 329 1394 equitum,
341 1307 429 1370 velut
440 1306 482 1370 ad
491 1329 609 1394 pecora
621 1303 797 1394 abigenda,
806 1304 966 1370 Scordisci
976 1306 1150 1372 succedere
1162 1329 1238 1372 mte-

164 1409 261 1472 nibus
272 1408 450 1487 jusserant3
471 1430 544 1496 quae
561 1422 787 1494 erumpentem
803 1407 977 1471 Lucullum
994 1407 1142 1471 simulata
1160 1406 1237 1496 iuga

163 1510 196 1570 in
213 1510 383 1572 collocatas
394 1509 485 1597 prius
498 1508 630 1572 insidias
647 1507 792 1573 deduxit.
807 1507 893 1573 Hinc
905 1508 1080 1597 provinciis
1094 1509 1236 1573 romanis

163 1611 258 1699 longe
277 1611 406 1698 lateque
424 1610 629 1698 pervastatis,
647 1632 705 1698 per
721 1611 913 1674 Dalmatiam
933 1609 974 1674 ad
992 1632 1079 1675 mare
1095 1609 1236 1676 Adriati-

163 1733 239 1774 cum
257 1727 462 1798 penetratum
480 1727 529 1775 est
548 1734 555 1775 :
573 1711 648 1793 ubi,
666 1712 757 1775 velut
773 1710 889 1775 obexa
908 1728 1025 1777 natura
1038 1712 1167 1800 positus
1183 1734 1234 1777 es·

163 1828 226 1891 set,
247 1811 461 1876 barbarorum
480 1799 621 1901 impetus
639 1813 804 1893 substitit3
821 1813 959 1901 telisque
975 1815 1010 1877 in
1029 1815 1113 1901 ipsas
1129 1812 1234 1879 undas

163 1913 315 1991 conjectis
331 1929 546 1978 recesserunt.
566 1915 637 1979 Hoc
655 1936 743 1978 anno
759 1915 900 1979 lustrum
915 1938 934 1979 a
951 1915 1143 1980 censoribus
1156 1938 1236 1980 con·

163 2013 269 2078 ditum
289 2031 338 2078 est
356 2015 477 2080 :censa
500 2032 578 2080 sunt
599 2017 719 2081 civium
740 2038 952 2081 romanorum
970 2017 1075 2105 capita
1092 2020 1235 2082 trecente

163 2118 342 2205 nonaginta
358 2133 501 2205 quatuor
518 2118 638 2200 millia,
657 2133 800 2187 trecenta
814 2118 946 2207 triginta
963 2140 1029 2183 sex.

206 2220 244 2283 V.
263 2221 325 2283 Per
340 2220 427 2283 idem
445 2236 573 2308 tempus
590 2221 715 2285 incesto
728 2219 910 2284 Vestalium
930 2220 1110 2308 patefacto,
1133 2218 1234 2283 moxi·

163 2346 235 2387 mus
250 2347 417 2388 romanam
429 2325 545 2389 urbem
558 2347 596 2388 ex
611 2324 767 2413 religione
779 2339 886 2387 terror
897 2321 1013 2385 invasit
1025 2344 1033 2385 ε
1043 2319 1135 2408 quod
1147 2321 1233 2385 enim

162 2450 229 2489 non
245 2426 344 2491 modo
362 2428 471 2517 legum
489 2443 584 2518 rupta
601 2426 771 2514 repagula,
786 2423 843 2489 sed
860 2425 957 2488 etiam
974 2423 1139 2513 religionis
1154 2422 1232 2488 hor·

162 2552 287 2614 rorem,
310 2545 342 2594 et
366 2529 573 2594 atrocissimae
595 2551 697 2615 poene
722 2534 846 2591 metum
867 2525 951 2588 victa
975 2521 1234 2612 videban13jam

162 2630 244 2692 nt'leil
254 2634 393 2717 cogitari
399 2653 490 2718 posse
505 2628 782 2714 tamflagittosum
798 2641 856 2689 aut
870 2624 1058 2689 horrendum
1083 2639 1233 2688 autume-

161 2730 251 2810 bant,
263 2731 350 2818 quod
360 2754 381 2792 a
393 2731 455 2793 teli
467 2745 641 2816 temporum
654 2727 832 2815 corrrtptela
849 2749 913 2788 non
931 2727 1233 2814 essetpetttinesoen·

162 2829 248 2892 duem
270 2831 373 2894 Unam
390 2851 513 2917 quoque
535 2831 686 2915 virginem
703 2828 914 2905 damnatam,
934 2827 1024 2914 quod
1039 2839 1144 2889 tomen
1158 2848 1235 2890 retro

162 2929 342 3010 accidisset,
364 2931 475 2996 Urbem
493 2933 526 2992 in
544 2932 631 2994 luctu
650 2940 746 3017 atque
757 2930 878 3016 gemitu
887 2949 1008 3016 ponere
1023 2952 1035 2991 :
1051 2941 1118 2991 turn
1131 2928 1234 2993 obvios

161 3054 297 3120 quosque
312 3032 352 3095 de
364 3033 421 3096 oie
434 3047 559 3095 moestos
572 3033 746 3118 tacitosque
760 3027 924 3110 decedere,
944 3041 1003 3094 aut
1018 3051 1091 3095 eum
1109 3026 1233 3094 silentio

161 3148 190 3198 et
202 3138 320 3221 gemz'tu
333 3135 497 3212 sonutam
512 3155 611 3222 neque
623 3135 789 3197 emitterem
802 3129 907 3196 ullum
922 3133 1043 3195 civitati
1052 3129 1136 3194 diem
1146 3132 1214 3219 agi.

205 3237 260 3301 VI.
283 3238 379 3301 Nune
399 3251 461 3301 tres
480 3232 576 3299 simul
593 3233 756 3315 Vestales,
774 3223 941 3296 diotidiom
956 3235 1049 3295 totius
1069 3228 1238 3296 smodoot·

155 3352 300 3424 partem,
326 3360 447 3401 summo
470 3336 540 3399 loco
560 3347 655 3399 nates
664 3383 675 3414 ,
694 3349 854 3424 preterea
873 3336 1011 3423 equitum
1031 3354 1233 3399 teutonorum

161 3461 292 3523 agmen,
308 3439 415 3501 eodem
416 3435 537 3524 furore
551 3451 746 3526 correptum,
754 3434 891 3524 pollutis
904 3437 1107 3516 cerimoniis,
1120 3457 1232 3501 eorru-

156 3541 219 3626 ptis
238 3541 285 3602 ad
300 3556 475 3603 extremam
498 3540 722 3628 tutpt'tudittsm
744 3537 906 3617 moribus,
926 3539 1034 3600 omm'a
1048 3559 1133 3601 soeoa
1150 3534 1235 3627 tisso-

161 3654 272 3729 staque
287 3656 318 3704 et
331 3640 464 3730 inserte,
488 3655 520 3705 et
528 3641 726 3729 portendere.
746 3639 824 3704 Non
830 3639 908 3728 jam
924 3661 986 3702 esse
1001 3637 1230 3725 querendum,

162 3765 220 3806 cur
231 3745 272 3806 ab
288 3745 418 3830 ignobili
431 3742 517 3807 hoste
529 3755 637 3807 tentus
649 3742 805 3806 exemero
818 3762 887 3804 una
899 3761 972 3803 eum
987 3741 1113 3805 consule
1127 3741 1170 3803 sit
1179 3741 1230 3804 ire·

162 3857 321 3932 tereeptus.
344 3842 492 3931 Offensos
509 3866 690 3933 aversosque
707 3842 781 3906 deos
799 3863 866 3905 rem
884 3862 1053 3905 mmanam
1067 3862 1210 3930 premens
1218 3865 1232 3921 ,·

157 3969 393 4035 pressurosque,
409 3947 446 4008 m'
456 3945 732 4033 simpiteotionibus
745 3956 778 4005 et
790 3943 874 4007 sacri
886 3943 974 4021 teies,
992 3956 1024 4007 et
1035 3957 1112 4006 arete
1124 3944 1234 4007 ommia

197 4179 213 4241 S
228 4181 273 4227 111.
290 4179 342 4225 Liv.
358 4176 423 4241 ttptt.
440 4200 475 4211 -
493 4172 558 4222 mor.
576 4175 627 4232 111,
638 4181 662 4228 t.
679 4198 715 4210 -
733 4169 1142 4228 Annon.rtsreelltn.xxv11,
1159 4182 1183 4230 ⁷·
1196 4176 1234 4209 '-

162 4263 239 4327 slv.
262 4267 345 4310 Fiunt.
366 4262 421 4317 111,
443 4272 481 4305 ιο.
504 4283 540 4294 -
562 4256 627 4305 Flos.
651 4280 687 4295 -··
707 4254 812 4304 uma
833 4256 901 4303 Scor.
918 4279 953 4292 --
971 4253 1024 4301 nv.
1045 4252 1112 4319 Epio
1129 4278 1165 4291 -
1180 4253 1236 4305 tut.

162 4346 253 4411 Obseq.
269 4374 304 4383 -
318 4346 368 4394 Dio
379 4342 446 4410 apud
454 4341 536 4390 Voles.
548 4366 582 4378 -
596 4340 615 4406 s
627 4341 659 4389 t.
671 4339 795 4390 Plntudt.
810 4340 836 4387 itt
848 4338 944 4396 Nou,
957 4351 1011 4401 up.
1025 4351 1065 4399 tu.
1078 4362 1113 4375 -
1126 4337 1232 4405 Dim»

164 4431 203 4486 11,
219 4430 260 4478 ot.
277 4455 312 4466 —-
324 4429 377 4479 Cic.
392 4441 439 4493 pre
451 4426 539 4482 dono,
549 4440 603 4489 etp.
616 4424 657 4472 53.
