2594 4980
55 39 1257 341 m

320 735 372 802 ΙΝ
399 733 508 802 LOC.
535 733 628 802 LIB.
655 726 716 799 LV
745 719 961 798 LIVIANI.
1111 724 1175 798 251

109 856 200 919 etiam
212 852 261 918 ad
274 875 330 917 res
342 850 495 943 gerendas
506 867 728 941 opportunum
743 853 784 916 sit
796 868 940 916 mentem
952 850 1047 915 bonis
1059 851 1181 916 artibus

110 952 293 1017 excoluisse
317 974 326 1015 :
347 974 418 1039 quae
439 949 608 1040 disciplina
625 968 749 1040 quanto
770 953 804 1016 in
830 974 1025 1040 unaquaque
1049 954 1181 1018 natione

111 1056 201 1119 latius
217 1052 370 1118 difhrndi
383 1069 504 1142 potest,
522 1054 630 1143 inepta
646 1055 850 1143 superstitio,
868 1070 900 1120 et
913 1076 971 1141 per
983 1076 1096 1119 vanam
1112 1077 1181 1119 cre·

112 1155 286 1220 dulitatem
306 1155 433 1237 objecta
454 1157 592 1246 negotiis
618 1156 848 1245 impedimenta
866 1156 1072 1219 minuuntur.
1100 1155 1183 1238 Quis

113 1259 198 1322 enim
215 1256 320 1322 hodie
336 1280 404 1321 non
423 1255 525 1322 rideat
544 1259 677 1322 inanem
693 1275 742 1323 tot
757 1257 893 1322 millium
913 1273 1055 1337 metum,
1075 1257 1182 1320 fortis·
1264 1295 1266 1299 ι

112 1360 234 1423 simum
252 1358 447 1440 exereitum,
458 1359 795 1447 ferocissimarumque
809 1359 956 1448 gentium
971 1357 1182 1438 domitorem,

113 1462 211 1525 unius
229 1483 299 1524 non
316 1460 447 1525 maximi
463 1462 566 1526 amnis
590 1486 632 1527 ne
658 1461 776 1526 [luctus
797 1460 929 1549 quidem
954 1475 1010 1523 aut
1026 1460 1182 1535 vortices,

114 1560 169 1624 sed
186 1561 297 1626 solum
315 1583 453 1642 nomen,
470 1579 566 1650 atque
585 1561 708 1627 nudam
730 1561 977 1652 appellationem
994 1560 1183 1625 horruisse?

114 1661 243 1725 Scilicet
259 1662 369 1724 evenit
387 1661 523 1726 rudibus
539 1663 714 1728 hominum
730 1663 865 1743 animis,
885 1662 974 1751 quod
998 1663 1033 1726 iu
1057 1662 1180 1727 bellua·

115 1783 188 1825 rum
214 1759 430 1848 quarumdam
458 1778 573 1828 natura
597 1765 773 1846 miramnr;
804 1788 894 1851 quae,
918 1786 1021 1852 quum
1049 1763 1182 1827 immani

115 1863 235 1926 robore
252 1863 415 1952 polleant,
434 1864 586 1953 nullaque
600 1867 632 1928 vi
649 1866 714 1930 sint
731 1865 947 1953 superabiles,
967 1862 1181 1952 contemptis·

115 1963 276 2026 simorum
298 1964 575 2029 animalculorum
585 1982 708 2030 terrore
724 1981 926 2031 coercentur.
945 1967 1011 2030 Leo
1027 1988 1099 2053 quae
1116 1965 1183 2029 ior·

116 2062 240 2129 midare
254 2063 395 2147 dicatur,
408 2066 461 2130 vix
474 2066 611 2156 dignum
628 2069 730 2132 relatu
743 2083 805 2148 est;
822 2066 1031 2155 elephantus,
1045 2082 1181 2131 armatas

116 2166 197 2228 acies
208 2164 358 2230 obterere
368 2166 500 2249 solitus,
515 2167 555 2231 ad
568 2183 778 2256 conspectum
790 2169 909 2246 muris,
919 2184 976 2233 aut
989 2168 1180 2257 grunnitum

118 2267 197 2346 suis,
215 2267 408 2355 expavescit.

157 2368 282 2431 XXXI.
303 2369 431 2450 Quibus
450 2369 540 2433 haud
554 2370 715 2435 dissimilis
732 2393 846 2436 eorum
862 2371 1061 2434 exercituum
1080 2370 1182 2458 pusil-

119 2469 275 2534 lanimitas
296 2471 372 2551 fuit,
390 2472 446 2558 qui
461 2494 519 2559 per
534 2473 749 2561 ignorantiam
766 2473 807 2538 ad
824 2496 875 2538 res
893 2474 1051 2536 innocuas
1076 2486 1182 2535 exter·

119 2572 184 2652 riti,
205 2571 311 2636 robur
327 2572 410 2636 veris
427 2574 577 2660 periculis
599 2575 816 2655 indomitum,
839 2575 991 2639 inanibus
1018 2575 1183 2638 terricula·

122 2674 235 2738 mentis
260 2672 431 2738 evilescere
456 2676 539 2764 passi
564 2691 657 2757 sunt,
684 2677 760 2764 quia
778 2676 911 2739 classem
935 2674 1182 2738 Atheniensium

123 2774 177 2838 sub
193 2773 305 2854 Nicia,
325 2772 570 2839 macedonicum
586 2777 762 2840 exercitum
779 2775 841 2839 sub
858 2776 975 2838 Perseo
995 2773 1184 2864 pessumde-

123 2873 214 2940 dere:
233 2873 388 2963 idemque
405 2876 586 2964 periculum
605 2876 666 2940 sub
686 2899 722 2940 ea
740 2893 906 2964 tempora,
929 2898 1000 2962 quae
1019 2897 1107 2938 nunc
1124 2873 1182 2939 de-

124 2977 305 3058 scribimus,
322 2977 363 3040 ad
380 2977 589 3042 Numantiam
608 2978 812 3042 exercitibus
820 2976 962 3040 romanis
980 2976 1059 3056 fuit,
1078 2974 1183 3040 donec

126 3100 138 3138 a
150 3078 298 3167 Scipione
315 3094 402 3142 vates
415 3096 447 3143 et
464 3079 578 3144 harioli
590 3102 608 3142 a
622 3080 733 3144 castris
749 3077 1008 3142 amandarentur
1020 3077 1118 3164 Atqui
1131 3077 1183 3142 his

129 3179 207 3243 malis
217 3180 435 3268 cae,terisque
452 3181 629 3270 plerisque,
650 3196 735 3245 certa
748 3196 825 3244 sunt
838 3203 856 3243 a
871 3179 1033 3267 sapientiae
1050 3176 1183 3260 studiis,

132 3293 157 3339 et
168 3303 274 3345 rerum
293 3296 455 3370 gestarum
469 3283 680 3370 scriptoribus
697 3281 863 3345 remedia:
884 3302 959 3343 nam
975 3294 1007 3342 et
1022 3279 1074 3343 illa
1090 3301 1184 3343 men·

135 3393 202 3462 tem,
218 3382 407 3471 cognitione
418 3383 484 3447 veri
499 3384 675 3464 munitam,
687 3384 777 3447 vanis
794 3382 971 3446 terroribus
988 3380 1137 3462 liberant,
1151 3397 1184 3446 et

138 3477 176 3542 itti
186 3505 363 3570 paucorum
382 3485 608 3572 experimentis
624 3487 750 3549 animos
760 3487 909 3548 omnium
919 3482 959 3547 ad
973 3480 1182 3547 incommoda

139 3583 208 3662 pata
223 3583 355 3648 vitanda
371 3585 549 3650 instruunt.

172 3681 302 3749 XXXII.
319 3684 382 3748 Sed
398 3684 440 3748 ad
455 3709 563 3751 rerum
581 3686 729 3752 ordinem
746 3686 926 3751 redeamus.
940 3688 1077 3767 brutus,
1089 3686 1183 3749 Obli-

55 3776 62 3871 ᾖ
140 3777 224 3849 rionis
241 3784 340 3850 iluvio
359 3805 531 3874 superato,
556 3789 682 3852 transiit
702 3805 734 3852 et
756 3788 896 3852 Minium
922 3809 1072 3868 amnem,
1101 3787 1183 3850 ultra

55 3884 60 3965 ξ
137 3895 218 3958 quem
230 3888 355 3951 Bracari
364 3889 478 3951 colunt
492 3888 560 3976 (qui
569 3890 716 3952 omnium
726 3887 896 3951 Lusitaniae
907 3885 1077 3950 fluminum
1088 3886 1186 3949 maxi·

132 3990 197 4048 ¹'lus
218 4009 285 4052 esse
311 3987 488 4075 creditur);
513 4005 551 4052 ut
575 3989 787 4053 barbarorum
812 3988 977 4053 audaciam
1001 3988 1184 4074 castigaret,

125 4081 199 4178 luia
211 4104 332 4176 partem
344 4105 603 4170 commeatuum,
620 4090 676 4176 qui
690 4090 723 4152 in
738 4105 838 4154 eastra
857 4089 947 4154 Bruti
961 4086 1182 4166 vehebantur,

123 4188 364 4278 ¹¹¹1erceperaut.
381 4191 439 4254 His
452 4189 547 4254 etiam
562 4212 685 4255 armare
702 4190 835 4255 feminas
851 4189 950 4253 moris
968 4201 1055 4266 erat;
1077 4208 1185 4272 neque

150 4394 173 4458 S
192 4407 270 4458 XXX.
288 4408 351 4457 Plin.
363 4410 440 4468 VIII,
453 4425 470 4471 9
482 4419 506 4456 et
519 4407 624 4466 1631V,
637 4424 680 4455 aa.
695 4436 729 4446 -
741 4407 850 4457 Freinsh.
861 4406 892 4454 ad
906 4403 1029 4462 Curtium,
1045 4404 1089 4461 tv,
1104 4418 1146 4460 ro,
1161 4419 1186 4452 a.

115 4488 150 4507 *
166 4485 294 4541 stantib.
304 4494 316 4540 i
326 4503 351 4541 ct
360 4494 405 4541 111.
419 4518 453 4529 -
467 4491 575 4556 Appium
586 4491 656 4556 Hisp.
