2594 4980
10 39 1268 325 υ

1150 430 1153 441 t

293 736 347 804 IN
376 735 490 803 LOC.
517 734 608 803 LIB.
635 734 775 804 LXIII
804 734 1021 804 LIVIANI.
1123 735 1189 818 441

173 857 278 920 XXX.
297 855 392 919 Unde
405 856 489 920 hanc
505 879 638 946 quoque
653 880 783 921 causam
796 855 886 920 haud
899 855 1091 920 levissimam
1106 857 1197 922 dam·

129 959 270 1021 nationis
288 959 359 1037 ejus
374 959 471 1022 fuisse
491 974 602 1046 putem
622 983 629 1024 ι
646 980 843 1046 quamquam
856 955 982 1038 judicio
1000 957 1197 1044 repetunda·

127 1082 201 1123 rum
219 1083 256 1123 ex
275 1058 465 1123 Macedonia
483 1059 659 1126 cecidisset.
677 1061 792 1147 Neque
809 1059 896 1122 enim
915 1058 990 1121 alias
1010 1080 1106 1122 causa
1122 1058 1197 1122 satis
1215 1114 1217 1119 ,

130 1163 234 1249 gravis
250 1161 440 1244 videbatur,
463 1186 521 1226 cur
540 1162 641 1227 homo
659 1162 856 1243 consularis,
873 1162 908 1226 L.
919 1161 1010 1225 Pauli
1029 1178 1062 1226 et
1077 1161 1122 1225 Μ.
1133 1163 1196 1226 Ca·

129 1265 213 1328 tonis
230 1287 351 1353 nepos,
366 1281 399 1328 et
410 1266 445 1329 P.
459 1266 601 1329 Africani
611 1265 731 1329 sororis
749 1263 850 1343 filius,
864 1279 999 1351 propter
1011 1262 1196 1327 octodecim

130 1366 226 1428 millia
242 1366 328 1452 (haec
346 1367 434 1430 enim
453 1367 517 1431 litis
541 1367 708 1431 estimatio
731 1367 813 1454 fuit)
833 1381 956 1430 tantam
980 1365 1197 1454 ignominiam

129 1481 301 1552 pateretur.
323 1467 387 1531 Sed
410 1469 478 1532 hoec
501 1469 535 1532 in
558 1491 634 1532 eum
659 1491 783 1532 annum
806 1489 931 1557 egressa
949 1465 1120 1547 videntur,
1137 1468 1196 1554 qui

128 1567 173 1630 M.
189 1568 315 1631 Livium
332 1569 494 1655 Drusum,
510 1571 545 1634 L.
559 1570 771 1658 Calpurnium
781 1569 952 1649 Pisonem,
968 1567 1119 1631 consules
1135 1567 1196 1630 ha·

128 1667 209 1731 buit.
228 1670 355 1733 Horum
372 1673 480 1735 Druso
494 1670 718 1736 Macedoniam
735 1670 935 1760 provinciam
955 1669 1098 1733 evenisse
1112 1690 1194 1732 con·

128 1784 189 1832 stat
207 1792 215 1833 :
232 1771 363 1835 alteram
379 1773 582 1837 consularem
599 1789 719 1837 sortem
738 1773 861 1836 ltaliam
878 1770 978 1834 fuisse
992 1784 1030 1832 ut
1044 1767 1193 1844 credam,

129 1870 232 1934 clades
246 1895 358 1936 recens
373 1875 549 1956 Carbonis,
567 1890 598 1937 et
608 1875 807 1962 periculum,
822 1895 863 1937 ne
879 1873 1017 1935 victores
1032 1871 1072 1934 ad
1087 1871 1196 1959 priora

129 1972 261 2035 consilia
282 1973 443 2056 redirent,
464 1974 546 2039 ¹facit
569 1998 576 2038 :
597 1976 720 2039 etiamsi
744 1976 911 2063 prolecto,
935 1972 1076 2037 Cimbris
1097 1988 1195 2061 atque

128 2074 283 2137 Teutonis
298 2075 360 2138 alio
376 2077 594 2159 vertentibus,
608 2077 681 2166 plus
697 2077 822 2140 timoris
841 2097 881 2138 eo
897 2095 1003 2172 anno,
1020 2095 1119 2161 quam
1134 2094 1193 2162 pe·

129 2174 220 2236 riculi
237 2175 310 2240 fuit.

171 2276 294 2340 XXXI.
310 2279 347 2341 ln
360 2279 584 2343 Macedoniam
602 2281 839 2367 Thraciamque
855 2300 1010 2345 conversa
1021 2276 1195 2345 hominum

129 2400 205 2440 cura
231 2395 299 2459 est,
325 2379 403 2443 laetis
430 2381 569 2445 subinde
600 2382 723 2447 nuntiis
749 2382 871 2461 levior,
893 2380 970 2467 quia
999 2377 1044 2442 Μ.
1068 2379 1195 2440 Drusus

128 2481 241 2543 consul
259 2482 293 2543 in
312 2482 448 2546 Thracia
467 2466 581 2547 contra
604 2483 791 2546 Scordiscos
809 2501 965 2567 prospere
980 2491 1196 2566 pugnaverat3

128 2580 321 2667 hostemque
337 2582 528 2645 submotum
552 2583 585 2645 in
608 2583 795 2646 ulteriorem
813 2580 955 2643 Danubii
974 2579 1096 2665 ripam,
1119 2597 1196 2641 suos

129 2681 212 2741 intra
236 2679 315 2742 fines
340 2681 537 2745 continebat.
562 2682 638 2745 Hoec
668 2703 725 2744 sua
754 2696 870 2768 sponte
898 2680 973 2742 satis
996 2679 1135 2767 gloriosa
1158 2700 1196 2742 ac

128 2778 314 2863 splendida,
332 2781 365 2841 in
383 2780 486 2859 majus
508 2781 603 2844 etiam
626 2781 810 2845 Catonianae
836 2779 935 2844 cladis
955 2779 1196 2866 comparatione
1219 2857 1222 2864 ,

129 2879 270 2941 faventes
290 2881 584 2967 interpretabantur
602 2906 609 2946 ε
625 2899 657 2946 et
671 2882 745 2969 quia
764 2882 932 2947 moderato
948 2881 1086 2968 imperio
1105 2904 1195 2945 exer·

128 2979 228 3040 citum
248 2980 420 3061 habuerat,
436 2981 639 3066 uberiorem,
653 3005 751 3070 quam
768 3006 829 3072 pro
847 2999 1011 3073 gestorum
1029 2983 1195 3070 portione,

128 3081 262 3168 gloriam
282 3082 364 3146 tulit.
385 3083 473 3145 Dum
491 3083 560 3147 haec
575 3084 610 3147 in
634 3084 807 3173 provinciis
831 3100 864 3147 et
887 3082 968 3147 urbe
986 3105 1120 3147 romana
1139 3106 1196 3173 ge·

128 3200 262 3259 rantur,
278 3184 397 3248 iterum
416 3207 573 3248 concussa
586 3186 723 3249 fratrum
738 3188 834 3250 armis
844 3187 935 3274 Syria
944 3200 1002 3248 est.
1014 3183 1197 3250 Antiochus

128 3300 266 3371 uterque
281 3288 478 3351 vocabatur:
493 3286 534 3350 de
544 3287 658 3376 Grypo
676 3309 772 3375 supra
789 3286 1057 3367 memoravimus3
1071 3285 1196 3366 juniori

128 3405 384 3473 cognomentum
411 3387 549 3476 Cyzicus
580 3387 687 3471 dedit,
716 3389 957 3453 nobilissimum
986 3386 1196 3477 Propontidis

129 3486 304 3572 oppidum,
317 3489 374 3552 ubi
386 3489 474 3577 apud
484 3491 652 3555 Craterum
665 3491 874 3567 eunuchum,
891 3505 981 3553 metu
991 3489 1099 3577 patrui
1111 3487 1197 3579 ejus·

129 3585 269 3673 demque
286 3590 407 3670 vitrici,
427 3590 584 3657 educatus
599 3593 714 3656 iuerat.

173 3689 312 3752 XXXII.
330 3693 370 3754 At
382 3714 486 3777 quum
500 3716 535 3758 se
552 3694 764 3757 nihilominus
781 3692 858 3757 dolo
877 3693 983 3756 fratris
993 3715 1121 3757 veneno
1137 3714 1195 3779 ap·

129 3791 268 3877 petitum
287 3793 508 3878 cognovisset,
526 3810 713 3883 comparato
732 3795 877 3858 exercitu
894 3795 927 3857 in
947 3793 1071 3881 Syriam
1087 3792 1195 3874 venit,

129 3916 238 3978 poenas
264 3911 434 3957 exacturus
456 3895 622 3985 aGrypo,
644 3892 771 3976 aut,'si
793 3895 926 3959 fortuna
951 3911 1063 3959 contra
1087 3894 1195 3976 daret,

129 3994 298 4056 honestius
312 3993 397 4056 bello
407 4041 416 4073 ,
428 4017 527 4080 quam
543 3995 668 4060 insidiis
682 4018 825 4059 casurus.
847 3996 962 4084 Neque
979 3995 1083 4060 defuit
1097 3994 1128 4057 ei
1142 4016 1196 4083 sy·

129 4097 220 4160 riacae
241 4097 344 4185 gentis
371 4095 550 4178 mobilitas,
572 4120 636 4185 qua
659 4098 770 4162 multis
788 4096 830 4162 ad
854 4120 931 4162 eum
950 4095 1197 4180 deficientibus,

163 4327 276 4392 sxxx.
292 4328 323 4374 u.
337 4327 365 4376 c.
380 4327 443 4385 stu
457 4327 489 4374 a.
500 4327 528 4376 c.
542 4342 599 4375 ω.
611 4327 724 4376 -veu
738 4301 773 4386 ιι,
793 4330 819 4377 s.
838 4355 874 4366 -
889 4327 1023 4378 areum.
1038 4329 1093 4387 ιιι,
1107 4330 1154 4390 so,
1169 4343 1195 4380 ιι

130 4411 173 4469 tv,
191 4426 228 4459 ιο.
248 4439 284 4449 -
300 4409 440 4460 cassiodor.
454 4410 547 4460 curor.
568 4438 602 4448 —
617 4410 634 4475 S
649 4412 748 4462 xm
767 4413 821 4462 Lis.
837 4411 903 4479 spis.
924 4439 959 4449 -
977 4411 1042 4460 nor.
1052 4412 1104 4472 ΙΙΙ,
1118 4420 1143 4470 t.
1160 4439 1196 4451 -

133 4496 264 4544 Marcellin.
279 4497 392 4555 xxvn,
408 4496 431 4544 Ι.
441 4523 476 4532 -
489 4494 564 4544 Diod.
575 4495 642 4561 apud
650 4495 731 4546 Valcs.
