2594 4980
132 720 203 806 408
300 724 367 791 IO.
395 720 745 794 FREINSHEMII
773 721 1022 794 SUPPLEM.

130 846 250 931 sperari
267 846 452 909 societatem
470 845 582 933 regni,
605 838 734 932 qualem
755 845 841 909 inter
860 842 1038 908 Masinissae
1060 840 1202 911 totidem

131 968 271 1011 numero
282 946 364 1011 filios
380 948 414 1010 P.
430 947 537 1034 Scipio
549 946 719 1011 Africanus
732 944 867 1008 feliciter
878 943 1062 1008 instituerat
1075 966 1083 1008 :
1097 944 1201 1034 igitur

128 1045 171 1109 ad
187 1063 388 1134 postremum
406 1071 445 1111 eo
462 1047 638 1111 deventum
656 1060 723 1127 est,
741 1061 778 1110 ut
796 1044 951 1111 constitui
966 1061 1092 1111 certum
1108 1044 1200 1111 diem

127 1146 286 1233 placeret,
306 1171 373 1236 quo
390 1149 563 1236 imperinm
580 1145 788 1235 thesaurique
805 1144 1036 1213 dividerentur.

174 1248 213 1311 V.
234 1250 280 1311 Ex
298 1249 357 1311 hac
367 1249 568 1312 dissensione
582 1248 788 1337 regulorum,
802 1249 879 1337 quia
893 1270 971 1314 cura
984 1247 1136 1313 Patribus
1148 1248 1201 1313 in·

125 1348 208 1428 jecta
219 1367 302 1427 crat,
313 1373 355 1414 ne
365 1352 397 1413 in
409 1351 514 1415 Africa
528 1350 650 1413 bellum
660 1347 768 1431 fieret,
779 1350 870 1415 alteri
882 1349 1056 1414 consulum
1067 1348 1201 1439 provin·

129 1451 211 1513 ciam
222 1450 360 1528 Africani
375 1451 599 1514 decreverunt.
613 1450 732 1516 Neutri
742 1450 815 1515 loeta
826 1450 953 1515 sortitio
963 1449 1035 1514 suit.
1045 1448 1091 1515 Μ.
1102 1450 1199 1533 Cato,
1293 1448 1296 1453 ’

128 1550 182 1613 cui
202 1550 307 1614 Africa
324 1552 514 1632 obvenerat,
529 1575 632 1639 quum
641 1552 676 1616 in
686 1552 885 1640 provinciam
894 1551 1111 1639 pervenisset,
1127 1552 1200 1618 fato

128 1648 174 1717 ibi
189 1653 320 1717 functus
334 1669 403 1717 est:
420 1654 461 1733 Q.
471 1653 612 1717 Marcius
622 1652 758 1719 Galliam
773 1653 925 1735 sortitus,
941 1654 1026 1718 inter
1038 1652 1200 1719 adornan-

128 1752 203 1829 dam
222 1754 474 1841 profectionem,
485 1754 702 1830 domesticum
711 1777 807 1844 grave
818 1756 938 1820 vulnus
946 1755 1087 1844 aceepit,
1099 1755 1199 1821 amis·

128 1877 166 1920 so
182 1856 282 1919 unico
302 1855 385 1937 lilio,
409 1879 544 1921 summae
564 1856 690 1945 pietatis
711 1854 744 1923 et
764 1879 888 1947 magnae
903 1857 972 1945 spei
986 1855 1115 1936 jurene.
1131 1854 1199 1922 Sed

127 1954 213 2020 hanc
234 1956 361 2021 familiae
381 1959 593 2023 calamitatem
615 1961 649 2023 in
667 1974 880 2050 augmentum
894 1957 1000 2024 laudis
1016 1958 1197 2039 convertit,

127 2074 315 2122 constanter
336 2077 432 2147 atque
452 2061 578 2124 fortiter
600 2083 692 2126 casm
712 2061 918 2127 acerbitatem
941 2059 1076 2125 ferendo
1094 2082 1103 2125 t
1119 2082 1197 2125 nam

126 2160 277 2247 protinus
292 2185 309 2224 a
326 2186 406 2252 rogo
429 2162 485 2225 filii
502 2163 624 2226 curiam
640 2179 773 2251 petens,
791 2163 868 2251 quia
885 2178 1016 2227 senatus
1030 2183 1068 2226 ea
1080 2159 1133 2226 die
1147 2160 1197 2225 le·

127 2262 276 2348 gitirnum
292 2281 420 2350 tempus
435 2282 521 2345 erat,
535 2263 627 2353 quasi
643 2264 724 2331 nihil
737 2265 830 2329 triste
842 2286 956 2353 passus
971 2278 1071 2347 esset,
1089 2264 1198 2352 reipu-

127 2362 219 2431 blicae
236 2367 373 2454 negotiis
392 2368 501 2431 animo
518 2366 753 2455 imperturbato
769 2367 909 2447 vacavit.

174 2466 227 2529 Vl.
253 2467 368 2554 Neque
391 2469 499 2532 mirari
519 2469 691 2550 convenit,
714 2469 841 2551 virum,
864 2469 929 2532 hoc
952 2467 1053 2531 animi
1075 2467 1197 2533 robore

125 2564 315 2653 praeditum,
331 2571 426 2632 etiam
444 2572 475 2634 in
497 2570 661 2658 provincia
679 2571 831 2659 belloque
850 2586 981 2635 strenue
995 2569 1196 2657 feliciterque

125 2690 177 2730 res
194 2671 345 2757 gessisse,
360 2695 546 2759 quanquam
559 2672 670 2737 labore
679 2672 810 2755 majori,
825 2695 923 2761 quam
938 2669 1056 2761 gloria,
1072 2686 1195 2759 quanto

127 2770 200 2858 plus
217 2773 278 2835 illis
290 2776 441 2861 gentibus
461 2776 606 2857 ferocire,
620 2798 719 2864 quam
731 2773 907 2840 nobilitatis
922 2789 1000 2838 erat.
1012 2775 1095 2836 Cum
1112 2772 1195 2836 Stoe·

126 2872 178 2936 nis
192 2876 351 2963 precipua
369 2877 533 2942 dimicatio
546 2879 625 2960 fuit,
640 2900 713 2966 quas
726 2877 883 2967 Ligurum
897 2875 1122 2963 Inalpinorum
1137 2897 1194 2937 na·

126 2975 174 3037 tio
193 2994 260 3057 est,
278 2978 361 3043 l'oeda
379 2980 521 3059 feritate,
539 2982 624 3044 sicut
644 3002 685 3044 eo
709 2980 795 3045 bello
816 2994 865 3044 est
884 2977 1062 3068 cognitum.
1082 2976 1194 3057 Quum

127 3078 234 3160 enim,
259 3104 274 3142 a
295 3083 449 3145 Romanis
471 3081 701 3162 circumventi,
719 3082 834 3145 timere
852 3079 990 3143 libertati
1006 3077 1194 3166 coepissent,

129 3180 285 3243 uxoribus
296 3205 371 3244 cum
382 3182 473 3270 prole
487 3180 664 3246 interfectis
675 3228 685 3262 ,
698 3181 829 3269 ignibus
839 3182 872 3245 in
884 3179 1015 3245 oedificia
1025 3179 1195 3261 conjectis,

126 3280 232 3364 perire
247 3283 454 3344 maluerunt:
471 3306 511 3345 ne
527 3305 565 3345 ex
583 3283 622 3346 iis
639 3281 792 3368 quidem,
810 3283 866 3371 qui
881 3283 964 3371 capti
981 3282 1022 3346 ab
1038 3281 1194 3346 Romanis

125 3379 272 3461 fuerant,
290 3383 406 3444 servari
422 3384 593 3469 quisquam
606 3382 732 3470 potuit,
747 3383 844 3446 etiarn
856 3383 964 3471 pueris
977 3383 1067 3447 vario
1081 3382 1194 3446 mortis

125 3503 245 3569 genere
264 3483 297 3544 in
316 3505 450 3570 corpora
468 3507 526 3546 sua
543 3483 760 3549 saevientibus.

172 3582 243 3646 Vll.
261 3585 305 3648 Ea
325 3608 427 3671 quum
454 3586 637 3650 renuntiata
658 3588 785 3651 senatui
804 3603 929 3669 essent,
949 3610 1016 3674 quo
1041 3584 1194 3650 adversus

125 3700 191 3747 tam
210 3686 411 3749 intractabile
435 3687 605 3751 bominum
628 3710 750 3778 genus,
770 3687 858 3776 quod
882 3689 915 3751 in
935 3686 1046 3752 Galliis
1063 3701 1193 3774 parturn

126 3786 245 3870 luerat,
261 3788 384 3852 firmius
400 3790 640 3871 contineremr,
656 3790 831 3877 amicisque
844 3788 957 3876 populi
973 3788 1099 3852 romani
1115 3810 1195 3875 gen·

125 3889 214 3953 tibus
231 3892 363 3978 propior
377 3915 467 3977 spes,
484 3908 516 3955 et
532 3891 691 3980 ambiguis
706 3908 811 3955 terror
826 3906 928 3972 esset,
941 3912 1057 3984 novam
1075 3888 1194 3953 deduci

126 3991 213 4055 inea
237 3993 305 4055 loca
324 3993 484 4056 coloniam
501 3993 632 4080 placuit.
652 3992 793 4057 Deducti
812 4008 890 4056 sunt
913 4015 952 4056 ex
979 4006 1193 4055 senatuscon-

126 4093 212 4155 sulto
236 4093 320 4155 cives
344 4096 480 4158 romani.
509 4096 599 4157 lnter
623 4094 810 4158 triumviros
834 4091 1033 4158 deducendae
1058 4091 1194 4157 colonia

125 4194 160 4257 L.
175 4195 306 4258 Crassus
325 4196 511 4261 adolescens
527 4196 607 4276 fuit,
624 4196 681 4284 qui
699 4196 900 4287 rogationem
916 4217 1005 4274 eam,
1025 4216 1097 4281 quse
1111 4217 1194 4257 con·

162 4394 177 4459 5
195 4398 226 4441 V.
238 4398 267 4445 Α.
280 4398 342 4446 Gell.
359 4400 435 4456 IIIII,
454 4399 492 4443 18.
511 4396 637 4447 -Valen
649 4397 791 4455 matur,
807 4412 846 4477 ro.
866 4420 902 4434 ·-
919 4392 936 4459 S
953 4394 999 4442 vt.
1015 4393 1070 4444 Lir.
1083 4393 1196 4475 Epire,

125 4484 195 4530 tlros.
206 4484 238 4537 V,
256 4491 294 4533 rt.
