2594 4980
125 690 196 776 418
300 691 368 759 JO.
396 683 1020 763 FREI'NSHEMII.SUPPLEM.

124 811 206 874 ciam
225 811 366 900 cogitare
385 811 497 897 etrapit,
515 811 606 899 quod
625 811 748 876 imbelli
766 813 864 877 simul
888 813 1056 904 infidoque
1072 816 1215 905 populo'

123 912 259 976 salutem
276 935 367 975 suam
384 912 515 976 credere
531 936 597 976 non
616 904 768 978 audeliat.
787 913 863 978 Hoec
878 915 1012 1004 agitanti
1026 938 1131 1004 quum
1147 920 1203 982 ni·

120 1015 168 1078 hil
197 1024 394 1104 magnopere
422 1014 510 1077 aliud
534 1015 741 1102 propositum
765 1030 875 1096 esset,
901 1038 1001 1103 quam
1027 1014 1203 1104 quomodo

119 1118 298 1205 plurimum
315 1117 462 1205 pecuniae
480 1116 651 1204 deportare
670 1138 781 1180 secum
803 1132 928 1204 posset,
945 1117 1128 1206 compilatis
1144 1141 1203 1183 re·

121 1219 182 1309 giis
208 1221 390 1300 thesauris,
414 1219 510 1282 etiam
536 1218 675 1282 deorum
700 1216 843 1282 donariis
867 1216 984 1298 adjecit
1006 1241 1135 1286 manus.
1158 1220 1201 1285 In

121 1322 244 1409 templo
255 1321 343 1386 lovis
354 1320 570 1410 Antiocheni,
586 1342 684 1408 quam
698 1319 732 1383 in
749 1319 865 1384 urbem
880 1343 920 1384 ex
935 1319 1069 1386 adversa
1084 1345 1201 1412 pugna
1219 1320 1223 1330 ’
1249 1314 1255 1322 ’

119 1446 153 1487 se
177 1440 360 1512 receperat,
387 1423 517 1510 signum
543 1439 611 1486 erat
634 1421 785 1486 Victoriae
807 1444 848 1485 ex
868 1443 949 1485 auro
970 1422 1136 1486 solidum:
1161 1423 1200 1488 id

117 1549 176 1613 per
190 1549 320 1590 causam
341 1523 597 1611 stipendiorum,
610 1547 684 1612 quae
698 1522 855 1589 militibus
868 1521 998 1587 aliunde
1012 1524 1199 1612 persolvere

117 1628 287 1715 nequiret,
315 1627 387 1691 tolli
413 1625 532 1707 jussit,
562 1626 736 1691 Victoriam
758 1624 880 1688 sibiae
904 1626 980 1690 Jove
1000 1622 1203 1691 commodati

118 1728 281 1794 dictitans.

161 1831 318 1895 XXXIII.
351 1830 462 1894 Stabat
487 1845 520 1893 et
540 1830 617 1917 ‘ipse
643 1828 770 1916 Jupiter
794 1849 932 1909 aureus,
964 1827 1195 1918 magnitudine

116 1933 304 2000 cubitorum
317 1931 525 2019 quindecim,
541 1946 574 1994 et
587 1930 665 1994 hinc
678 1952 828 2018 quoque,
843 1945 881 1993 ut
895 1928 951 2011 fit,
966 1931 1088 2010 majore
1102 1931 1196 2021 vulgi

116 2034 208 2098 cultu
227 2033 426 2097 celebratus:
445 2055 545 2120 quare
562 2047 728 2112 metuens,
741 2054 784 2095 ne
795 2032 889 2121 graeci
903 2031 1021 2097 milites
1037 2031 1196 2122 religione

118 2135 383 2218 deterrerentur,
395 2146 470 2199 cum
482 2133 621 2198 externis
636 2131 831 2222 quibusdam
847 2133 987 2223 (ludaeos
1000 2134 1099 2198 fuisse
1115 2157 1196 2200 vero

116 2238 221 2303 simile
245 2255 314 2320 est,
339 2260 482 2325 quorum
507 2237 657 2324 princeps
679 2234 862 2299 Alexandro
885 2235 992 2299 socius
1015 2251 1049 2298 et
1068 2233 1195 2303 amicus

117 2357 206 2415 erat,
221 2354 414 2427 contemptu
431 2356 463 2402 et
486 2337 563 2401 odio
579 2337 827 2426 peregrinorum
853 2359 1019 2401 sacrorum
1041 2337 1194 2401 omnium

115 2464 181 2530 prae
201 2440 322 2504 caeteris
344 2439 384 2503 ad
400 2439 553 2528 sacrilegii
571 2437 787 2502 ministerium
801 2436 959 2527 idoneos)
983 2438 1112 2505 silentio
1129 2462 1194 2503 no·

115 2543 176 2608 ctis
192 2565 343 2606 amovere
360 2543 570 2605 simulacrum
587 2563 757 2631 aggressus
771 2556 830 2604 est.

159 2643 312 2707 XXXIV.
338 2642 401 2706 Sed
416 2667 451 2705 re
468 2643 642 2730 patefacta,
658 2641 691 2705 in
712 2656 833 2706 conatu
847 2639 1094 2729 deprehensus,
1109 2665 1194 2709 con·

114 2767 216 2809 cursu
245 2744 465 2808 multitudinis
490 2746 556 2808 fere
581 2741 657 2807 cum
681 2743 773 2807 omni
798 2745 941 2807 exercitu
969 2745 1193 2810 internecione

115 2870 216 2911 caesus
237 2862 330 2909 esset.
353 2846 488 2933 Elapsus
512 2862 621 2908 tamen
642 2867 720 2908 cum
736 2843 864 2908 modica
885 2867 1002 2929 manu,
1020 2832 1194 2912 contendit

115 2949 322 3029 Seleuciam,
345 2970 412 3033 quo
433 2948 499 3027 jam
528 2947 612 3009 fama
635 2968 752 3009 eorum
769 2993 778 3026 ,
798 2968 869 3032 quae
895 2961 988 3008 erant
1010 2945 1193 3012 Antiochiae

116 3066 223 3140 gesta,
240 3063 448 3137 praevenerat.
477 3047 580 3134 Igitur
602 3045 751 3109 exclusus
775 3069 794 3109 a
812 3045 1079 3129 Seleucensibus,
1097 3046 1191 3112 Posi-

115 3151 208 3216 dium
225 3151 322 3238 petit,
341 3169 501 3235 nusquam
520 3169 538 3208 a
560 3145 721 3210 maritima
737 3168 794 3209 ora
814 3145 981 3211 recedens.
998 3145 1062 3211 Sed
1077 3147 1192 3212 infelix

116 3256 235 3317 misero
246 3253 321 3340 fuga
335 3251 408 3329 luit,
419 3270 486 3310 non
497 3246 688 3310 hominibus
698 3245 809 3326 modo,
818 3270 933 3311 verum
945 3249 1058 3330 etiam,
1070 3264 1108 3312 ut
1117 3271 1191 3312 cre-

116 3352 223 3418 ditum
238 3368 300 3432 est,
318 3350 379 3413 diis
393 3348 650 3413 adversantibus.
663 3347 763 3413 Plane
775 3350 868 3437 quasi
878 3349 956 3414 Jove
968 3349 1101 3430 injurias
1113 3373 1190 3415 suas

113 3469 344 3543 persequente,
357 3473 471 3540 magna
486 3451 517 3512 vi
532 3451 732 3538 tempestatis
746 3472 939 3539 oppressus,
951 3451 1069 3516 deiude
1083 3475 1102 3517 a
1120 3454 1189 3518 suis

116 3553 278 3635 desertus,
297 3553 377 3616 dum
395 3554 429 3615 in
446 3553 526 3615 Iocis
543 3552 692 3617 solitariis
714 3575 887 3617 occursum
907 3553 1082 3619 hominum
1104 3555 1189 3619 vita·

115 3655 250 3721 bundus
275 3656 421 3738 oberrat,
445 3679 463 3718 a
488 3655 669 3719 latronibus
692 3655 833 3743 capitam
857 3656 1070 3745 agnitusque,
1087 3673 1120 3723 et
1144 3658 1189 3723 ad

108 3757 264 3847 'Grypum
282 3756 478 3846 perductus,
494 3756 696 3822 interficitur.

159 3860 297 3923 XXXV.
322 3860 398 3922 IIaec
418 3860 499 3922 mihi
521 3859 629 3940 verior
651 3860 893 3942 narrationes,
911 3881 1110 3948 quamquam
1133 3861 1188 3925 alii

115 3978 264 4026 auctores
279 3976 373 4039 sunt,
392 3960 487 4023 taedio
504 3960 594 4023 malae
606 3982 724 4048 pugna·
738 3978 878 4025 mortem
892 3962 953 4026 sibi
966 3984 1093 4026 veneno
1105 3984 1188 4027 con·

114 4048 252 4128 scivisse.
267 4061 449 4125 Defunctus
463 4061 589 4148 ingenti
600 4061 746 4149 periculo
759 4062 889 4153 Grypus
903 4063 1084 4148 ridebatur,
1095 4066 1189 4152 quod

150 4292 289 4358 §xxxin
301 4291 403 4355 soaph.
416 4291 493 4347 xm,
506 4304 544 4349 17.
558 4316 593 4327 -
604 4290 708 4340 natur.
724 4315 761 4329 -
773 4294 865 4342 suun
876 4291 938 4359 -s
952 4294 1077 4344 xxxm.
1087 4275 1185 4345 amos.

113 4377 156 4426 lib.
167 4380 202 4426 VI
215 4377 272 4424 fine.
280 4403 315 4413 -
325 4377 401 4424 (ilem.
416 4373 486 4422 Alex.
499 4375 525 4420 in
540 4374 668 4424 Idmonis
681 4374 714 4423 ad
723 4376 815 4425 Gentil.
828 4402 864 4414 -·
877 4376 892 4442 §
904 4378 1025 4426 um.
1036 4381 1069 4428 U.
1078 4379 1106 4429 C.
1118 4379 1187 4439 aa„

118 4465 145 4509 I.
156 4462 184 4509 C.
199 4462 255 4508 115.
270 4487 304 4496 -—
317 4458 416 4523 Josepb.
431 4482 464 4492 —-
474 4458 548 4505 Diod.
561 4484 594 4495 -·
609 4459 700 4508 sarua.
