<?xml version="1.0" encoding="UTF-8"?>
<!DOCTYPE html PUBLIC "-//W3C//DTD XHTML 1.0 Transitional//EN"
    "http://www.w3.org/TR/xhtml1/DTD/xhtml1-transitional.dtd">
<html xmlns="http://www.w3.org/1999/xhtml" xml:lang="en" lang="en">
 <head>
  <title>
</title>
<meta http-equiv="Content-Type" content="text/html;charset=utf-8" />
  <meta name='ocr-system' content='tesseract 3.04.00' />
  <meta name='ocr-capabilities' content='ocr_page ocr_carea ocr_par ocr_line ocrx_word'/>
</head>
<body>
  <div class='ocr_page' id='page_1' title='image "./titusliviuspata00freigoog_0714.png"; bbox 0 0 2594 4980; ppageno 0'>
   <div class='ocr_carea' id='block_1_1' title="bbox 131 723 1177 819">
    <p class='ocr_par' dir='ltr' id='par_1_1' title="bbox 131 723 1177 819">
     <span class='ocr_line' id='line_1_1' title="bbox 131 723 1177 819; baseline -0.004 -24"><span class='ocrx_word' id='word_1_1' title='bbox 131 723 564 795; x_wconf 76' lang='lat' dir='ltr'><strong>10.FRE1Ns.SUPP.</strong></span> <span class='ocrx_word' id='word_1_2' title='bbox 583 725 637 794; x_wconf 85' lang='lat' dir='ltr'><strong>IN</strong></span> <span class='ocrx_word' id='word_1_3' title='bbox 656 723 770 794; x_wconf 90' lang='lat' dir='ltr'><strong>LOC.</strong></span> <span class='ocrx_word' id='word_1_4' title='bbox 789 725 884 793; x_wconf 89' lang='lat' dir='ltr'>LIB.</span> <span class='ocrx_word' id='word_1_5' title='bbox 904 723 1080 792; x_wconf 84' lang='lat' dir='ltr'><strong>LXXVI.</strong></span> <span class='ocrx_word' id='word_1_6' title='bbox 1107 746 1177 819; x_wconf 76' lang='lat'><strong>727</strong></span> 
     </span>
    </p>
   </div>
   <div class='ocr_carea' id='block_1_2' title="bbox 108 843 1198 4075">
    <p class='ocr_par' dir='ltr' id='par_1_2' title="bbox 108 843 1180 1239">
     <span class='ocr_line' id='line_1_2' title="bbox 108 843 1178 932; baseline -0.004 -20"><span class='ocrx_word' id='word_1_7' title='bbox 108 846 300 912; x_wconf 80' lang='lat' dir='ltr'><strong>cohortibus</strong></span> <span class='ocrx_word' id='word_1_8' title='bbox 316 845 383 908; x_wconf 87' lang='lat' dir='ltr'><strong>suis</strong></span> <span class='ocrx_word' id='word_1_9' title='bbox 400 844 442 909; x_wconf 87' lang='lat' dir='ltr'><strong>ad</strong></span> <span class='ocrx_word' id='word_1_10' title='bbox 464 846 525 910; x_wconf 91' lang='lat' dir='ltr'><strong>Cn.</strong></span> <span class='ocrx_word' id='word_1_11' title='bbox 539 845 735 932; x_wconf 88' lang='lat' dir='ltr'><strong>Pompeium</strong></span> <span class='ocrx_word' id='word_1_12' title='bbox 753 843 946 925; x_wconf 81' lang='lat' dir='ltr'>duceretur,</span> <span class='ocrx_word' id='word_1_13' title='bbox 972 864 1083 908; x_wconf 85' lang='lat' dir='ltr'><strong>servus</strong></span> <span class='ocrx_word' id='word_1_14' title='bbox 1108 845 1178 925; x_wconf 85' lang='lat' dir='ltr'><strong>ejus</strong></span> 
     </span>
     <span class='ocr_line' id='line_1_3' title="bbox 109 943 1179 1038; baseline 0 -27"><span class='ocrx_word' id='word_1_15' title='bbox 109 946 216 1038; x_wconf 86' lang='lat' dir='ltr'><strong>gladio</strong></span> <span class='ocrx_word' id='word_1_16' title='bbox 240 946 368 1027; x_wconf 89' lang='lat' dir='ltr'><strong>militis,</strong></span> <span class='ocrx_word' id='word_1_17' title='bbox 388 969 407 1010; x_wconf 88' lang='lat' dir='ltr'><strong>a</strong></span> <span class='ocrx_word' id='word_1_18' title='bbox 429 969 497 1035; x_wconf 91' lang='lat' dir='ltr'><strong>quo</strong></span> <span class='ocrx_word' id='word_1_19' title='bbox 516 946 720 1027; x_wconf 84' lang='lat' dir='ltr'>trahebatur,</span> <span class='ocrx_word' id='word_1_20' title='bbox 737 944 874 1027; x_wconf 89' lang='lat' dir='ltr'><strong>educto,</strong></span> <span class='ocrx_word' id='word_1_21' title='bbox 891 943 1064 1008; x_wconf 83' lang='lat' dir='ltr'><strong>dominum</strong></span> <span class='ocrx_word' id='word_1_22' title='bbox 1078 946 1179 1011; x_wconf 92' lang='lat' dir='ltr'><strong>inter·</strong></span> 
     </span>
     <span class='ocr_line' id='line_1_4' title="bbox 110 1047 1180 1136; baseline 0.001 -26"><span class='ocrx_word' id='word_1_23' title='bbox 110 1048 205 1130; x_wconf 85' lang='lat' dir='ltr'><strong>cmit3</strong></span> <span class='ocrx_word' id='word_1_24' title='bbox 229 1048 421 1136; x_wconf 73' lang='lat' dir='ltr'><strong>statimque,</strong></span> <span class='ocrx_word' id='word_1_25' title='bbox 435 1062 609 1135; x_wconf 87' lang='lat' dir='ltr'><strong>postquam</strong></span> <span class='ocrx_word' id='word_1_26' title='bbox 627 1047 709 1112; x_wconf 89' lang='lat' dir='ltr'><strong>bero</strong></span> <span class='ocrx_word' id='word_1_27' title='bbox 725 1047 959 1128; x_wconf 87' lang='lat' dir='ltr'><strong>consuluisset,</strong></span> <span class='ocrx_word' id='word_1_28' title='bbox 980 1060 1099 1135; x_wconf 84' lang='lat' dir='ltr'><strong>tempus</strong></span> <span class='ocrx_word' id='word_1_29' title='bbox 1118 1071 1180 1111; x_wconf 82' lang='lat' dir='ltr'><strong>esse</strong></span> 
     </span>
     <span class='ocr_line' id='line_1_5' title="bbox 110 1148 1179 1239; baseline 0 -27"><span class='ocrx_word' id='word_1_30' title='bbox 110 1150 329 1239; x_wconf 89' lang='lat' dir='ltr'><strong>proloquutus</strong></span> <span class='ocrx_word' id='word_1_31' title='bbox 347 1149 410 1212; x_wconf 81' lang='lat' dir='ltr'><strong>sibi</strong></span> <span class='ocrx_word' id='word_1_32' title='bbox 413 1149 632 1238; x_wconf 73' lang='lat' dir='ltr'><strong>prospiciendi</strong></span> <span class='ocrx_word' id='word_1_33' title='bbox 636 1197 646 1228; x_wconf 90' lang='lat'><strong>,</strong></span> <span class='ocrx_word' id='word_1_34' title='bbox 664 1149 699 1211; x_wconf 91' lang='lat' dir='ltr'><strong>in</strong></span> <span class='ocrx_word' id='word_1_35' title='bbox 712 1171 771 1212; x_wconf 89' lang='lat' dir='ltr'><strong>sua</strong></span> <span class='ocrx_word' id='word_1_36' title='bbox 781 1148 903 1213; x_wconf 82' lang='lat' dir='ltr'><strong>viscera</strong></span> <span class='ocrx_word' id='word_1_37' title='bbox 912 1148 1044 1213; x_wconf 82' lang='lat' dir='ltr'><strong>retorsit</strong></span> <span class='ocrx_word' id='word_1_38' title='bbox 1057 1171 1179 1213; x_wconf 89' lang='lat' dir='ltr'><strong>ensem.</strong></span> 
     </span>
    </p>

    <p class='ocr_par' dir='ltr' id='par_1_3' title="bbox 111 1248 1188 2633">
     <span class='ocr_line' id='line_1_6' title="bbox 154 1248 1181 1345; baseline 0 -31"><span class='ocrx_word' id='word_1_39' title='bbox 154 1252 197 1345; x_wconf 89' lang='lat' dir='ltr'><strong>II.</strong></span> <span class='ocrx_word' id='word_1_40' title='bbox 213 1251 313 1315; x_wconf 86' lang='lat' dir='ltr'><strong>Marsi</strong></span> <span class='ocrx_word' id='word_1_41' title='bbox 329 1272 480 1341; x_wconf 89' lang='lat' dir='ltr'><strong>quoque,</strong></span> <span class='ocrx_word' id='word_1_42' title='bbox 497 1274 516 1315; x_wconf 91' lang='lat' dir='ltr'><strong>a</strong></span> <span class='ocrx_word' id='word_1_43' title='bbox 531 1253 567 1315; x_wconf 88' lang='lat' dir='ltr'><strong>L.</strong></span> <span class='ocrx_word' id='word_1_44' title='bbox 579 1250 743 1332; x_wconf 72' lang='lat' dir='ltr'><strong>Murena,</strong></span> <span class='ocrx_word' id='word_1_45' title='bbox 759 1265 792 1314; x_wconf 90' lang='lat' dir='ltr'><strong>et</strong></span> <span class='ocrx_word' id='word_1_46' title='bbox 804 1249 933 1314; x_wconf 83' lang='lat' dir='ltr'><strong>Caecilio</strong></span> <span class='ocrx_word' id='word_1_47' title='bbox 949 1249 1055 1314; x_wconf 83' lang='lat' dir='ltr'><strong>Pinna</strong></span> <span class='ocrx_word' id='word_1_48' title='bbox 1070 1248 1181 1340; x_wconf 82' lang='lat' dir='ltr'><strong>legatis</strong></span> 
     </span>
     <span class='ocr_line' id='line_1_7' title="bbox 111 1351 1182 1441; baseline 0 -26"><span class='ocrx_word' id='word_1_49' title='bbox 111 1353 235 1440; x_wconf 88' lang='lat' dir='ltr'><strong>aliquot</strong></span> <span class='ocrx_word' id='word_1_50' title='bbox 258 1353 374 1441; x_wconf 78' lang='lat' dir='ltr'><strong>praeliis</strong></span> <span class='ocrx_word' id='word_1_51' title='bbox 399 1352 508 1436; x_wconf 83' lang='lat' dir='ltr'><strong>fracti,</strong></span> <span class='ocrx_word' id='word_1_52' title='bbox 530 1374 643 1440; x_wconf 91' lang='lat' dir='ltr'><strong>pacem</strong></span> <span class='ocrx_word' id='word_1_53' title='bbox 662 1352 838 1440; x_wconf 87' lang='lat' dir='ltr'><strong>petierunt.</strong></span> <span class='ocrx_word' id='word_1_54' title='bbox 860 1351 943 1435; x_wconf 90' lang='lat' dir='ltr'><strong>Quis</strong></span> <span class='ocrx_word' id='word_1_55' title='bbox 966 1351 1019 1415; x_wconf 93' lang='lat' dir='ltr'><strong>ille</strong></span> <span class='ocrx_word' id='word_1_56' title='bbox 1035 1351 1182 1416; x_wconf 83' lang='lat' dir='ltr'><strong>Caecilius</strong></span> 
     </span>
     <span class='ocr_line' id='line_1_8' title="bbox 111 1452 1183 1542; baseline -0.002 -24"><span class='ocrx_word' id='word_1_57' title='bbox 111 1454 227 1536; x_wconf 82' lang='lat' dir='ltr'><strong>fuerit,</strong></span> <span class='ocrx_word' id='word_1_58' title='bbox 250 1470 283 1519; x_wconf 93' lang='lat' dir='ltr'><strong>et</strong></span> <span class='ocrx_word' id='word_1_59' title='bbox 307 1452 397 1518; x_wconf 91' lang='lat' dir='ltr'><strong>unde</strong></span> <span class='ocrx_word' id='word_1_60' title='bbox 414 1455 567 1519; x_wconf 87' lang='lat' dir='ltr'><strong>habuerit</strong></span> <span class='ocrx_word' id='word_1_61' title='bbox 590 1476 659 1518; x_wconf 92' lang='lat' dir='ltr'><strong>non</strong></span> <span class='ocrx_word' id='word_1_62' title='bbox 681 1453 757 1519; x_wconf 91' lang='lat' dir='ltr'><strong>alibi</strong></span> <span class='ocrx_word' id='word_1_63' title='bbox 782 1455 902 1517; x_wconf 91' lang='lat' dir='ltr'><strong>lectum</strong></span> <span class='ocrx_word' id='word_1_64' title='bbox 925 1468 1183 1542; x_wconf 84' lang='lat' dir='ltr'><strong>cognomentum</strong></span> 
     </span>
     <span class='ocr_line' id='line_1_9' title="bbox 112 1555 1184 1642; baseline 0 -22"><span class='ocrx_word' id='word_1_65' title='bbox 112 1557 241 1636; x_wconf 79' lang='lat' dir='ltr'><strong>Pinnoe,</strong></span> <span class='ocrx_word' id='word_1_66' title='bbox 257 1556 291 1618; x_wconf 91' lang='lat' dir='ltr'><strong>in</strong></span> <span class='ocrx_word' id='word_1_67' title='bbox 304 1555 401 1620; x_wconf 90' lang='lat' dir='ltr'><strong>tantis</strong></span> <span class='ocrx_word' id='word_1_68' title='bbox 413 1555 483 1636; x_wconf 82' lang='lat' dir='ltr'><strong>ejus</strong></span> <span class='ocrx_word' id='word_1_69' title='bbox 498 1557 556 1620; x_wconf 74' lang='lat' dir='ltr'><strong>aevi</strong></span> <span class='ocrx_word' id='word_1_70' title='bbox 573 1555 715 1620; x_wconf 84' lang='lat' dir='ltr'><strong>tenebris</strong></span> <span class='ocrx_word' id='word_1_71' title='bbox 729 1555 848 1620; x_wconf 88' lang='lat' dir='ltr'><strong>frustra</strong></span> <span class='ocrx_word' id='word_1_72' title='bbox 857 1555 1022 1642; x_wconf 85' lang='lat' dir='ltr'><strong>requisivi.</strong></span> <span class='ocrx_word' id='word_1_73' title='bbox 1039 1556 1108 1620; x_wconf 90' lang='lat' dir='ltr'><strong>Nec</strong></span> <span class='ocrx_word' id='word_1_74' title='bbox 1123 1555 1184 1619; x_wconf 88' lang='lat' dir='ltr'><strong>ab·</strong></span> 
     </span>
     <span class='ocr_line' id='line_1_10' title="bbox 113 1656 1185 1738; baseline -0.004 -16"><span class='ocrx_word' id='word_1_75' title='bbox 113 1657 244 1722; x_wconf 86' lang='lat' dir='ltr'><strong>surdam</strong></span> <span class='ocrx_word' id='word_1_76' title='bbox 267 1658 487 1738; x_wconf 87' lang='lat' dir='ltr'><strong>conjecturam</strong></span> <span class='ocrx_word' id='word_1_77' title='bbox 510 1681 579 1722; x_wconf 87' lang='lat' dir='ltr'><strong>esse</strong></span> <span class='ocrx_word' id='word_1_78' title='bbox 600 1658 741 1722; x_wconf 90' lang='lat' dir='ltr'><strong>arbitror</strong></span> <span class='ocrx_word' id='word_1_79' title='bbox 762 1657 993 1738; x_wconf 88' lang='lat' dir='ltr'><strong>statuentium,</strong></span> <span class='ocrx_word' id='word_1_80' title='bbox 1016 1678 1085 1719; x_wconf 92' lang='lat' dir='ltr'><strong>non</strong></span> <span class='ocrx_word' id='word_1_81' title='bbox 1106 1656 1185 1719; x_wconf 81' lang='lat' dir='ltr'><strong>Pin·</strong></span> 
     </span>
     <span class='ocr_line' id='line_1_11' title="bbox 113 1757 1184 1840; baseline 0 -19"><span class='ocrx_word' id='word_1_82' title='bbox 113 1781 189 1821; x_wconf 90' lang='lat' dir='ltr'><strong>nam</strong></span> <span class='ocrx_word' id='word_1_83' title='bbox 203 1758 337 1822; x_wconf 88' lang='lat' dir='ltr'><strong>istarum</strong></span> <span class='ocrx_word' id='word_1_84' title='bbox 352 1780 463 1822; x_wconf 88' lang='lat' dir='ltr'><strong>rerum</strong></span> <span class='ocrx_word' id='word_1_85' title='bbox 479 1774 663 1840; x_wconf 86' lang='lat' dir='ltr'><strong>auctorem,</strong></span> <span class='ocrx_word' id='word_1_86' title='bbox 680 1757 738 1823; x_wconf 89' lang='lat' dir='ltr'><strong>sed</strong></span> <span class='ocrx_word' id='word_1_87' title='bbox 749 1758 863 1839; x_wconf 89' lang='lat' dir='ltr'><strong>Pium,</strong></span> <span class='ocrx_word' id='word_1_88' title='bbox 882 1758 924 1840; x_wconf 90' lang='lat' dir='ltr'><strong>Q.</strong></span> <span class='ocrx_word' id='word_1_89' title='bbox 934 1757 1059 1823; x_wconf 85' lang='lat' dir='ltr'><strong>Metelli</strong></span> <span class='ocrx_word' id='word_1_90' title='bbox 1074 1757 1184 1822; x_wconf 87' lang='lat' dir='ltr'><strong>Mace·</strong></span> 
     </span>
     <span class='ocr_line' id='line_1_12' title="bbox 114 1857 1185 1948; baseline 0.002 -27"><span class='ocrx_word' id='word_1_91' title='bbox 114 1857 224 1923; x_wconf 90' lang='lat' dir='ltr'><strong>donici</strong></span> <span class='ocrx_word' id='word_1_92' title='bbox 239 1857 342 1924; x_wconf 88' lang='lat' dir='ltr'><strong>filium</strong></span> <span class='ocrx_word' id='word_1_93' title='bbox 361 1858 477 1941; x_wconf 84' lang='lat' dir='ltr'><strong>luisse,</strong></span> <span class='ocrx_word' id='word_1_94' title='bbox 494 1882 592 1948; x_wconf 91' lang='lat' dir='ltr'><strong>quem</strong></span> <span class='ocrx_word' id='word_1_95' title='bbox 608 1860 694 1923; x_wconf 91' lang='lat' dir='ltr'><strong>inter</strong></span> <span class='ocrx_word' id='word_1_96' title='bbox 709 1859 891 1948; x_wconf 83' lang='lat' dir='ltr'><strong>praecipuos</strong></span> <span class='ocrx_word' id='word_1_97' title='bbox 906 1859 974 1939; x_wconf 89' lang='lat' dir='ltr'><strong>ejus</strong></span> <span class='ocrx_word' id='word_1_98' title='bbox 991 1859 1068 1923; x_wconf 90' lang='lat' dir='ltr'><strong>belli</strong></span> <span class='ocrx_word' id='word_1_99' title='bbox 1084 1857 1185 1923; x_wconf 91' lang='lat' dir='ltr'><strong>duces</strong></span> 
     </span>
     <span class='ocr_line' id='line_1_13' title="bbox 115 1959 1184 2049; baseline 0 -27"><span class='ocrx_word' id='word_1_100' title='bbox 115 1961 276 2024; x_wconf 91' lang='lat' dir='ltr'><strong>nominari</strong></span> <span class='ocrx_word' id='word_1_101' title='bbox 293 1976 430 2026; x_wconf 88' lang='lat' dir='ltr'><strong>constat.</strong></span> <span class='ocrx_word' id='word_1_102' title='bbox 442 1963 556 2043; x_wconf 87' lang='lat' dir='ltr'><strong>Quum</strong></span> <span class='ocrx_word' id='word_1_103' title='bbox 569 1961 623 2026; x_wconf 95' lang='lat' dir='ltr'><strong>hic</strong></span> <span class='ocrx_word' id='word_1_104' title='bbox 639 1976 742 2025; x_wconf 86' lang='lat' dir='ltr'><strong>status</strong></span> <span class='ocrx_word' id='word_1_105' title='bbox 753 1982 863 2025; x_wconf 90' lang='lat' dir='ltr'><strong>rerum</strong></span> <span class='ocrx_word' id='word_1_106' title='bbox 877 1983 936 2049; x_wconf 90' lang='lat' dir='ltr'><strong>per</strong></span> <span class='ocrx_word' id='word_1_107' title='bbox 949 1959 1075 2024; x_wconf 90' lang='lat' dir='ltr'><strong>Italiam</strong></span> <span class='ocrx_word' id='word_1_108' title='bbox 1084 1974 1184 2041; x_wconf 91' lang='lat' dir='ltr'><strong>esset,</strong></span> 
     </span>
     <span class='ocr_line' id='line_1_14' title="bbox 115 2059 1187 2149; baseline 0.001 -25"><span class='ocrx_word' id='word_1_109' title='bbox 115 2061 212 2125; x_wconf 89' lang='lat' dir='ltr'><strong>tantis</strong></span> <span class='ocrx_word' id='word_1_110' title='bbox 222 2061 475 2142; x_wconf 86' lang='lat' dir='ltr'><strong>calamitatibus,</strong></span> <span class='ocrx_word' id='word_1_111' title='bbox 488 2078 521 2126; x_wconf 92' lang='lat' dir='ltr'><strong>et</strong></span> <span class='ocrx_word' id='word_1_112' title='bbox 530 2059 712 2127; x_wconf 90' lang='lat' dir='ltr'><strong>defectione</strong></span> <span class='ocrx_word' id='word_1_113' title='bbox 726 2061 892 2126; x_wconf 85' lang='lat' dir='ltr'><strong>sociorum</strong></span> <span class='ocrx_word' id='word_1_114' title='bbox 908 2061 1010 2144; x_wconf 84' lang='lat' dir='ltr'><strong>anxii,</strong></span> <span class='ocrx_word' id='word_1_115' title='bbox 1021 2075 1187 2149; x_wconf 90' lang='lat' dir='ltr'><strong>quotquot</strong></span> 
     </span>
     <span class='ocr_line' id='line_1_15' title="bbox 114 2160 1187 2246; baseline 0.002 -21"><span class='ocrx_word' id='word_1_116' title='bbox 114 2185 203 2225; x_wconf 90' lang='lat' dir='ltr'><strong>arma</strong></span> <span class='ocrx_word' id='word_1_117' title='bbox 223 2162 427 2245; x_wconf 86' lang='lat' dir='ltr'><strong>retinebant,</strong></span> <span class='ocrx_word' id='word_1_118' title='bbox 450 2165 619 2227; x_wconf 90' lang='lat' dir='ltr'><strong>communi</strong></span> <span class='ocrx_word' id='word_1_119' title='bbox 642 2162 774 2228; x_wconf 88' lang='lat' dir='ltr'><strong>decreto</strong></span> <span class='ocrx_word' id='word_1_120' title='bbox 798 2162 984 2228; x_wconf 86' lang='lat' dir='ltr'><strong>Corfinium</strong></span> <span class='ocrx_word' id='word_1_121' title='bbox 1011 2160 1187 2246; x_wconf 87' lang='lat' dir='ltr'><strong>deserunt;</strong></span> 
     </span>
     <span class='ocr_line' id='line_1_16' title="bbox 115 2260 1187 2353; baseline -0.005 -22"><span class='ocrx_word' id='word_1_122' title='bbox 115 2263 298 2331; x_wconf 79' lang='lat' dir='ltr'><strong>AEserniam</strong></span> <span class='ocrx_word' id='word_1_123' title='bbox 318 2265 352 2327; x_wconf 92' lang='lat' dir='ltr'><strong>in</strong></span> <span class='ocrx_word' id='word_1_124' title='bbox 374 2263 573 2329; x_wconf 85' lang='lat' dir='ltr'><strong>Samnitibus</strong></span> <span class='ocrx_word' id='word_1_125' title='bbox 595 2264 720 2353; x_wconf 91' lang='lat' dir='ltr'><strong>publici</strong></span> <span class='ocrx_word' id='word_1_126' title='bbox 740 2260 867 2329; x_wconf 77' lang='lat' dir='ltr'><strong>musilii</strong></span> <span class='ocrx_word' id='word_1_127' title='bbox 889 2262 1001 2327; x_wconf 87' lang='lat' dir='ltr'><strong>sedem</strong></span> <span class='ocrx_word' id='word_1_128' title='bbox 1020 2278 1187 2344; x_wconf 88' lang='lat' dir='ltr'><strong>statuunt,</strong></span> 
     </span>
     <span class='ocr_line' id='line_1_17' title="bbox 117 2362 1188 2454; baseline 0.001 -27"><span class='ocrx_word' id='word_1_129' title='bbox 117 2365 298 2452; x_wconf 87' lang='lat' dir='ltr'><strong>creatisque</strong></span> <span class='ocrx_word' id='word_1_130' title='bbox 313 2365 507 2454; x_wconf 83' lang='lat' dir='ltr'><strong>praetoribus</strong></span> <span class='ocrx_word' id='word_1_131' title='bbox 522 2366 687 2453; x_wconf 90' lang='lat' dir='ltr'><strong>quinque,</strong></span> <span class='ocrx_word' id='word_1_132' title='bbox 697 2386 781 2453; x_wconf 92' lang='lat' dir='ltr'><strong>quos</strong></span> <span class='ocrx_word' id='word_1_133' title='bbox 797 2365 884 2428; x_wconf 90' lang='lat' dir='ltr'><strong>inter</strong></span> <span class='ocrx_word' id='word_1_134' title='bbox 896 2362 1104 2453; x_wconf 88' lang='lat' dir='ltr'><strong>Pompaedius</strong></span> <span class='ocrx_word' id='word_1_135' title='bbox 1121 2364 1188 2428; x_wconf 90' lang='lat' dir='ltr'><strong>Silo</strong></span> 
     </span>
     <span class='ocr_line' id='line_1_18' title="bbox 116 2465 1188 2557; baseline 0.001 -29"><span class='ocrx_word' id='word_1_136' title='bbox 116 2466 196 2547; x_wconf 83' lang='lat' dir='ltr'><strong>fuit,</strong></span> <span class='ocrx_word' id='word_1_137' title='bbox 208 2467 286 2531; x_wconf 90' lang='lat' dir='ltr'><strong>huic</strong></span> <span class='ocrx_word' id='word_1_138' title='bbox 294 2482 429 2557; x_wconf 91' lang='lat' dir='ltr'><strong>propter</strong></span> <span class='ocrx_word' id='word_1_139' title='bbox 444 2489 607 2532; x_wconf 87' lang='lat' dir='ltr'><strong>summam</strong></span> <span class='ocrx_word' id='word_1_140' title='bbox 623 2468 816 2555; x_wconf 90' lang='lat' dir='ltr'><strong>opinionem</strong></span> <span class='ocrx_word' id='word_1_141' title='bbox 824 2466 951 2530; x_wconf 84' lang='lat' dir='ltr'><strong>virtutis</strong></span> <span class='ocrx_word' id='word_1_142' title='bbox 967 2466 1140 2554; x_wconf 87' lang='lat' dir='ltr'><strong>imperium</strong></span> <span class='ocrx_word' id='word_1_143' title='bbox 1151 2465 1188 2531; x_wconf 92' lang='lat' dir='ltr'><strong>in</strong></span> 
     </span>
     <span class='ocr_line' id='line_1_19' title="bbox 117 2567 392 2633; baseline 0.015 -4"><span class='ocrx_word' id='word_1_144' title='bbox 117 2589 231 2631; x_wconf 89' lang='lat' dir='ltr'><strong>omnes</strong></span> <span class='ocrx_word' id='word_1_145' title='bbox 247 2567 392 2633; x_wconf 89' lang='lat' dir='ltr'><strong>tradunt.</strong></span> 
     </span>
    </p>

    <p class='ocr_par' dir='ltr' id='par_1_4' title="bbox 119 2666 1198 4075">
     <span class='ocr_line' id='line_1_20' title="bbox 162 2666 1190 2757; baseline 0 -27"><span class='ocrx_word' id='word_1_146' title='bbox 162 2669 220 2732; x_wconf 92' lang='lat' dir='ltr'>III.</span> <span class='ocrx_word' id='word_1_147' title='bbox 236 2670 398 2756; x_wconf 80' lang='lat' dir='ltr'><strong>Atqueis‚</strong></span> <span class='ocrx_word' id='word_1_148' title='bbox 409 2671 604 2757; x_wconf 90' lang='lat' dir='ltr'><strong>collegarum</strong></span> <span class='ocrx_word' id='word_1_149' title='bbox 615 2667 727 2732; x_wconf 85' lang='lat' dir='ltr'><strong>sedula</strong></span> <span class='ocrx_word' id='word_1_150' title='bbox 740 2689 839 2754; x_wconf 86' lang='lat' dir='ltr'><strong>opera</strong></span> <span class='ocrx_word' id='word_1_151' title='bbox 848 2689 942 2750; x_wconf 86' lang='lat' dir='ltr'><strong>usus,</strong></span> <span class='ocrx_word' id='word_1_152' title='bbox 957 2688 1088 2756; x_wconf 87' lang='lat' dir='ltr'><strong>magnas</strong></span> <span class='ocrx_word' id='word_1_153' title='bbox 1098 2666 1190 2730; x_wconf 81' lang='lat' dir='ltr'><strong>brevi</strong></span> 
     </span>
     <span class='ocr_line' id='line_1_21' title="bbox 119 2768 1193 2858; baseline -0.001 -25"><span class='ocrx_word' id='word_1_154' title='bbox 119 2769 225 2858; x_wconf 87' lang='lat' dir='ltr'><strong>copias</strong></span> <span class='ocrx_word' id='word_1_155' title='bbox 240 2771 376 2857; x_wconf 84' lang='lat' dir='ltr'><strong>paravit,</strong></span> <span class='ocrx_word' id='word_1_156' title='bbox 395 2788 434 2834; x_wconf 89' lang='lat' dir='ltr'><strong>ut</strong></span> <span class='ocrx_word' id='word_1_157' title='bbox 450 2769 611 2850; x_wconf 86' lang='lat' dir='ltr'><strong>adjunctae</strong></span> <span class='ocrx_word' id='word_1_158' title='bbox 627 2769 791 2832; x_wconf 84' lang='lat' dir='ltr'><strong>veteribus</strong></span> <span class='ocrx_word' id='word_1_159' title='bbox 805 2768 846 2832; x_wconf 90' lang='lat' dir='ltr'><strong>ad</strong></span> <span class='ocrx_word' id='word_1_160' title='bbox 864 2768 964 2831; x_wconf 91' lang='lat' dir='ltr'><strong>millia</strong></span> <span class='ocrx_word' id='word_1_161' title='bbox 979 2769 1125 2833; x_wconf 82' lang='lat' dir='ltr'><strong>virorum</strong></span> <span class='ocrx_word' id='word_1_162' title='bbox 1135 2769 1193 2832; x_wconf 90' lang='lat' dir='ltr'><strong>tri·</strong></span> 
     </span>
     <span class='ocr_line' id='line_1_22' title="bbox 120 2868 1194 2961; baseline 0.001 -28"><span class='ocrx_word' id='word_1_163' title='bbox 120 2871 209 2959; x_wconf 81' lang='lat' dir='ltr'><strong>ginta</strong></span> <span class='ocrx_word' id='word_1_164' title='bbox 226 2869 434 2961; x_wconf 86' lang='lat' dir='ltr'><strong>pervenirent</strong></span> <span class='ocrx_word' id='word_1_165' title='bbox 453 2893 461 2934; x_wconf 92' lang='lat'><strong>:</strong></span> <span class='ocrx_word' id='word_1_166' title='bbox 481 2885 636 2959; x_wconf 86' lang='lat' dir='ltr'><strong>praeterea</strong></span> <span class='ocrx_word' id='word_1_167' title='bbox 655 2868 755 2934; x_wconf 69' lang='lat' dir='ltr'><strong>serris</strong></span> <span class='ocrx_word' id='word_1_168' title='bbox 773 2869 1000 2946; x_wconf 84' lang='lat' dir='ltr'><strong>manumissis,</strong></span> <span class='ocrx_word' id='word_1_169' title='bbox 1022 2885 1072 2950; x_wconf 89' lang='lat' dir='ltr'><strong>et,</strong></span> <span class='ocrx_word' id='word_1_170' title='bbox 1093 2886 1194 2957; x_wconf 88' lang='lat' dir='ltr'><strong>prout</strong></span> 
     </span>
     <span class='ocr_line' id='line_1_23' title="bbox 121 2966 1195 3061; baseline 0.001 -25"><span class='ocrx_word' id='word_1_171' title='bbox 121 2990 249 3061; x_wconf 91' lang='lat' dir='ltr'><strong>tempus</strong></span> <span class='ocrx_word' id='word_1_172' title='bbox 261 2972 402 3053; x_wconf 79' lang='lat' dir='ltr'><strong>ferebat,</strong></span> <span class='ocrx_word' id='word_1_173' title='bbox 418 2972 566 3053; x_wconf 87' lang='lat' dir='ltr'><strong>armatis,</strong></span> <span class='ocrx_word' id='word_1_174' title='bbox 582 2970 771 3037; x_wconf 90' lang='lat' dir='ltr'><strong>libertinum</strong></span> <span class='ocrx_word' id='word_1_175' title='bbox 784 2966 979 3052; x_wconf 82' lang='lat' dir='ltr'><strong>exercitum,</strong></span> <span class='ocrx_word' id='word_1_176' title='bbox 989 2970 1079 3036; x_wconf 91' lang='lat' dir='ltr'><strong>haud</strong></span> <span class='ocrx_word' id='word_1_177' title='bbox 1087 2972 1195 3037; x_wconf 91' lang='lat' dir='ltr'><strong>multo</strong></span> 
     </span>
     <span class='ocr_line' id='line_1_24' title="bbox 120 3073 1193 3164; baseline 0 -27"><span class='ocrx_word' id='word_1_178' title='bbox 120 3074 288 3162; x_wconf 85' lang='lat' dir='ltr'><strong>pauciores</strong></span> <span class='ocrx_word' id='word_1_179' title='bbox 307 3073 450 3138; x_wconf 90' lang='lat' dir='ltr'><strong>millibus</strong></span> <span class='ocrx_word' id='word_1_180' title='bbox 474 3073 608 3164; x_wconf 82' lang='lat' dir='ltr'><strong>viginti,</strong></span> <span class='ocrx_word' id='word_1_181' title='bbox 629 3073 737 3163; x_wconf 85' lang='lat' dir='ltr'><strong>coegit</strong></span> <span class='ocrx_word' id='word_1_182' title='bbox 756 3073 907 3161; x_wconf 89' lang='lat' dir='ltr'><strong>:equites</strong></span> <span class='ocrx_word' id='word_1_183' title='bbox 926 3089 1081 3160; x_wconf 86' lang='lat' dir='ltr'><strong>praeterea</strong></span> <span class='ocrx_word' id='word_1_184' title='bbox 1104 3073 1193 3138; x_wconf 89' lang='lat' dir='ltr'><strong>mille</strong></span> 
     </span>
     <span class='ocr_line' id='line_1_25' title="bbox 121 3173 1193 3263; baseline -0.001 -25"><span class='ocrx_word' id='word_1_185' title='bbox 121 3191 199 3238; x_wconf 90' lang='lat' dir='ltr'><strong>sunt</strong></span> <span class='ocrx_word' id='word_1_186' title='bbox 215 3175 332 3240; x_wconf 80' lang='lat' dir='ltr'><strong>effecti.</strong></span> <span class='ocrx_word' id='word_1_187' title='bbox 350 3176 435 3238; x_wconf 89' lang='lat' dir='ltr'><strong>Cuni</strong></span> <span class='ocrx_word' id='word_1_188' title='bbox 453 3175 504 3239; x_wconf 91' lang='lat' dir='ltr'><strong>his</strong></span> <span class='ocrx_word' id='word_1_189' title='bbox 518 3175 621 3263; x_wconf 88' lang='lat' dir='ltr'><strong>copiis</strong></span> <span class='ocrx_word' id='word_1_190' title='bbox 634 3175 801 3239; x_wconf 88' lang='lat' dir='ltr'><strong>Mamerco</strong></span> <span class='ocrx_word' id='word_1_191' title='bbox 818 3173 952 3239; x_wconf 86' lang='lat' dir='ltr'><strong>AEmilio</strong></span> <span class='ocrx_word' id='word_1_192' title='bbox 967 3195 1002 3236; x_wconf 91' lang='lat' dir='ltr'><strong>se</strong></span> <span class='ocrx_word' id='word_1_193' title='bbox 1018 3174 1193 3262; x_wconf 90' lang='lat' dir='ltr'><strong>opposuit,</strong></span> 
     </span>
     <span class='ocr_line' id='line_1_26' title="bbox 122 3275 1193 3365; baseline 0.002 -27"><span class='ocrx_word' id='word_1_194' title='bbox 122 3276 177 3363; x_wconf 90' lang='lat' dir='ltr'><strong>qui</strong></span> <span class='ocrx_word' id='word_1_195' title='bbox 195 3291 267 3339; x_wconf 90' lang='lat' dir='ltr'><strong>tum</strong></span> <span class='ocrx_word' id='word_1_196' title='bbox 282 3275 407 3365; x_wconf 88' lang='lat' dir='ltr'><strong>legatus</strong></span> <span class='ocrx_word' id='word_1_197' title='bbox 426 3276 581 3341; x_wconf 81' lang='lat' dir='ltr'><strong>exercitui</strong></span> <span class='ocrx_word' id='word_1_198' title='bbox 597 3277 724 3342; x_wconf 89' lang='lat' dir='ltr'><strong>sullano</strong></span> <span class='ocrx_word' id='word_1_199' title='bbox 743 3290 889 3364; x_wconf 83' lang='lat' dir='ltr'><strong>praeerat.</strong></span> <span class='ocrx_word' id='word_1_200' title='bbox 908 3276 997 3338; x_wconf 86' lang='lat' dir='ltr'><strong>Inter</strong></span> <span class='ocrx_word' id='word_1_201' title='bbox 1011 3275 1074 3340; x_wconf 92' lang='lat' dir='ltr'><strong>hos</strong></span> <span class='ocrx_word' id='word_1_202' title='bbox 1092 3298 1193 3364; x_wconf 88' lang='lat' dir='ltr'><strong>appa·</strong></span> 
     </span>
     <span class='ocr_line' id='line_1_27' title="bbox 122 3375 1193 3465; baseline 0.004 -26"><span class='ocrx_word' id='word_1_203' title='bbox 122 3393 209 3441; x_wconf 86' lang='lat' dir='ltr'><strong>ratus</strong></span> <span class='ocrx_word' id='word_1_204' title='bbox 225 3379 376 3442; x_wconf 86' lang='lat' dir='ltr'><strong>asculana</strong></span> <span class='ocrx_word' id='word_1_205' title='bbox 395 3378 525 3443; x_wconf 90' lang='lat' dir='ltr'><strong>obsidio</strong></span> <span class='ocrx_word' id='word_1_206' title='bbox 540 3376 581 3441; x_wconf 90' lang='lat' dir='ltr'><strong>ad</strong></span> <span class='ocrx_word' id='word_1_207' title='bbox 597 3377 696 3441; x_wconf 88' lang='lat' dir='ltr'><strong>finem</strong></span> <span class='ocrx_word' id='word_1_208' title='bbox 711 3377 810 3441; x_wconf 84' lang='lat' dir='ltr'><strong>venit.</strong></span> <span class='ocrx_word' id='word_1_209' title='bbox 826 3376 874 3440; x_wconf 81' lang='lat' dir='ltr'><strong>Ab</strong></span> <span class='ocrx_word' id='word_1_210' title='bbox 891 3375 951 3440; x_wconf 89' lang='lat' dir='ltr'><strong>hac</strong></span> <span class='ocrx_word' id='word_1_211' title='bbox 967 3375 1050 3440; x_wconf 91' lang='lat' dir='ltr'><strong>urbe</strong></span> <span class='ocrx_word' id='word_1_212' title='bbox 1067 3377 1193 3465; x_wconf 85' lang='lat' dir='ltr'><strong>primus</strong></span> 
     </span>
     <span class='ocr_line' id='line_1_28' title="bbox 123 3477 1194 3568; baseline 0.002 -27"><span class='ocrx_word' id='word_1_213' title='bbox 123 3479 198 3542; x_wconf 85' lang='lat' dir='ltr'><strong>belli</strong></span> <span class='ocrx_word' id='word_1_214' title='bbox 213 3481 312 3544; x_wconf 93' lang='lat' dir='ltr'><strong>turbo</strong></span> <span class='ocrx_word' id='word_1_215' title='bbox 325 3497 493 3568; x_wconf 87' lang='lat' dir='ltr'><strong>eruperat,</strong></span> <span class='ocrx_word' id='word_1_216' title='bbox 511 3494 560 3560; x_wconf 90' lang='lat' dir='ltr'><strong>et,</strong></span> <span class='ocrx_word' id='word_1_217' title='bbox 570 3480 646 3544; x_wconf 91' lang='lat' dir='ltr'><strong>licet</strong></span> <span class='ocrx_word' id='word_1_218' title='bbox 659 3478 777 3543; x_wconf 85' lang='lat' dir='ltr'><strong>&#39;eodem</strong></span> <span class='ocrx_word' id='word_1_219' title='bbox 794 3493 941 3565; x_wconf 88' lang='lat' dir='ltr'><strong>tempore</strong></span> <span class='ocrx_word' id='word_1_220' title='bbox 953 3498 1012 3566; x_wconf 92' lang='lat' dir='ltr'><strong>per</strong></span> <span class='ocrx_word' id='word_1_221' title='bbox 1024 3477 1194 3566; x_wconf 88' lang='lat' dir='ltr'><strong>plerasque</strong></span> 
     </span>
     <span class='ocr_line' id='line_1_29' title="bbox 124 3579 1195 3670; baseline -0.001 -28"><span class='ocrx_word' id='word_1_222' title='bbox 124 3580 222 3644; x_wconf 84' lang='lat' dir='ltr'><strong>ltaliae</strong></span> <span class='ocrx_word' id='word_1_223' title='bbox 239 3581 388 3670; x_wconf 87' lang='lat' dir='ltr'><strong>regiones</strong></span> <span class='ocrx_word' id='word_1_224' title='bbox 404 3581 611 3645; x_wconf 87' lang='lat' dir='ltr'><strong>adversarum</strong></span> <span class='ocrx_word' id='word_1_225' title='bbox 632 3581 774 3669; x_wconf 88' lang='lat' dir='ltr'><strong>partium</strong></span> <span class='ocrx_word' id='word_1_226' title='bbox 795 3579 955 3643; x_wconf 88' lang='lat' dir='ltr'><strong>exercitus</strong></span> <span class='ocrx_word' id='word_1_227' title='bbox 977 3579 1195 3643; x_wconf 82' lang='lat' dir='ltr'><strong>colluctaren·</strong></span> 
     </span>
     <span class='ocr_line' id='line_1_30' title="bbox 125 3680 1196 3772; baseline -0.002 -28"><span class='ocrx_word' id='word_1_228' title='bbox 125 3698 196 3764; x_wconf 90' lang='lat' dir='ltr'><strong>tur,</strong></span> <span class='ocrx_word' id='word_1_229' title='bbox 215 3683 269 3746; x_wconf 89' lang='lat' dir='ltr'><strong>hic</strong></span> <span class='ocrx_word' id='word_1_230' title='bbox 285 3697 393 3747; x_wconf 91' lang='lat' dir='ltr'><strong>tamen</strong></span> <span class='ocrx_word' id='word_1_231' title='bbox 410 3683 589 3772; x_wconf 87' lang='lat' dir='ltr'><strong>plurimum</strong></span> <span class='ocrx_word' id='word_1_232' title='bbox 608 3681 727 3745; x_wconf 87' lang='lat' dir='ltr'><strong>laboris</strong></span> <span class='ocrx_word' id='word_1_233' title='bbox 747 3680 981 3770; x_wconf 86' lang='lat' dir='ltr'><strong>sanguinisque</strong></span> <span class='ocrx_word' id='word_1_234' title='bbox 999 3680 1196 3744; x_wconf 83' lang='lat' dir='ltr'><strong>exhaustum</strong></span> 
     </span>
     <span class='ocr_line' id='line_1_31' title="bbox 126 3780 1197 3872; baseline -0.006 -24"><span class='ocrx_word' id='word_1_235' title='bbox 126 3799 193 3865; x_wconf 88' lang='lat' dir='ltr'><strong>est,</strong></span> <span class='ocrx_word' id='word_1_236' title='bbox 217 3806 348 3872; x_wconf 88' lang='lat' dir='ltr'><strong>unaque</strong></span> <span class='ocrx_word' id='word_1_237' title='bbox 364 3783 417 3848; x_wconf 88' lang='lat' dir='ltr'><strong>die</strong></span> <span class='ocrx_word' id='word_1_238' title='bbox 437 3785 521 3849; x_wconf 89' lang='lat' dir='ltr'><strong>circa</strong></span> <span class='ocrx_word' id='word_1_239' title='bbox 537 3784 623 3847; x_wconf 91' lang='lat' dir='ltr'><strong>hanc</strong></span> <span class='ocrx_word' id='word_1_240' title='bbox 638 3782 754 3847; x_wconf 91' lang='lat' dir='ltr'><strong>urbem</strong></span> <span class='ocrx_word' id='word_1_241' title='bbox 775 3781 922 3871; x_wconf 90' lang='lat' dir='ltr'><strong>quinque</strong></span> <span class='ocrx_word' id='word_1_242' title='bbox 943 3796 975 3844; x_wconf 92' lang='lat' dir='ltr'><strong>et</strong></span> <span class='ocrx_word' id='word_1_243' title='bbox 993 3780 1197 3869; x_wconf 78' lang='lat' dir='ltr'><strong>septuaginta</strong></span> 
     </span>
     <span class='ocr_line' id='line_1_32' title="bbox 125 3880 1198 3972; baseline -0.004 -25"><span class='ocrx_word' id='word_1_244' title='bbox 125 3885 245 3949; x_wconf 85' lang='lat' dir='ltr'><strong>civium</strong></span> <span class='ocrx_word' id='word_1_245' title='bbox 273 3908 506 3965; x_wconf 88' lang='lat' dir='ltr'><strong>romanorum,</strong></span> <span class='ocrx_word' id='word_1_246' title='bbox 530 3884 670 3972; x_wconf 88' lang='lat' dir='ltr'><strong>amplius</strong></span> <span class='ocrx_word' id='word_1_247' title='bbox 698 3883 863 3972; x_wconf 87' lang='lat' dir='ltr'><strong>sexaginta</strong></span> <span class='ocrx_word' id='word_1_248' title='bbox 887 3881 985 3945; x_wconf 90' lang='lat' dir='ltr'><strong>millia</strong></span> <span class='ocrx_word' id='word_1_249' title='bbox 1009 3880 1198 3945; x_wconf 88' lang='lat' dir='ltr'><strong>Italicorum</strong></span> 
     </span>
     <span class='ocr_line' id='line_1_33' title="bbox 128 3987 454 4075; baseline 0 -25"><span class='ocrx_word' id='word_1_250' title='bbox 128 3987 217 4075; x_wconf 87' lang='lat' dir='ltr'><strong>signa</strong></span> <span class='ocrx_word' id='word_1_251' title='bbox 233 3987 454 4051; x_wconf 90' lang='lat' dir='ltr'><strong>contulerunt.</strong></span> 
     </span>
    </p>
   </div>
   <div class='ocr_carea' id='block_1_3' title="bbox 127 4221 1201 4544">
    <p class='ocr_par' dir='ltr' id='par_1_5' title="bbox 127 4221 1201 4544">
     <span class='ocr_line' id='line_1_34' title="bbox 162 4221 1199 4296; baseline -0.009 -18"><span class='ocrx_word' id='word_1_252' title='bbox 162 4231 179 4296; x_wconf 71' lang='lat' dir='ltr'>S</span> <span class='ocrx_word' id='word_1_253' title='bbox 194 4233 214 4280; x_wconf 88' lang='lat' dir='ltr'><strong>l.</strong></span> <span class='ocrx_word' id='word_1_254' title='bbox 228 4229 281 4278; x_wconf 80' lang='lat' dir='ltr'><strong>ttv.</strong></span> <span class='ocrx_word' id='word_1_255' title='bbox 294 4229 361 4294; x_wconf 81' lang='lat' dir='ltr'><strong>Epir.</strong></span> <span class='ocrx_word' id='word_1_256' title='bbox 373 4228 532 4288; x_wconf 77' lang='lat' dir='ltr'><strong>-0ros.V‚</strong></span> <span class='ocrx_word' id='word_1_257' title='bbox 549 4230 590 4278; x_wconf 75' lang='lat' dir='ltr'><strong>rs.</strong></span> <span class='ocrx_word' id='word_1_258' title='bbox 601 4228 711 4276; x_wconf 76' lang='lat' dir='ltr'><strong>-Flon</strong></span> <span class='ocrx_word' id='word_1_259' title='bbox 722 4228 775 4285; x_wconf 90' lang='lat'><strong>111,</strong></span> <span class='ocrx_word' id='word_1_260' title='bbox 787 4229 827 4275; x_wconf 76' lang='lat' dir='ltr'><strong>rt.</strong></span> <span class='ocrx_word' id='word_1_261' title='bbox 841 4252 877 4263; x_wconf 92' lang='lat'>-</span> <span class='ocrx_word' id='word_1_262' title='bbox 890 4223 1000 4289; x_wconf 78' lang='lat' dir='ltr'><strong>Appirn.</strong></span> <span class='ocrx_word' id='word_1_263' title='bbox 1012 4221 1068 4272; x_wconf 78' lang='lat' dir='ltr'><strong>etv.</strong></span> <span class='ocrx_word' id='word_1_264' title='bbox 1080 4221 1124 4271; x_wconf 82' lang='lat' dir='ltr'><strong>lib.</strong></span> <span class='ocrx_word' id='word_1_265' title='bbox 1135 4224 1199 4270; x_wconf 85' lang='lat'><strong>1.-</strong></span> 
     </span>
     <span class='ocr_line' id='line_1_35' title="bbox 128 4306 1198 4372; baseline -0.009 -9"><span class='ocrx_word' id='word_1_266' title='bbox 128 4313 240 4363; x_wconf 74' lang='lat' dir='ltr'><strong>Mscrob.</strong></span> <span class='ocrx_word' id='word_1_267' title='bbox 254 4311 373 4360; x_wconf 74' lang='lat' dir='ltr'><strong>summai.</strong></span> <span class='ocrx_word' id='word_1_268' title='bbox 384 4316 409 4372; x_wconf 90' lang='lat' dir='ltr'><strong>I,</strong></span> <span class='ocrx_word' id='word_1_269' title='bbox 422 4328 462 4362; x_wconf 87' lang='lat' dir='ltr'><strong>rr.</strong></span> <span class='ocrx_word' id='word_1_270' title='bbox 476 4338 512 4350; x_wconf 89' lang='lat'>—</span> <span class='ocrx_word' id='word_1_271' title='bbox 523 4314 608 4362; x_wconf 75' lang='lat' dir='ltr'><strong>senec.</strong></span> <span class='ocrx_word' id='word_1_272' title='bbox 620 4312 651 4361; x_wconf 88' lang='lat' dir='ltr'><strong>de</strong></span> <span class='ocrx_word' id='word_1_273' title='bbox 665 4309 772 4361; x_wconf 65' lang='lat' dir='ltr'><strong>senem.</strong></span> <span class='ocrx_word' id='word_1_274' title='bbox 782 4312 834 4371; x_wconf 86' lang='lat'><strong>111,</strong></span> <span class='ocrx_word' id='word_1_275' title='bbox 845 4311 887 4358; x_wconf 76' lang='lat'><strong>23.</strong></span> <span class='ocrx_word' id='word_1_276' title='bbox 901 4335 937 4346; x_wconf 89' lang='lat'>-</span> <span class='ocrx_word' id='word_1_277' title='bbox 950 4307 966 4372; x_wconf 80' lang='lat' dir='ltr'>S</span> <span class='ocrx_word' id='word_1_278' title='bbox 982 4308 1014 4356; x_wconf 94' lang='lat' dir='ltr'><strong>II.</strong></span> <span class='ocrx_word' id='word_1_279' title='bbox 1023 4307 1089 4355; x_wconf 78' lang='lat' dir='ltr'><strong>Vell.</strong></span> <span class='ocrx_word' id='word_1_280' title='bbox 1104 4308 1142 4365; x_wconf 88' lang='lat'><strong>11,</strong></span> <span class='ocrx_word' id='word_1_281' title='bbox 1156 4306 1198 4354; x_wconf 73' lang='lat'><strong>1⁵.</strong></span> 
     </span>
     <span class='ocr_line' id='line_1_36' title="bbox 127 4391 1201 4461; baseline -0.007 -15"><span class='ocrx_word' id='word_1_282' title='bbox 127 4425 161 4434; x_wconf 89' lang='lat'>—</span> <span class='ocrx_word' id='word_1_283' title='bbox 178 4396 283 4446; x_wconf 87' lang='lat' dir='ltr'><strong>Diodor.</strong></span> <span class='ocrx_word' id='word_1_284' title='bbox 300 4396 385 4461; x_wconf 79' lang='lat' dir='ltr'><strong>Eclog.</strong></span> <span class='ocrx_word' id='word_1_285' title='bbox 405 4395 449 4444; x_wconf 89' lang='lat' dir='ltr'><strong>lib.</strong></span> <span class='ocrx_word' id='word_1_286' title='bbox 464 4399 600 4446; x_wconf 80' lang='lat' dir='ltr'><strong>xxxvn.</strong></span> <span class='ocrx_word' id='word_1_287' title='bbox 615 4424 650 4434; x_wconf 92' lang='lat'>-</span> <span class='ocrx_word' id='word_1_288' title='bbox 665 4394 682 4461; x_wconf 83' lang='lat'><em>§</em></span> <span class='ocrx_word' id='word_1_289' title='bbox 697 4398 744 4443; x_wconf 89' lang='lat' dir='ltr'>III.</span> <span class='ocrx_word' id='word_1_290' title='bbox 762 4396 815 4444; x_wconf 73' lang='grc' dir='ltr'><strong>Ην.</strong></span> <span class='ocrx_word' id='word_1_291' title='bbox 831 4395 897 4459; x_wconf 85' lang='lat' dir='ltr'><strong>Epit.</strong></span> <span class='ocrx_word' id='word_1_292' title='bbox 913 4420 948 4432; x_wconf 93' lang='lat'><em>-</em></span> <span class='ocrx_word' id='word_1_293' title='bbox 963 4391 1028 4440; x_wconf 75' lang='lat' dir='ltr'><strong>velt.</strong></span> <span class='ocrx_word' id='word_1_294' title='bbox 1045 4394 1084 4452; x_wconf 91' lang='lat' dir='ltr'><strong>II,</strong></span> <span class='ocrx_word' id='word_1_295' title='bbox 1104 4406 1146 4440; x_wconf 80' lang='lat' dir='ltr'><strong>at.</strong></span> <span class='ocrx_word' id='word_1_296' title='bbox 1165 4417 1201 4428; x_wconf 89' lang='lat'>-</span> 
     </span>
     <span class='ocr_line' id='line_1_37' title="bbox 128 4481 541 4544; baseline -0.005 -17"><span class='ocrx_word' id='word_1_297' title='bbox 128 4484 200 4530; x_wconf 84' lang='lat' dir='ltr'><strong>Oros.</strong></span> <span class='ocrx_word' id='word_1_298' title='bbox 211 4509 245 4517; x_wconf 98' lang='lat'>—</span> <span class='ocrx_word' id='word_1_299' title='bbox 257 4482 317 4544; x_wconf 87' lang='lat' dir='ltr'><strong>Sup.</strong></span> <span class='ocrx_word' id='word_1_300' title='bbox 327 4481 438 4538; x_wconf 81' lang='lat' dir='ltr'>LXXII,</span> <span class='ocrx_word' id='word_1_301' title='bbox 451 4496 461 4527; x_wconf 89' lang='lat' dir='ltr'><strong>r</strong></span> <span class='ocrx_word' id='word_1_302' title='bbox 479 4491 503 4528; x_wconf 83' lang='lat' dir='ltr'><strong>et</strong></span> <span class='ocrx_word' id='word_1_303' title='bbox 517 4496 541 4526; x_wconf 84' lang='lat'><strong>2.</strong></span> 
     </span>
    </p>
   </div>
   <div class='ocr_carea' id='block_1_4' title="bbox 0 0 1329 4980">
    <p class='ocr_par' dir='ltr' id='par_1_6' title="bbox 0 0 1329 4980">
     <span class='ocr_line' id='line_1_38' title="bbox 0 0 1329 4980; baseline 0 0"><span class='ocrx_word' id='word_1_304' title='bbox 0 0 1329 4980; x_wconf 95' lang='lat' dir='ltr'><strong> </strong></span> 
     </span>
    </p>
   </div>
  </div>
 </body>
</html>
