2594 4980
321 749 375 818 ru
403 749 519 817 too.
545 747 640 818 nra.
665 745 778 817 oxu
806 746 1025 825 urvrsat.
1136 747 1209 843 409

143 877 192 930 tra
209 868 370 932 coloniam
391 869 627 936 narbonensem
641 867 822 950 ferebatur,
840 882 879 932 ut
894 890 929 931 se
945 865 1068 955 populo
1084 865 1207 945 noum&

143 967 190 1030 hil
203 967 401 1050 venditaret,
420 970 517 1033 etiarn
533 985 664 1035 senatus
682 969 865 1034 auctoritati
881 965 1099 1047 detrahendo,
1115 989 1207 1033 acer·
1254 1018 1257 1024 .

142 1068 223 1131 nme
249 1067 450 1134 dissuaserat.
478 1072 612 1135 Colonia
638 1069 777 1135 deducta
804 1085 862 1134 est.
885 1069 998 1135 Narbo
1019 1069 1163 1135 Materies
1186 1091 1207 1134 a

142 1170 276 1233 nomine
289 1172 431 1235 consulis
444 1173 632 1261 appellatus.

186 1271 276 1335 VIII.
298 1275 423 1336 [nterea
445 1276 481 1338 L.
502 1274 647 1338 Caecilius
670 1272 821 1337 Metellus
843 1272 884 1336 de
908 1271 1064 1336 Dabnatis
1089 1271 1206 1335 trium·

139 1372 242 1459 phum
252 1421 261 1453 ,
272 1389 304 1436 et
312 1371 491 1438 Delmatici
503 1392 759 1464 cognomentum
768 1375 895 1455 retulit,
908 1373 1132 1462 templumque
1143 1375 1206 1439 Ga·

140 1473 234 1535 storis
249 1471 290 1536 de
306 1475 469 1539 manubiis
485 1477 612 1540 struxit.
632 1479 789 1540 Auctores
807 1475 930 1556 babeo,
947 1497 1055 1563 neque
1074 1497 1205 1540 causam

140 1571 209 1651 ejus
226 1573 301 1637 belb
314 1575 431 1656 ullam,
450 1599 558 1663 neque
575 1592 662 1664 gesta
680 1593 863 1641 memoratu
877 1576 973 1666 digna
992 1578 1090 1642 luisse
1105 1600 1113 1642 :
1131 1593 1205 1649 tan·

138 1688 209 1735 turn
221 1674 424 1762 improbitate
434 1677 574 1760 Metelli,
586 1679 644 1765 qui
653 1674 876 1766 triumphandi
885 1676 1062 1766 cupiditate
1072 1693 1205 1769 gentem

139 1774 279 1861 quietam
300 1775 386 1841 bello
402 1793 510 1866 petere
527 1779 675 1867 gestiret,
693 1781 819 1844 senatui
835 1778 1003 1845 decretum
1017 1795 1204 1849 extortum:

139 1897 178 1938 ex
194 1899 260 1963 quo
276 1900 365 1941 arma
381 1879 589 1965 referentem,
604 1904 707 1969 quum
727 1881 870 1970 benigne
891 1897 924 1946 et
946 1882 980 1945 In
998 1882 1138 1972 speciem
1152 1905 1207 1973 pa·

138 1977 182 2039 cis
196 1999 215 2040 a
227 1979 379 2044 Dalmatis
388 1997 539 2071 exceptus
550 1999 653 2064 esset,
670 1983 786 2047 Salone
797 1982 932 2047 bibema
941 1982 1114 2071 tranquilla
1129 2006 1204 2048 exe-

137 2078 237 2167 gisse,
261 2097 438 2171 posteaque
457 2084 594 2147 Romam
613 2106 796 2165 reversum,
813 2084 902 2148 nulla
920 2084 1041 2165 majore
1060 2107 1096 2148 re
1115 2100 1205 2175 gesta

138 2181 363 2268 triumphasse.

179 2283 237 2347 IX.
257 2285 372 2373 Neque
388 2309 440 2351 me
458 2287 559 2377 fugit,
577 2288 816 2353 declinantibus
834 2288 895 2351 sub
915 2310 952 2352 ea
969 2302 1116 2376 tempora
1132 2307 1203 2351 mos

136 2383 246 2467 ribus,
271 2387 359 2451 haud
376 2390 483 2453 minus
504 2413 743 2479 nonnunquam
765 2391 952 2471 ambitioni,
975 2412 1073 2477 quarn
1091 2389 1205 2458 virtuti

134 2485 202 2549 dari
221 2491 353 2578 coepisse
369 2513 376 2554 :
393 2492 542 2556 nondum
559 2508 667 2556 tamen
685 2491 905 2579 depuduerat,
922 2507 959 2554 ut
977 2492 1047 2555 sine
1064 2489 1203 2563 maxima

133 2592 361 2673 contentione,
378 2594 472 2674 cujus
483 2594 654 2680 vestigium
676 2615 838 2679 nusquam
850 2593 955 2655 ullum
971 2588 1202 2678 deprehendo,

133 2691 318 2777 triumphus
337 2709 403 2755 tam
422 2693 529 2773 nulla,
553 2709 608 2756 aut
630 2693 693 2756 levi
711 2714 806 2756 causa
831 2692 1087 2756 decerneretur:
1108 2704 1141 2752 et
1165 2689 1199 2752 ln

135 2790 322 2853 melioribus
336 2794 505 2856 annalibus
517 2794 675 2856 Dalmatas
687 2816 705 2857 a
718 2793 753 2856 L.
764 2793 892 2855 Caecilio
904 2792 1035 2856 Metello
1049 2791 1200 2860 subactos

132 2892 273 2955 invenio.
297 2891 361 2955 Sed
377 2893 411 2955 in
431 2893 536 2958 Africa
559 2910 787 2983 postmortem
805 2893 850 2956 M.
867 2893 1019 2969 Catonis,
1043 2904 1199 2979 tanquam

131 3009 257 3055 remoto
279 2993 432 3076 custode,
451 2995 584 3059 liberior
605 2996 782 3085 Iugurtha,
808 3018 876 3058 non
896 2993 1035 3083 amplius
1055 2991 1201 3071 distulit,

131 3095 210 3180 quin
230 3097 358 3177 animo,
378 3097 555 3184 cupiditate
572 3097 699 3184 imperii
715 3112 748 3160 et
764 3111 893 3185 accepta
911 3094 1108 3159 contumelia
1125 3115 1200 3157 sau·

129 3197 197 3277 cio,
215 3221 339 3262 morem
360 3198 675 3287 gerere13donecIn
694 3199 817 3262 bobum
836 3197 944 3284 erupit
962 3218 1029 3277 res,
1045 3195 1199 3258 fratrum·

128 3319 192 3381 que
203 3299 282 3361 alter
297 3299 383 3362 ferro
394 3321 494 3363 caesus
504 3300 676 3376 occubuit,
691 3300 789 3383 alter,
799 3315 928 3363 exactus
937 3320 1050 3387 regno,
1060 3297 1199 3363 Romam

127 3399 304 3487 confugere
320 3418 450 3466 coactus
467 3417 526 3466 est.

171 3501 211 3562 X.
232 3502 279 3564 Eo
294 3524 397 3589 quum
413 3503 573 3585 venisset,
588 3503 624 3567 L.
637 3502 783 3567 Caecilius
793 3501 835 3585 Q
848 3503 884 3566 F.
894 3501 1060 3581 Metellus,
1075 3499 1117 3583 Q
1126 3499 1199 3565 Mu·

127 3599 196 3662 clus
215 3602 354 3667 Scaevola
371 3605 521 3669 consules
538 3620 652 3668 erant:
670 3627 737 3691 quo
752 3625 840 3667 anno
857 3602 1015 3666 Saturniae
1033 3599 1197 3690 androgy«

126 3724 188 3764 nus
199 3726 359 3768 annorum
373 3705 484 3769 decem
497 3707 660 3771 inventus.
671 3706 832 3769 Praeneste
841 3725 974 3790 quoque
983 3702 1064 3767 lacte
1076 3701 1197 3789 pluisse

124 3804 369 3887 renuntiatum3
385 3806 576 3895 hastamque
592 3807 704 3871 Martis
728 3807 763 3869 in
784 3805 872 3893 regia
889 3819 1031 3883 motam,
1048 3803 1195 3879 Priverni

125 3920 242 3968 terram
254 3921 376 3992 septem
384 3907 536 3995 jugerum
549 3909 583 3971 in
596 3930 765 3972 cavernam
777 3904 938 3970 desedisse
950 3928 958 3969 :
969 3904 1107 3969 fulmine
1118 3925 1197 3992 quo·

124 4030 188 4094 que
200 4008 283 4071 circa
298 4007 431 4091 urbem,
446 4025 479 4073 et
491 4011 524 4073 in
541 4011 625 4097 ipsa,
643 4010 796 4097 pleraque
807 4008 870 4072 icta
886 4024 972 4072 sunt.
987 4007 1076 4070 Urbe
1093 4005 1190 4095 virgi-

156 4230 171 4295 5
185 4234 243 4279 Vll.
255 4231 308 4281 Cic.
318 4247 366 4296 pro
377 4231 498 4289 Fonteio,
512 4248 566 4298 cap.
578 4247 600 4279 1.
611 4258 647 4268 -
656 4233 743 4297 Pomp.
753 4232 833 4291 Mela,
844 4234 887 4290 11,
897 4232 921 4281 5.
935 4257 971 4268 -
987 4229 1077 4279 Euseb-
1086 4228 1192 4295 -Velb

120 4317 145 4372 l,
159 4316 199 4372 15,
211 4328 234 4363 et
246 4319 285 4374 ll,
297 4317 321 4366 8.
334 4345 369 4354 -
380 4317 396 4382 S
408 4319 478 4365 VIII.
494 4316 547 4367 Cic.
565 4316 592 4364 in
609 4317 699 4374 Bruto,
714 4333 768 4383 cap.
782 4318 830 4374 43,
843 4327 868 4366 et
878 4332 926 4381 pro
938 4315 1068 4375 Cluentio,
1084 4331 1138 4380 cap.
1149 4313 1193 4376 ⁵1,

119 4409 144 4445 et
155 4399 185 4447 de
195 4403 262 4449 Orat.
273 4404 311 4459 11,
324 4403 366 4450 55.
381 4430 415 4440 -
429 4405 493 4450 sart.
503 4401 583 4466 Capit.
598 4425 633 4438 -
646 4402 739 4450 Areon.
754 4402 780 4450 in
791 4404 863 4449 Verr-
872 4402 894 4450 1.
908 4426 942 4437 -
954 4400 1063 4465 Appbu.
1073 4399 1144 4469 illyr.
1155 4426 1191 4436 -

119 4479 135 4546 3
149 4485 193 4531 IX.
208 4487 259 4532 biv.
270 4487 336 4552 Epis.
350 4516 386 4526 -
402 4487 500 4537 Sallust.
515 4486 581 4547 eur.
596 4487 845 4557 nostrae,pag.1da,
859 4495 884 4535 et
896 4501 966 4567 seqq.
975 4485 1020 4535 liu.
