2594 4980
152 702 222 800 396
326 709 394 773 ao.
423 709 762 777 ruerusnnuu
792 711 1035 779 supatru.

193 827 274 890 LVI.
294 828 347 889 ιΟ
367 828 590 891 misericordes
610 829 738 894 Patres!
760 830 842 911 Quis
855 832 919 911 jam
941 832 1077 913 nesciat,
1093 849 1223 920 quanto

149 960 161 981 ιι
173 928 274 1016 plebis
287 952 396 991 amore
411 930 600 1010 teneamini,
613 931 669 1018 qui
681 946 814 1020 propter
826 931 1015 996 libertinum
1030 932 1222 1015 hominem,

149 1062 161 1084 ι
173 1030 381 1116 Sempronios
398 1047 429 1092 et
452 1031 599 1111 Flaccos,
619 1048 751 1118 propter
767 1057 892 1113 unum,
912 1034 1036 1120 aliquot
1053 1035 1152 1098 millia
1169 1036 1221 1100 ci·

147 1160 160 1186 ιι
172 1130 260 1192 vium
285 1130 465 1193 occidistis!
489 1135 539 1194 An
561 1148 592 1194 et
613 1133 658 1196 M.
676 1133 808 1199 Fulvius
825 1135 1005 1222 Antyllium
1030 1136 1222 1201 interiecit?

148 1262 161 1286 ιι
173 1231 235 1294 Sed
255 1231 350 1294 altera
372 1233 490 1294 scilicet
510 1234 561 1295 l'ax
582 1232 747 1298 seditionis
765 1236 997 1325 exstinguenda
1016 1237 1101 1301 fuit:
1127 1242 1219 1304 esto!

148 1331 250 1420 «quid
269 1356 345 1396 vero
363 1332 469 1397 filiusiJ
491 1335 646 1422 pugnavit
667 1336 806 1398 enimin
827 1337 1008 1401 Aventino:
1029 1337 1061 1401 id
1081 1361 1220 1426 quoque

146 1432 304 1510 «demus,
320 1435 393 1513 jure
412 1436 617 1497 intersectum
636 1436 756 1517 videri,
775 1438 934 1524 quianon
956 1439 1095 1502 libenter
1112 1441 1219 1504 inter·

147 1566 160 1591 ιι
172 1536 274 1599 fectus
288 1553 356 1598 est:
373 1535 428 1599 sed
444 1537 522 1622 quid
540 1536 681 1601 filiorum
697 1537 827 1601 minor?
840 1561 937 1625 quem
952 1562 1043 1626 paene
1057 1563 1218 1627 puerum,

147 1670 159 1693 ι
171 1637 398 1701 tantummodo
411 1638 499 1724 quod
515 1640 612 1725 patris
624 1640 760 1726 imperio
770 1662 844 1702 cum
857 1641 1007 1727 precibus
1023 1658 1053 1706 et
1064 1643 1219 1731 lacrymis

146 1762 281 1827 «pacem
305 1741 345 1802 ab
369 1741 432 1803 hoc
455 1742 587 1804 consule
610 1763 702 1804 orare
720 1742 892 1822 sustinuit,
911 1742 945 1804 in
969 1743 1087 1807 robore
1116 1767 1217 1808 neca-

146 1842 282 1904 «vistisl

188 1942 288 2005 LVll.
311 1975 323 1996 ιι
340 1942 429 2023 Quid
448 1944 499 2006 illa
518 1942 635 2006 deinde
653 1943 772 2008 civium
789 1966 1001 2007 romanorum
1020 1943 1135 2026 millia,
1155 1947 1216 2032 qui

145 2059 234 2107 «tam
253 2044 370 2131 cupide
387 2063 463 2106 sunt
480 2045 658 2125 interfecti,
674 2059 767 2107 utne
782 2044 922 2132 spatium
940 2043 1072 2131 quidem
1089 2061 1216 2133 cogno·

144 2145 278 2209 «scendi
295 2168 404 2208 causas
422 2147 569 2207 relietum
588 2145 705 2225 fuerit,
723 2145 848 2207 etiamsi
866 2144 1071 2231 propositum
1087 2143 1215 2208 adfuis-

144 2247 236 2311 sset?
252 2248 332 2329 Quae
350 2248 457 2309 omnia
475 2249 500 2308 si
517 2247 610 2324 jussu
628 2263 660 2309 et
675 2247 841 2309 voluntate
861 2260 991 2308 senatus
1010 2260 1099 2333 gesta
1113 2262 1215 2325 sunt,

143 2381 155 2405 a
167 2349 245 2435 quid
263 2349 386 2429 dicam,
405 2348 535 2410 nescio:
556 2348 604 2409 sin
622 2363 655 2410 et
669 2369 688 2409 a
703 2361 817 2409 natura
836 2345 1030 2423 hominum,
1048 2360 1081 2408 et
1098 2344 1140 2407 ab
1160 2345 1214 2408 of-

143 2481 154 2504 ι
168 2449 238 2512 ficio
256 2451 394 2528 civium,
411 2466 471 2511 eta
490 2449 645 2536 dignitate
659 2446 846 2535 amplissimi
862 2444 984 2508 ordinis
1001 2446 1214 2510 veliementer
1256 2493 1257 2496 ι

142 2551 365 2628 «abhorrent,
387 2573 446 2611 cur
463 2548 700 2639 ignoscuntur?
718 2571 777 2611 cur
795 2547 933 2610 istorum
952 2546 1106 2609 invidiam
1123 2548 1157 2609 in
1177 2571 1214 2612 se

141 2685 154 2707 ι
167 2652 325 2738 recipere,
345 2675 443 2738 quam
462 2652 494 2712 in
519 2652 553 2715 L.
576 2650 708 2737 Opimio
732 2649 870 2728 haerere,
891 2649 1024 2713 civitatis
1047 2649 1212 2737 principes

141 2754 316 2816 «maluntl
333 2777 391 2815 cur
413 2770 461 2815 tot
484 2753 604 2842 egregii
626 2752 709 2833 uiri,
736 2751 882 2815 maximis
906 2751 1018 2838 populi
1044 2749 1211 2816 beneficiis

141 2887 151 2903 ι
164 2857 233 2935 usi,
251 2854 367 2917 adestis
385 2856 461 2917 huie
479 2879 552 2934 reo,
571 2855 702 2933 lavetis,
718 2852 882 2935 studium,
899 2852 1053 2941 gratiam,
1069 2856 1211 2916 auctori·

142 2990 153 3010 ι
166 2973 285 3038 tatem,
309 2980 443 3035 vocem,
466 2954 742 3019 accommodatis?
768 2953 808 3017 ad
832 2976 890 3016 vos
915 2954 1003 3016 enim
1028 2953 1209 3017 orationem

140 3090 152 3110 ι
165 3081 269 3120 meam
285 3073 455 3134 consenc,
474 3073 569 3141 teque
587 3055 798 3135 nominatim,
813 3057 847 3117 C.
860 3055 984 3130 Carbo,
1002 3078 1100 3143 quem
1116 3057 1211 3142 equi·

141 3159 238 3222 «dem
260 3160 292 3220 in
312 3158 380 3220 istis
404 3157 563 3219 subselliis
583 3156 727 3243 conspici
745 3156 861 3235 miror,
883 3172 920 3219 ut
945 3179 1073 3220 causam
1093 3158 1210 3245 populi

139 3292 150 3314 «
163 3260 277 3323 consul
293 3280 478 3343 oppugnes,
495 3278 592 3343 quam
607 3256 760 3319 tribunus
776 3257 909 3331 acriter,
927 3280 987 3323 nec
1003 3257 1072 3319 sine
1088 3257 1210 3345 gloria,

139 3393 152 3417 ιι
164 3359 349 3424 delendisti.
365 3389 377 3410 »

182 3460 296 3523 LVlll.
322 3461 434 3539 Quum
449 3458 518 3520 hacc
536 3475 634 3546 atque
652 3460 726 3523 talia
741 3459 843 3523 homo
864 3459 998 3527 minime
1014 3459 1119 3523 infans
1137 3475 1209 3524 tur-

139 3563 271 3626 bulenta
297 3561 443 3623 oratione
464 3560 612 3641 jecisset,
635 3562 670 3625 C.
692 3560 798 3624 Carbo
823 3561 957 3639 consul,
979 3560 1123 3647 optimus
1146 3559 1210 3623 illis

138 3663 338 3749 temporibus
358 3679 534 3749 patronus,
551 3663 598 3725 rei
617 3662 840 3730 defensionem
860 3685 974 3726 orsus:
993 3664 1136 3744 «Recte,
1154 3663 1207 3725 in·

137 3764 248 3851 «quit,
264 3765 298 3826 P.
312 3765 407 3841 Deci,
421 3764 604 3827 tribunatus
620 3787 671 3829 me
688 3763 896 3831 admonuisti.
912 3764 995 3827 Nam
1009 3781 1041 3827 et
1056 3786 1118 3854 ego
1135 3779 1208 3828 tum

137 3866 254 3928 «annis
279 3882 310 3927 et
329 3865 452 3943 judicio
480 3864 657 3947 infirmior,
680 3864 796 3930 eodem
822 3888 912 3952 poeue
939 3864 1055 3947 modo,
1079 3881 1208 3952 quotu

137 3989 248 4028 «nunc
272 3967 375 4028 facere
399 3989 567 4053 aggressus
589 3989 642 4046 es,
660 3987 865 4053 percausam
892 3966 1078 4054 gracchanae
1097 3969 1207 4048 necis,

136 4100 149 4125 a
161 4069 262 4131 multa
279 4068 357 4130 mihi
372 4068 404 4128 in
420 4069 547 4130 civitate
561 4066 722 4133 turbanda
739 4089 807 4130 esse
821 4067 1055 4131 existimabam.
1070 4066 1134 4131 Sed
1148 4067 1208 4131 ubi

134 4201 147 4225 ιι
159 4194 272 4233 omnes
292 4186 420 4232 nostros
438 4169 619 4256 principes,
639 4169 696 4256 qui
714 4168 804 4234 domi
820 4169 964 4255 forisque
980 4168 1206 4256 praestantissi-

134 4300 146 4322 «
159 4294 242 4333 mam
255 4270 439 4358 reipublicae
452 4293 584 4355 operam
595 4286 805 4351 navaverunt,
816 4271 989 4358 ipsumque
1001 4270 1084 4337 adeo
1095 4272 1132 4343 P.
1143 4271 1209 4338 Sci-

167 4462 183 4524 §
202 4465 275 4511 LVll.
288 4463 340 4507 Lir.
359 4463 407 4507 [Π.
426 4462 464 4505 16.
480 4487 514 4495 —-
527 4461 599 4507 Oros.
