2594 4980
278 693 330 761 IN
360 692 471 760 LOC.
497 692 590 760 LIB.
618 694 744 761 XLIX
775 694 987 765 LIVIANI.
1101 702 1165 768 103

135 814 248 881 belant:
263 811 383 905 deinde
400 813 457 877 ubi
477 810 592 880 llexere
607 815 714 894 sinus,
731 828 764 877 et
778 815 844 893 jam
861 816 895 877 in
912 833 1086 905 conspectu
1104 818 1169 880 llo·

139 936 274 978 nanonrm
283 931 391 995 erant,
402 915 525 978 sulfure
539 938 576 978 ac
591 915 662 1002 pice
672 914 836 1002 perfusas,
849 916 923 1003 igne
935 916 1052 996 injecto
1063 919 1168 981 ventis

139 1017 326 1102 permiserunt.
342 1019 448 1103 Atque
463 1016 523 1080 illoe
538 1017 685 1079 velorum
700 1032 733 1079 et
748 1014 884 1080 flammae
900 1016 1025 1103 impetu
1042 1020 1077 1080 in
1090 1019 1169 1091 clas-

140 1119 362 1181 senllomanam
373 1132 542 1180 momento
552 1116 679 1198 delatae,
690 1139 757 1180 non
768 1117 811 1180 ita
820 1117 930 1181 multis
938 1118 1169 1205 effugientibus

141 1216 250 1299 natibus,
259 1236 386 1283 caeteras
397 1234 600 1280 exusserunt.
610 1219 746 1305 Jamque
760 1218 967 1281 comitiorum
978 1232 1107 1305 tempus
1120 1221 1170 1282 in·

141 1316 234 1382 stabat:
247 1340 387 1406 quorum
397 1340 493 1381 causa
509 1320 714 1406 prolecturus
728 1316 865 1384 domurn
882 1319 997 1382 consul
1011 1320 1168 1405 Marcius,

142 1438 216 1502 quant
229 1419 326 1483 obiter
342 1419 501 1483 maritima
518 1420 587 1482 loca
600 1436 723 1484 vastare
740 1419 852 1498 vellet,
870 1419 997 1482 nullum
1013 1422 1169 1484 memoria

141 1512 241 1603 dignun
254 1535 405 1585 arentum
421 1520 552 1601 habuit,
570 1520 633 1584 nisi
648 1519 739 1608 quod
746 1519 954 1608 AEgimurum
968 1520 1072 1606 (inter
1090 1522 1169 1586 Sici-

142 1612 195 1678 liam
207 1634 232 1681 et
245 1621 383 1684 Africam
397 1621 503 1684 insula
519 1622 583 1708 est)
597 1637 839 1712 praetervectus,
857 1621 975 1689 deinde
991 1623 1101 1688 subito
1116 1646 1168 1688 re·

141 1735 236 1803 tenus,
248 1722 280 1785 in
293 1738 486 1810 potestatem
503 1723 639 1812 redegit.

171 1816 245 1885 XLV.
260 1821 322 1886 Sed
338 1824 637 1913 Carthaginienses,
655 1823 798 1887 discessu
811 1824 940 1888 alterius
959 1825 1102 1889 consulis
1116 1824 1167 1889 di·

140 1916 240 1985 midiato
256 1922 389 2004 timore,
411 1926 580 1989 Manilium
600 1927 705 1989 acrius
726 1925 944 2013 audaciusque
960 1926 1164 1991 infestabant.
1194 1950 1199 1960 ·
1265 1940 1269 1947 '

139 2014 218 2082 Semel
230 2039 324 2089 noctu
341 2025 421 2086 lacta
442 2027 627 2112 eruptione,
648 2027 767 2091 fossam
791 2026 944 2090 adversus
964 2027 1166 2109 seductam,

140 2136 182 2203 ptr
196 2122 320 2204 tabulas,
337 2147 417 2212 quas
438 2148 513 2189 eum
530 2127 572 2192 ad
593 2151 689 2192 usum
710 2144 929 2217 portaverant,
953 2145 1167 2216 superarunt,

139 2215 283 2311 'illumque
298 2227 439 2314 aggressi
455 2244 532 2290 sunt
550 2229 738 2293 convellere.
758 2232 892 2318 Jamque
908 2231 943 2293 in
957 2253 1073 2318 magna
1089 2252 1168 2294 con·

138 2326 297 2391 wadone
306 2349 357 2390 res
376 2329 533 2392 exercitus
546 2346 653 2412 erant,
665 2346 763 2394 nocte
778 2332 956 2399 tumultum
968 2346 1124 2419 augente,
1136 2346 1168 2393 et

138 2436 250 2489 morante
261 2430 392 2492 consilia
404 2452 441 2493 ac
451 2430 601 2517 imperia,
616 2453 719 2518 quum
734 2431 770 2495 P.
782 2431 900 2518 Scipio,
914 2454 989 2495 cum
1005 2431 1169 2521 equitibus

139 2537 183 2603 ptr
198 2546 325 2593 aversam
348 2530 389 2594 ab
413 2531 506 2594 hoste
531 2546 657 2617 portam
687 2552 852 2618 egressus,
878 2547 1034 2594 terrorem
1059 2529 1168 2608 injecit

139 2614 237 2691 Pena:
254 2652 393 2716 quorum
410 2652 514 2719 quum
528 2631 615 2693 haud
632 2631 747 2717 pauci,
764 2630 902 2693 maxime
919 2653 958 2693 ex
973 2630 1167 2712 inermibus,

139 2722 305 2813 oeddissent,
322 2732 436 2819 reliqui
453 2731 658 2794 recessissent
674 2731 757 2792 intra
777 2751 906 2810 muros,
922 2730 958 2794 P.
977 2731 1083 2817 Scipio
1100 2753 1167 2795 ser·

138 2836 252 2895 ”tonant
272 2855 312 2897 eo
335 2848 481 2919 tempore
501 2847 680 2895 castrorum
709 2830 902 2918 praecipuam
928 2830 1063 2917 gloriam
1082 2831 1180 2894 tulit.'

138 2918 230 2994 Μαι·
241 2935 348 3020 praelio
360 2933 503 2996 timidior
514 2933 617 2996 factus
631 2932 747 2995 consul
761 2931 874 3010 majori
889 2931 1053 3020 diligentia
1067 2948 1168 2996 castra

138 3036 311 3117 communiit,
322 3038 394 3099 loco
404 3035 476 3098 valli
486 3056 582 3097 muro
593 3031 834 3113 circumducto,
845 3048 878 3095 et
888 3031 929 3095 ad
939 3055 1026 3096 marc
1040 3032 1168 3097 castello

139 3127 258 3233 eblato,
275 3138 366 3224 quod
384 3135 619 3225 appellentibus
642 3157 718 3198 curn
734 3156 865 3198 annona
886 3135 1041 3198 onerariis
1061 3135 1168 3222 praesi-

140 3217 208 3292 dum
221 3254 306 3301 esset.

172 3324 261 3401 xtvl.
276 3337 358 3402 Inde
373 3339 407 3400 in
423 3337 658 3401 mediterranea
673 3338 743 3401 loca
757 3338 899 3425 suscepit
913 3336 1170 3426 expeditionem,

138 3417 208 3529 illlis
223 3437 258 3501 ad
279 3439 344 3502 hoc
367 3438 478 3503 decern
500 3437 664 3526 peditum,
683 3438 816 3502 duobus
838 3438 988 3526 equitum
1009 3439 1169 3519 millibus,

139 3518 240 3617 'lllque
254 3563 311 3628 per
329 3564 423 3630 agros
445 3541 589 3604 hostiurn
612 3538 864 3627 populabundus
886 3562 893 3603 ε
916 3539 980 3603 hoc
1001 3539 1169 3619 instituto,

139 3635 166 3682 ut
178 3643 288 3715 quoties
306 3643 485 3730 lignatum,
509 3657 566 3705 aut
584 3641 788 3728 pabulatum,
807 3640 1081 3704 frumentatumve
1098 3662 1170 3729 pars

134 3728 273 3808 00Ρῗὶὶτυιιι
281 3745 494 3823 emitteretur,
504 3741 626 3806 tribuni
634 3741 790 3821 militum,
802 3762 859 3804 sua
868 3740 1005 3826 quisque
1014 3741 1172 3828 viceprae-

132 3834 229 3902 ΨΜ.
240 3844 275 3908 ld
284 3867 417 3932 quoque
429 3844 586 3931 Scipionis
598 3842 715 3907 lamam
728 3840 969 3929 comparatione
981 3857 1173 3904 caeterorum

152 3940 285 4034 ¹3³t1avit
306 3947 389 4008 Cum
413 3944 560 4008 Phamaea
576 3943 744 4031 negotium
763 3956 848 4020 erat,
866 3939 936 4002 viro
959 3955 1173 4027 perstrenuo,

121 4029 166 4123 lm
189 4052 276 4107 aetate
299 4060 333 4108 et
348 4043 480 4107 audacia
496 4059 683 4132 promptus,
707 4064 782 4105 cum
800 4041 892 4129 equis
912 4041 1017 4129 parvis
1035 4055 1068 4102 et
1090 4037 1172 4099 cele·

114 4112 223 4215 abus‚
238 4145 275 4208 ad
289 4148 409 4210 l'amem
430 4145 581 4231 sitimque
598 4142 763 4209 ferendam
782 4142 984 4218 assuefactis,
1001 4139 1028 4200 si
1045 4134 1174 4201 modico

137 4328 154 4392 5
166 4338 265 4406 ¹11v.
273 4361 381 4427 appan.
396 4387 431 4398 -
444 4361 497 4409 nv.
511 4360 576 4424 spa.
587 4388 623 4397 -
635 4362 722 4410 zarae.
735 4387 770 4398 -
784 4359 864 4408 sun.
878 4357 922 4405 rt.
934 4355 1025 4413 xvu,
1036 4370 1061 4418 p.
1074 4354 1164 4409 aaa*

101 4399 219 4480 lev·
231 4441 281 4492 Liv.
294 4446 360 4511 Epir.
377 4471 415 4484 ·-
432 4444 540 4509 Appian.
556 4470 591 4480 -
607 4446 693 4492 Zonn.
791 4452 792 4456 ’
