2594 4980
138 751 208 838 504
297 756 363 821 JO.
391 753 751 823 FREINSHEMII
776 752 1035 825 SUPPLEst

132 875 342 966 expugnatis,
362 897 466 962 quum
483 889 590 936 tamen
604 862 852 962 prnvatentcm
866 873 928 939 alia
941 872 1143 964 Iugurtham
1161 892 1221 943 at-

134 978 260 1043 trahere
280 977 494 1065 nequivisset,
518 978 655 1063 Capsam
673 974 878 1069 aggreditur,
896 976 1053 1065 frequens
1071 974 1219 1059 incolis,

134 1100 167 1149 et
184 1099 300 1148 natura
318 1081 380 1144 loci
400 1080 657 1145 munitissimum
672 1078 853 1179 oppidum,
876 1078 936 1143 ubi
956 1077 1132 1143 thesaurus
1150 1078 1218 1143 ba·

132 1172 210 1249 bere
236 1182 397 1273 Iugurtha
425 1197 659 1265 consueverat,
684 1168 914 1247 benevolentia
943 1177 1217 1271 oppidanorum,

131 1308 215 1374 quos
237 1286 420 1363 immunes,
436 1283 534 1347 leni
526 1282 684 1372 tmperIo,
708 1298 751 1349 ct·
765 1281 811 1346 ob
829 1304 868 1347 ea
888 1278 986 1345 lidos
994 1296 1127 1370 semper
1149 1278 1217 1347 bn·

133 1388 262 1468 buerit,
279 1384 337 1450 sed
355 1384 457 1474 magis
476 1385 625 1448 locorum
640 1384 822 1475 aipcritate·
818 1368 984 1449 conlisus.
1049 1408 1052 1413 ·
1154 1404 1157 1409 ·
1290 1403 1295 1411 ’

175 1486 301 1551 XVIII.
319 1486 403 1550 Nam
423 1486 458 1548 in
477 1484 593 1551 mediis
611 1486 731 1553 Africis
747 1484 981 1553 solitudinibus
999 1484 1164 1574 Capsam,
1185 1487 1216 1551 si

131 1611 207 1653 vcra
219 1589 306 1653 fama
322 1602 388 1668 est,
406 1586 546 1675 Libycus
561 1587 719 1655 Hercules
733 1585 943 1669 condiderat,
959 1608 1088 1653 moeno
1101 1586 1214 1675 ipsam

132 1693 223 1775 loco;
239 1689 297 1754 sed
313 1688 402 1753 haud
421 1689 537 1776 procul
552 1688 664 1754 omnia
680 1688 859 1757 horrebant
874 1689 1016 1772 incatltu,
1032 1687 1215 1779 uenisque

130 1808 163 1857 et
182 1790 389 1879 serpentibus
407 1790 524 1854 infesta
542 1806 644 1857 erant.
662 1790 772 1857 Tanto
790 1791 898 1857 acrior
919 1790 1036 1857 lubido
1055 1790 1214 1881 capiendi

131 1891 291 1981 oppidum
315 1892 442 1955 consuli
464 1892 657 1974 incesserat,
677 1892 769 1982 quod
789 1894 940 1959 Metellus
961 1893 1096 1959 Thalam
1115 1892 1212 1960 baud

131 1993 279 2058 dissimili
302 1994 368 2057 situ
385 1995 522 2081 cepisset
541 2017 549 2057 ι
575 1993 638 2058 nisi
656 1991 874 2082 quodiThalae
892 1995 1079 2085 propinqua
1095 1992 1212 2063 fontes

129 2095 309 2177 habebant;
324 2097 520 2182 Capsenses,
536 2093 634 2159 aridis
652 2095 738 2165 ciros
753 2096 926 2179 omuibus,
942 2113 976 2163 et
990 2118 1060 2162 uno
1073 2110 1211 2163 taum

128 2199 214 2261 intra
230 2196 347 2260 moenia
363 2195 473 2278 fonte,
493 2196 688 2284 plerumque
703 2194 790 2286 'rqua
807 2197 917 2286 pluvia
932 2197 1131 2263 utebantur.¹
1141 2196 1211 2263 Sed

128 2300 187 2363 has
200 2299 341 2384 aliasque
354 2296 558 2361 difficultates
569 2297 692 2379 Marius
702 2298 839 2364 oonsilio
851 2315 885 2363 et
898 2297 1058 2363 industria
1069 2298 1211 2388 supara-¹

129 2415 240 2465 verat:
265 2398 416 2462 simulato
440 2399 527 2460 enirn
551 2397 669 2463 itincre
692 2397 735 2464 u'd
759 2398 920 2488 oppidum
939 2399 1047 2476 Latis,
1070 2420 1142 2487 quo
1161 2398 1210 2465 'ad

129 2503 248 2567 famam
265 2499 423 2564 adventus
442 2500 493 2562 sui
509 2497 724 2589 spargendam
739 2500 777 2565 Α
788 2500 949 2565 Manlium
963 2500 1109 2614 legantur
1126 2500 1209 2565 cum

129 2603 286 2693 expeditis
304 2601 497 2665 cohortibus
518 2601 735 2689 praemiserat,
753 2600 851 2690 longe
872 2601 933 2666 alia
954 2600 1006 2664 ria
1025 2600 1210 2666 exercitum

130 2709 267 2793 Capsam
282 2725 395 2766 versus
411 2701 554 2765 ducere
544 2701 704 2786 instituit,
720 2725 794 2792 qtrte
809 2702 850 2767 ab
865 2724 907 2768 eo
919 2703 994 2767 loeo
1013 2701 1112 2767 millia
1129 2724 1208 2791 pas·

129 2829 226 2871 suum
245 2805 346 2870 ferme
365 2820 498 2868 centum
517 2803 686 2893 octoginta
700 2804 821 2871 aberat.

172 2908 263 2973 XIX.
290 2908 451 2971 Caeterum
474 2929 626 2996 magnam
645 2907 713 2973 rim
733 2907 860 2997 pecoris
882 2929 943 2995 per
963 2906 1091 2995 equites
1111 2906 1211 2971 auxi·

25 3062 29 3077 .
130 3013 222 3076 liares
241 3032 352 3075 secum
372 3032 486 3100 agens,
506 3008 600 3092 inde,
620 3009 712 3099 quod
733 3011 810 3077 satis
833 3024 936 3091 esset,
960 3030 1020 3098 per
1039 3006 1209 3073 centrariaa

129 3129 319 3200 turmasque
339 3111 487 3200 quotidie
508 3111 751 3177 distribuebat:
771 3130 841 3201 quo
857 3111 956 3176 simul
976 3109 1124 3175 alebatur
1139 3109 1208 3175 mi·

130 3218 190 3298 les,
212 3214 309 3279 simul
333 3238 372 3279 ex
396 3215 491 3278 coriis
512 3235 670 3279 numerus
694 3215 810 3303 ingens
835 3213 959 3279 utrium
981 3211 1023 3277 sd
1045 3202 1208 3279 instantes

129 3338 208 3381 usus
224 3313 330 3379 fiebat.
348 3316 435 3402 Ergo
456 3313 513 3376 ubi
530 3330 622 3378 sexto
636 3312 749 3380 dicad
768 3312 909 3396 flumen,
927 3311 1018 3404 quod
1037 3335 1078 3378 eo
1094 3312 1131 3377 in
1147 3312 1208 3379 iti·'

131 3439 209 3480 nere
230 3431 298 3480 erat
306 3430 525 3502 ,perventum
547 3430 596 3479 est
603 3414 804 3505 ,quiescere
827 3438 922 3497 suos,
944 3415 1085 3503 ciboque
1104 3428 1208 3502 tapso

129 3519 260 3608 signum
273 3513 500 3605 proficiscendi
517 3531 718 3605 exspectare,
731 3516 836 3597 jubet
856 3517 924 3582 Sub
939 3533 1069 3583 noctem
1081 3512 1208 3581 deinde

130 3619 252 3684 stativis
266 3638 428 3706 egressus,
444 3634 605 3703 quantum
618 3642 678 3709 per
689 3620 839 3685 tenebras
851 3636 976 3708 potest,
988 3618 1112 3683 itineris
1122 3638 1208 3683 con·

131 3721 218 3801 ficit,
232 3735 305 3783 orto
321 3717 389 3781 sole
406 3735 508 3783 castra
523 3720 734 3788 muniuntur:
749 3737 824 3812 post
839 3722 958 3787 iterum
974 3735 1077 3785 noctu
1091 3719 1206 3811 pergi·

129 3840 198 3904 tur,
216 3820 285 3884 dies
305 3817 400 3882 datur
419 3821 541 3907 quieti:
562 3822 609 3888 sic
628 3823 723 3889 tertia
745 3838 843 3888 nocte
860 3824 966 3888 multo
983 3820 1206 3904 antelucani,

130 3923 261 3988 duobus
277 3919 366 3984 haud
383 3923 521 4010 amplius
533 3948 551 3988 a
562 3925 666 4013 Capsa
679 3925 839 4007 millibus,
855 3923 1046 3989 occultate
1036 3936 1124 3987 mter
1136 3921 1208 3989 ool-

130 4025 175 4087 les
185 4022 287 4112 copiae
298 4044 463 4111 egressum
476 4024 716 4112 oppidanorum
725 4025 1004 4116 prestolabantur.
1019 4026 1128 4112 Atque
1138 4022 1205 4107 illi,

128 4126 226 4190 simul
241 4124 362 4207 illuxit,
381 4149 491 4189 rerum
510 4127 659 4191 omniurn
677 4128 802 4218 ignari,
824 4150 928 4216 quum
944 4149 1007 4217 pro
1020 4130 1207 4191 consuetud
1240 4132 1243 4139 '

127 4225 204 4290 dine
223 4224 265 4288 ad
283 4248 340 4290 sua
361 4226 499 4313 quisquc
519 4228 648 4316 negotia
664 4228 851 4311 tenderent,
868 4228 984 4294 consul
1001 4226 1206 4317 equitatum,

162 4439 178 4505 s
195 4440 784 4509 xv11.v01.Max.vr,9.-vell,11,s.-
800 4444 900 4497 Sallust.
919 4474 954 4485 ..-
972 4447 1102 4515 §XVHL
1116 4446 1204 4497 sub,

124 4528 167 4577 lib.
181 4526 263 4574 nvn.
278 4552 312 4561 ·-
329 4527 400 4574 Oros.
410 4529 441 4587 V,
458 4530 496 4577 15.
515 4557 549 4566 -
568 4528 665 4580 Sallus,
678 4556 714 4569 ...
731 4530 797 4580 Flos,
812 4532 861 4590 111,
876 4546 899 4579 1.
1197 4554 1201 4559 .
