2594 4980
320 114 376 179 {N
410 115 518 178 troc
546 115 635 177 mu
664 114 714 179 m
748 117 963 182 mitam.
1124 127 1184 216 'lt

154 235 231 295 XX.
250 235 364 296 Prinn
380 233 496 296 deiude
513 236 584 296 luce
602 235 897 321 (Jartlmginimrscs,
914 254 1000 298 metu
1021 241 1185 306 lrostilimn

109 335 344 399 machinarum
362 336 474 413 soluti,
492 336 602 401 ruinas
619 337 703 400 muri
718 337 918 419 refecerunt,
931 339 1076 408 turribus
1090 348 1186 409 etiam

110 438 145 501 iu
158 462 202 503 eo
216 438 333 507 nidos
347 461 407 527 per
421 439 584 504 intervalla
598 438 752 503 excitatis.
764 438 928 504 Adversus
941 463 1020 526 quas
1033 445 1189 530 Romani,

110 540 333 628 simulatque
349 562 450 609 noras
468 540 633 611 machinas
648 541 897 622 fabricaverant,
916 544 1088 631 aggeribus
1103 564 1190 613 stru·

112 642 196 727 ctis,
208 641 298 711 faces
312 641 392 709 iude
405 659 439 706 et
451 643 546 731 plena
559 644 631 732 pice
642 666 680 708 ac
693 642 849 731 sulphure
860 645 988 708 vascula
1000 644 1035 709 in
1050 646 1191 719 tabulata

115 746 262 811 turrium
276 744 524 827 jaculabantur:
541 746 585 813 ita
602 746 712 817 multis
730 744 876 833 partibus
894 748 1027 811 materia
1041 752 1191 839 concepit

116 847 249 936 ignem;
261 847 481 935 Romanisque
498 847 582 910 inter
598 845 741 910 flammas
755 847 1031 935 irrumpentibus,
1042 867 1190 938 superate

117 949 256 1037 gemisse
281 949 426 1037 periculo
454 966 736 1039 propugnatorum
765 951 945 1014 constantia
971 953 1090 1017 cessit:
1115 954 1191 1044 fuga

119 1067 232 1121 tamen
245 1051 391 1117 securior
403 1050 486 1133 fuit,
503 1050 593 1139 quod
606 1052 784 1123 victoribus
796 1075 854 1143 per
868 1054 955 1134 loca,
972 1077 1062 1143 quac,
1075 1056 1191 1131 iisdem

118 1151 239 1219 diebus
252 1153 368 1242 sepius
382 1176 500 1219 cruore
512 1153 658 1243 perfusa,
671 1153 854 1223 lubricitate
868 1154 1022 1221 fallebant
1037 1156 1193 1245 gradum,

121 1255 234 1321 minor
251 1254 404 1321 cturendi
422 1256 553 1323 facilitas
570 1255 643 1321 fuit.
663 1256 807 1336 Consul,
824 1271 894 1319 toto
913 1278 1030 1344 aggere
1051 1258 1194 1345 potitus,

122 1379 257 1427 metrum
286 1379 326 1423 ex
357 1355 492 1423 adverso
509 1358 681 1425 -moenium
711 1357 818 1439 urbis,
841 1381 909 1422 non
936 1358 1036 1447 longo
1060 1360 1102 1423 ab
1131 1361 1193 1425 illis

122 1458 313 1539 intervallo,
337 1479 444 1545 neque
468 1458 672 1541 breviorem,
698 1482 796 1547 quam
825 1460 878 1525 illa
904 1474 1013 1542 erant,
1040 1461 1194 1533 lateribus

122 1559 259 1642 sanxit,
272 1560 458 1647 fossamque
472 1577 548 1623 ante
566 1585 698 1621 murum
715 1560 843 1636 objecit.
862 1560 912 1619 Ibi
931 1559 1116 1644 praesidium
1133 1564 1196 1637 im.

123 1662 252 1751 posuit,
267 1677 410 1749 quatuor
423 1660 639 1741 jaculaturun
654 1675 751 1746 atque
765 1657 899 1727 velitum
916 1658 1033 1729 millia:
1049 1662 1105 1749 qui
1122 1685 1197 1737 con-

125 1765 220 1829 tinuo
235 1763 358 1830 moenia
376 1760 520 1825 hostium
538 1761 764 1840 observantes,
790 1759 889 1830 simul
906 1782 1060 1847 apparere
1079 1786 1195 1849 quem.

125 1887 226 1953 quam
241 1863 278 1926 in
293 1862 359 1927 illis
371 1858 535 1943 viderant,
552 1878 591 1931 ut
605 1861 646 1927 ab
663 1861 777 1948 aequali
790 1858 977 1942 altitudine,
997 1884 1065 1925 non
1076 1863 1196 1937 frustra

126 1964 292 2053 petebant.
318 1966 425 2049 Atque
450 1962 626 2032 internam
648 1963 750 2027 ferme
773 1983 892 2049 opera,
912 1961 1036 2049 basque
1054 1987 1197 2055 pugnas,

127 2068 175 2133 illa
191 2082 286 2133 etam
304 2063 479 2153 praeteriit
1116 2125 1132 2153 ο

167 2168 261 2235 xxi.
281 2166 424 2245 Consul,
441 2165 616 2252 compulsis
633 2165 717 2227 intra
736 2162 933 2227 munitiones
950 2164 1198 2253 Carthaginien·

129 2270 238 2352 sibus„
258 2290 364 2356 quum
389 2265 578 2353 eruptiones
605 2264 736 2335 illorum
764 2265 873 2337 mimis
898 2262 964 2341 jam
993 2265 1197 2350 frequentes,

130 2374 306 2460 minusque
323 2366 490 2437 timendas,
505 2367 660 2455 operibus
682 2382 716 2429 et
737 2365 835 2435 armis
858 2364 1034 2446 effecisset,
1054 2387 1096 2429 ne
1113 2367 1198 2433 otio·

130 2494 197 2539 mm
207 2474 244 2539 in
257 2471 372 2537 metris
380 2468 514 2539 militem
526 2482 701 2556 pateretur,
711 2466 816 2531 donee
829 2482 957 2552 tempus
968 2466 1047 2531 anni
1058 2465 1198 2551 sinebat,

129 2572 276 2659 presidia
290 2571 426 2661 punita,
442 2593 513 2659 quas
529 2569 646 2658 passim
665 2567 772 2641 adhuc
789 2590 848 2656 per
861 2567 1004 2633 Africam
1021 2585 1128 2651 erant,
1143 2593 1199 2635 ex·

127 2696 291 2768 pugnare,
302 2695 501 2761 omnemque
515 2693 604 2761 spem
618 2671 812 2741 auxiliorum
827 2668 966 2733 obsessis
979 2667 1122 2741 adimere
1133 2686 1199 2737 stae

125 2780 198 2842 tuit.
215 2775 368 2841 Dimissis
379 2773 478 2862 igitur
488 2773 575 2838 varia
586 2773 620 2843 in
632 2773 720 2853 loca,
732 2794 808 2837 cum
822 2771 940 2847 idonea
956 2793 1075 2859 manu,
1088 2773 1199 2863 legatis

121 2878 353 2966 tribunisque,
369 2875 438 2963 ipse
453 2875 649 2963 Nepherim,
665 2874 791 2941 celebre
806 2872 898 2939 irrito
913 2873 1060 2960 priorum
1077 2873 1200 2941 ducum

113 2996 248 3045 mnam
267 2976 443 3066 oppidum,
460 2975 693 3065 proficiscitur,
709 2976 763 3040 cui
780 2997 839 3064 per
856 2974 1035 3041 absentiam
1054 2975 1201 3057 Hasdru·

114 3076 207 3149 belis
225 3079 360 3167 Bithyas
381 3095 540 3167 preerat:
566 3080 600 3144 in
622 3076 816 3167 quibusdam
835 3076 1001 3165 praefuisse
1018 3077 1199 3166 Diogenem

112 3182 283 3249 invenio:
303 3179 394 3268 quod
416 3181 492 3268 quia
516 3181 664 3270 ignotum
684 3180 816 3253 aliunde
834 3202 956 3244 nomen
977 3195 1026 3246 est
1042 3203 1082 3245 eo
1098 3181 1202 3265 bello,

114 3282 289 3351 inclinare
314 3304 432 3371 cogor,
458 3299 494 3349 ut
520 3282 586 3349 boc
613 3282 751 3353 alterum
781 3305 904 3355 nomen
931 3282 1056 3369 Bithyae,
1081 3282 1200 3364 fuerit,

115 3380 412 3474 quemadmodum
431 3406 490 3472 per
507 3407 544 3448 ea
566 3400 712 3472 tempora
730 3383 853 3471 duplici
871 3384 1004 3447 nomine
1021 3382 1202 3451 celebratus

118 3484 275 3553 Himilco
300 3483 465 3549 Phameae
492 3486 564 3551 filit.
592 3487 665 3557 Huc
689 3486 758 3572 ipse
786 3485 921 3549 mribus
948 3504 1006 3572 per
1028 3501 1202 3572 stagnum,

123 3588 171 3651 C.
186 3585 284 3653 Laelio
309 3586 453 3651 terrestri
477 3587 594 3657 itinere
616 3586 859 3668 circummisso,
878 3609 982 3673 quum
1002 3584 1203 3664 advenisset,

128 3703 235 3750 castra
254 3686 296 3751 ad
319 3701 451 3751 centum
473 3688 706 3776 quinquaginta
728 3710 838 3774 passus
864 3687 905 3749 nb
930 3685 1023 3748 hoste
1048 3701 1202 3768 metatus,

169 3877 189 3939 S
202 3883 257 3928 XX.
272 3882 381 3946 Appian.

993 3993 1002 4036 l
1012 3993 1034 4035 0
1045 4021 1052 4035 .
