2594 4980
300 763 354 831 IN
384 761 499 828 LOC.
525 762 620 828 LIB.
647 761 772 829 LXVI
800 762 1015 832 LIVIANI.
1118 760 1183 835 501

167 885 225 946 Xl.
242 914 255 937 a
267 883 371 971 Igitur
381 896 414 944 et
426 903 487 969 pro
497 872 595 945 causa¹
603 880 741 945 dicenda
757 880 838 943 mihi
852 881 1000 968 quaedam
1014 883 1123 966 video,
1140 902 1187 969 et,

122 983 186 1048 «de
203 982 258 1046 illo
275 1006 335 1046 cur
353 982 454 1045 nolim
472 981 599 1058 dicere,
615 981 846 1075 exponendum
864 1000 922 1047 est.
941 984 1023 1049 Nam
1042 987 1132 1073 quod
1147 987 1189 1053 ad

122 1087 237 1148 «illum
251 1086 384 1166 attinet,
400 1085 561 1165 Quirites,
575 1085 731 1171 quoniam
746 1106 780 1147 se
794 1085 985 1172 ampliorem
999 1103 1091 1176 putat
1104 1110 1190 1173 esse,

122 1289 286 1352 «amicum
303 1289 442 1376 recipio,
462 1310 570 1374 neque
595 1287 765 1351 inimicum
789 1287 944 1374 respicio,
967 1289 1001 1351 in
1027 1311 1102 1352 eum
1128 1312 1189 1380 ego

121 1413 211 1454 «non
233 1392 327 1477 plura
354 1389 511 1453 dicturus.
538 1388 621 1452 Nam
647 1411 723 1452 eum
746 1387 1009 1477 indignissimum
1032 1388 1190 1473 arbitror,

121 1491 197 1554 «cui
213 1513 231 1553 a
248 1491 324 1553 viris
340 1490 436 1553 bonis
453 1488 537 1553 bene
553 1488 696 1571 dicatur3
715 1505 785 1554 tum
802 1512 844 1553 ne
860 1489 1017 1554 idoneum
1035 1489 1189 1578 quidem,

122 1591 197 1654 «cui
209 1614 228 1652 a
240 1590 351 1678 probis
369 1590 452 1653 male
470 1588 606 1655 dicatur.
624 1591 708 1656 Nam
726 1592 754 1654 si
770 1591 804 1654 in
817 1613 857 1654 eo
872 1606 1020 1679 tempore
1036 1592 1189 1673 hujusce·

120 1691 233 1755 «modi
255 1691 495 1755 homunculum
519 1692 686 1773 nomines,
704 1693 738 1755 in
758 1715 826 1781 quo
841 1693 959 1780 punire
975 1715 1044 1757 non
1062 1695 1188 1782 possis,

119 1794 261 1874 «majore
277 1795 422 1874 honore,
443 1816 541 1881 quam
559 1795 774 1876 contumelia,
795 1792 925 1859 afficias.
942 1796 1055 1859 Restat
1071 1797 1188 1885 igitur,

119 1928 130 1950 «ι
141 1913 180 1960 ut
194 1895 235 1961 de
252 1897 419 1983 triumpho
433 1897 543 1985 paucis
560 1895 715 1960 disseram
738 1919 746 1961 τ
767 1895 866 1983 idque
881 1897 1007 1984 ipsum,
1025 1920 1130 1985 quum
1147 1898 1190 1963 sit

119 2000 176 2061 «in
191 2014 306 2063 senatu
324 2000 445 2062 factum
463 1998 666 2085 plenissime,
683 2021 800 2085 resque
818 1996 949 2061 decreto
961 1998 1095 2063 Patrum
1109 2022 1191 2064 con·

120 2097 287 2180 «firmata,
301 2122 370 2163 non
383 2100 427 2162 ita
442 2097 483 2162 de
499 2121 536 2162 ca
551 2099 685 2187 loquar,
704 2116 861 2186 tanquam
877 2116 934 2162 aut
947 2116 1092 2164 vestrum
1105 2099 1190 2181 judi·

121 2201 232 2264 «cium
254 2200 414 2265 derebus
438 2201 517 2264 meis
541 2203 768 2281 extimescam,
791 2202 968 2266 autetiam
993 2224 1121 2284 verear,
1148 2224 1190 2268 ne

121 2320 274 2366 «senatus
288 2303 515 2366 auctoritatem
532 2325 600 2366 non
616 2302 808 2390 sequamini.

163 2405 238 2468 XII.
260 2404 379 2467 «Multi
396 2405 475 2467 olim
496 2404 666 2469 clarissimi
680 2404 760 2486 viri,
778 2427 817 2468 ex
836 2404 985 2467 maximis
998 2402 1107 2487 bellis,
1125 2427 1189 2469 nu·

119 2526 201 2592 «per
216 2506 312 2569 etiam
330 2505 425 2568 multi
443 2504 540 2569 rebus
557 2504 648 2569 haud
659 2507 702 2568 ita
716 2506 841 2594 magnis
854 2505 995 2581 effectis,
1010 2506 1190 2595 triumpha·

118 2636 131 2658 «
142 2623 229 2669 runt.
244 2608 368 2669 Eorum
380 2605 548 2678 nonnullis
558 2606 778 2669 controversia
788 2603 830 2669 de
840 2605 913 2684 jure
925 2605 1085 2693 triumphi
1100 2622 1189 2671 mota

118 2723 203 2787 «est,
214 2706 380 2770 interdum
391 2729 450 2794 per
462 2706 676 2786 calumniam,
688 2728 789 2792 saepe,
799 2705 877 2791 quia
888 2704 1071 2792 probabiles
1085 2728 1189 2771 cause

119 2835 132 2857 «ι
143 2822 251 2885 erant,
267 2828 325 2868 cur
344 2803 511 2894 negandus
526 2805 588 2868 illis
603 2820 712 2867 tantus
728 2806 835 2869 honos
855 2803 1030 2870 videretur.
1051 2807 1087 2871 P.
1102 2809 1189 2873 Afri-

119 2937 132 2958 «
142 2928 224 2967 cano
244 2921 318 2994 post
334 2920 538 2994 recuperatas
557 2905 743 2992 Hispanias,
757 2905 803 2969 Μ.
816 2904 969 2968 Marcello
988 2921 1064 2994 post
1079 2924 1187 2996 captas

119 3006 331 3094 «Syracusas,
346 3008 381 3070 L.
395 3006 535 3070 Lentulo
549 3020 624 3093 post
634 3027 685 3068 res
701 3006 735 3069 iu
750 3006 905 3093 Hispania
918 3021 1038 3096 gestas,
1053 3025 1187 3099 negatus

119 3109 326 3196 «triumphus
338 3125 404 3190 est;
415 3107 493 3196 quia
504 3107 663 3188 majorum
675 3106 822 3170 moribus
836 3107 987 3195 ignotum
999 3122 1083 3190 erat,
1099 3131 1186 3192 eum,

118 3213 199 3298 «qui
211 3233 319 3298 neque
337 3209 493 3292 dictator,
510 3230 619 3296 neque
637 3208 772 3289 consul,
791 3229 899 3301 neque
910 3223 1031 3296 praetor
1046 3230 1097 3273 res
1113 3232 1187 3299 ges·

117 3316 253 3395 «sisset,
278 3313 489 3401 triumphare.
516 3312 595 3376 Aliis
617 3311 783 3390 objectum
805 3325 876 3386 est,
902 3309 946 3373 ob
971 3310 1053 3374 levia
1078 3311 1187 3399 praelia

118 3413 344 3502 «triumphum
369 3437 425 3477 eos
444 3430 554 3502 petere
577 3437 585 3478 ε
606 3413 790 3492 nonnullis,
812 3427 850 3474 ut
876 3411 918 3493 Q.
934 3411 1051 3476 Fulvio
1075 3415 1187 3501 Capua

118 3530 248 3601 «capta,
268 3529 305 3576 ut
322 3515 359 3578 L.
376 3514 509 3603 Opimio
528 3536 635 3602 nuper
652 3514 804 3603 Fregellis
824 3513 979 3601 receptis,
1004 3513 1095 3600 quod
1113 3530 1186 3579 tan·

119 3630 213 3677 «tum
238 3631 485 3701 recuperassent
508 3616 642 3694 amissa,
670 3614 752 3678 nihil
775 3636 868 3677 novae
890 3611 1024 3677 ditionis
1046 3615 1186 3703 imperio

118 3714 253 3801 apopuli
267 3715 394 3777 romani
407 3715 608 3795 adjecissent.
624 3716 660 3778 L.
672 3714 848 3793 Manlium,
859 3713 951 3778 victis
965 3714 1185 3804 Gallograecis,

117 3837 198 3902 «per
213 3814 299 3877 illam
317 3837 446 3879 causam
460 3817 615 3904 repellere
631 3815 754 3877 inimici
766 3812 983 3903 studuerunt,
997 3815 1087 3902 quod
1099 3817 1185 3881 illius

116 3949 128 3972 «
140 3917 235 4004 culpa
254 3915 375 3979 multos
400 3916 521 4003 perisse
544 3939 697 3980 romanos
723 3913 864 3994 milites,
886 3915 1040 4002 virosque
1060 3915 1185 4002 aliquot

116 4018 303 4105 «egregios,
325 4014 489 4097 dicerent,
504 4015 661 4104 quodque
674 4015 804 4104 populis
816 4015 896 4096 illis,
913 4039 1016 4103 quum
1034 4016 1182 4082 nondum

116 4117 269 4199 «judicati
285 4118 395 4180 hostes
414 4133 539 4198 esseut,
559 4117 683 4181 bellum
699 4117 837 4180 fecisset.
917 4148 921 4155 ·

160 4221 251 4284 Xlll.
268 4220 330 4282 «ln
347 4240 399 4281 me
415 4216 495 4305 quid
515 4219 635 4281 horum
653 4218 745 4307 argui
763 4234 887 4307 potest,
905 4216 1073 4298 Quirites?
1091 4219 1182 4285 Con·

150 4423 220 4484 sm.
230 4421 364 4486 ageltvr,
381 4386 746 4485 11.-§x11.v21.stix.11‚
759 4421 782 4469 a.
792 4446 827 4458 -
839 4419 891 4467 m.
902 4420 999 4477 xxvi,
1012 4434 1054 4478 ιη
1064 4421 1165 4470 xxvn
1174 4406 1187 4482 ,'

118 4507 163 4564 383
179 4507 566 4567 xxx1,2o;xxxvl11‚sa.
