2594 4980
328 743 382 811 IN
412 742 522 809 LOC.
551 742 644 807 LIB.
672 741 777 807 LVII
808 739 1021 824 LIVIANI.
1134 735 1201 806 2'8'1

144 883 196 929 tus
212 862 360 927 nondum
374 887 412 926 ex
425 862 586 925 Lusitania
600 859 792 946 decesserat)
803 860 969 946 Hispanias
983 859 1205 946 proconsulari

145 966 280 1051 imperio
297 964 444 1026 obtinere
458 963 549 1042 jussi.

100 1090 104 1095 ‘
189 1066 262 1127 XX.
276 1065 426 1146 Quorum
440 1064 562 1151 Scipio,
574 1064 631 1150 qui
644 1079 789 1151 tempore
800 1078 833 1126 et
843 1064 952 1150 inopia
965 1076 1206 1152 commeatuum

145 1164 354 1252 frangendam
384 1163 445 1226 sibi
474 1165 752 1228 Numantinorum
780 1164 1050 1253 pugnacissimam
1076 1179 1206 1252 gentem

145 1281 316 1345 statuerat,
339 1289 442 1353 quum
463 1288 522 1352 per
539 1266 697 1347 hiemem,
719 1282 752 1330 et
770 1266 916 1353 sequenti
932 1289 1025 1340 vere,
1047 1264 1207 1352 quidquid

145 1366 186 1428 ad
197 1367 400 1453 propositum
418 1390 515 1431 suum
534 1369 638 1431 facere
654 1367 834 1450 videbatur,
851 1366 1093 1454 diligentissime
1106 1366 1209 1431 admi·

147 1469 357 1549 nistravisset3
375 1469 409 1530 in
428 1469 563 1531 multam
586 1483 728 1532 aestatem
745 1490 849 1555 usque
870 1468 933 1531 hoc
948 1490 1053 1530 unum
1071 1466 1209 1549 maxime

145 1570 276 1658 agebat,
294 1585 332 1633 ut
347 1591 478 1632 omnem
496 1592 563 1632 non
580 1571 705 1658 copiam
726 1569 841 1650 modo,
859 1568 1026 1632 sedetiam
1046 1591 1136 1656 spem
1153 1590 1209 1632 an·-

147 1692 257 1750 nonae,
283 1670 431 1734 hostibus
458 1688 690 1759 corrumperet.
721 1673 836 1758 Itaque
864 1671 1077 1752 Numantini,
1105 1690 1208 1758 quum

145 1795 237 1861 agros
261 1795 337 1836 suos
360 1773 495 1859 impune
511 1774 626 1836 vastari
648 1796 715 1836 non
736 1774 873 1852 ferrent,
892 1771 1024 1836 insidias
1041 1772 1082 1834 ad
1099 1771 1209 1835 vicum

145 1872 318 1959 quemdam
344 1875 596 1956 collocaverunt,
615 1875 752 1938 maxime
776 1888 964 1961 opportuno
985 1872 1027 1937 ad
1050 1873 1208 1953 ejusmodi

146 1972 273 2036 fraudes
300 1974 389 2037 situ:
413 1998 517 2062 quum
543 1977 631 2039 enim
656 1976 768 2055 majori
795 1997 833 2038 ex
858 1991 949 2063 parte
978 1976 1069 2039 vicus
1094 1976 1209 2040 limosa

146 2071 261 2158 palude
283 2074 482 2162 cingeretur,
506 2099 569 2163 qua
592 2078 678 2140 sicco
699 2077 815 2140 itinere
837 2075 1000 2159 adibatur,
1023 2077 1112 2140 vallis
1132 2100 1210 2165 pro-

146 2175 246 2238 funda
267 2175 473 2257 subsederam
494 2178 527 2241 in
547 2179 607 2241 hac
626 2179 753 2242 occulta
769 2179 914 2242 hostium
931 2200 1047 2268 manus
1064 2181 1209 2245 occasio·

146 2299 219 2341 nem
238 2281 449 2365 exspectabat.

189 2381 278 2442 XXI.
298 2382 435 2444 Romani
453 2405 555 2469 quum
578 2384 619 2448 ad
643 2407 718 2448 eum
738 2385 847 2448 locum
866 2385 1047 2464 venissent,
1064 2383 1137 2464 alii,
1156 2406 1209 2447 re-
1236 2430 1239 2437 ·

146 2481 227 2543 lictis
251 2498 324 2544 ante
346 2484 453 2546 vicum
477 2486 591 2573 signis,
614 2487 656 2549 ad
681 2487 877 2574 diripiendas
902 2487 1018 2549 domos
1045 2488 1208 2574 irrupere3
1274 2496 1282 2513 ‘

145 2582 211 2656 alii,
232 2604 345 2646 manus
363 2607 428 2647 non
447 2585 527 2648 adeo
544 2610 675 2675 magna,
693 2590 820 2652 eminus
838 2587 1126 2672 circumequitabat
1144 2611 1151 2651 :
1174 2589 1207 2651 in

146 2683 204 2746 hos
224 2684 381 2772 impetum
398 2687 518 2765 fecere,
536 2688 593 2773 qui
610 2689 731 2751 conditi
748 2690 782 2750 in
800 2687 924 2751 insidiis
938 2690 1084 2767 fuerant3
1102 2711 1209 2774 neque

145 2782 333 2860 difficulter,
359 2802 397 2848 ut
424 2809 562 2872 paucos,
582 2803 615 2850 et
639 2788 701 2850 tale
728 2788 808 2849 nihil
833 2789 982 2874 opinatos
1002 2789 1207 2874 pepulerunt.

144 2886 207 2949 Sed
223 2887 348 2975 Scipio,
365 2888 420 2974 qui
440 2888 522 2950 forte
543 2887 630 2975 apud
647 2890 737 2977 signa
754 2889 932 2967 restiterat,
955 2889 1109 2951 revocatis
1127 2888 1208 2952 clas-

143 2988 225 3067 sico,
242 2991 297 3074 qui
318 2989 425 3051 vicum
445 2989 660 3070 intraverant,
678 3012 781 3076 quum
801 2991 969 3076 pauciores
988 2989 1075 3051 mille
1095 3011 1209 3053 accur·

144 3090 277 3168 rissent,
298 3112 395 3177 opem
418 3091 501 3153 ferre
525 3091 746 3154 laborantibus
771 3091 876 3176 coepit.
898 3092 1055 3153 Conserta
1079 3112 1208 3178 pugna,

143 3192 210 3277 pari
227 3190 415 3276 aliquandiu
432 3209 534 3255 marte
550 3206 707 3257 certatum
726 3207 791 3266 est,
805 3191 928 3272 donec,
947 3190 1087 3255 subinde
1105 3192 1208 3278 pluri-

146 3291 205 3354 bus
222 3314 261 3353 ex
278 3292 348 3355 vico
365 3295 644 3374 succurrentibus,
657 3295 766 3357 hostes
783 3293 956 3383 fugerunt:
969 3315 1075 3380 neque
1088 3292 1208 3357 ceden-

145 3391 230 3454 tibus
247 3392 362 3455 institit
377 3393 503 3479 Scipi0,
515 3411 734 3474 contentus,a
751 3417 785 3458 se
803 3394 934 3457 tandem
952 3394 1104 3458 ellectum
1121 3419 1208 3477 esse,

146 3508 182 3554 ut
208 3517 275 3557 rem
300 3495 448 3584 prodigio
473 3496 629 3577 similem,
653 3497 837 3560 numantini
865 3496 974 3559 militis
995 3512 1084 3585 terga
1106 3497 1210 3561 victor

144 3594 309 3660 Romanus
327 3596 515 3684 adspiceret.
536 3599 634 3661 Pauci
654 3600 807 3685 utrinque
823 3596 995 3661 desiderati
1012 3598 1207 3665 referuntur.

143 3695 171 3758 N
175 3697 493 3784 umantin0s‚.quum
505 3697 546 3760 ad
560 3698 675 3762 urbem
692 3700 901 3787 refugissent,
915 3699 1031 3762 acriter
1043 3700 1210 3787 increpan-

144 3796 229 3860 tibus
245 3799 444 3874 seniorihus,
461 3800 550 3886 quod
561 3802 602 3864 ab
616 3802 723 3864 bidem
735 3800 797 3864 illis
803 3800 885 3889 pelli
895 3805 1117 3880 sustinuerant,
1132 3824 1209 3890 quos

143 3903 228 3962 toties
248 3914 456 3988 superassent,
475 3924 666 3989 responsum
690 3927 707 3966 a
730 3902 872 3989 quodam
895 3925 963 3966 esse
982 3902 1118 3981 dieitur,
1141 3925 1210 3965 oves

142 4004 266 4088 quidem
283 4004 405 4065 easdem
420 4027 482 4066 esse
489 4050 499 4081 ,
517 4005 572 4066 sed
585 4004 684 4067 ulium
697 4005 810 4067 habere
820 4019 987 4091 pastorem.

187 4105 294 4168 xx11.
315 4105 377 4168 Sed
400 4106 586 4192 impemtor,
610 4107 661 4170 his
691 4108 891 4172 successibus
918 4109 1027 4186 laetus,
1054 4121 1087 4170 et
1114 4107 1210 4171 militi

178 4319 193 4380 S
208 4321 275 4366 XIX.
292 4322 322 4368 U.
337 4322 364 4368 C.
378 4323 442 4383 6193
456 4323 486 4369 h.
500 4324 528 4370 C.
545 4323 601 4370 133.
615 4350 649 4358 -
661 4323 741 4386 riguit
755 4325 843 4372 Annal.
855 4325 969 4370 -oros
979 4323 1011 4381 V,
1027 4339 1051 4384 9.
1067 4348 1101 4357 -
1115 4320 1202 4386 §XX

144 4405 253 4460 (trouv,
264 4418 288 4462 7.
298 4430 331 4438 -
341 4404 449 4468 Appian.
465 4405 608 4470 IIIspan.-
621 4406 637 4470 S
650 4409 721 4455 XXI.
737 4409 807 4455 Oros.
823 4436 856 4444 -
869 4407 975 4470 Appiam.
987 4432 1021 4443 -·
1037 4407 1099 4455 I'Io'r.
1115 4407 1150 4464 ll,
1167 4407 1206 4454 18.

144 4513 177 4519 --
192 4486 312 4535 Plutarch.
328 4489 427 4553 Apopb.
442 4492 512 4538 llom.
528 4508 581 4554 cap.
597 4492 638 4538 2⁵.
