2594 4980
93 9 1207 359 -

1101 30 1106 39 ι

242 738 299 806 nt
327 738 439 805 coc.
467 717 559 806 mal
588 695 661 806 nn
693 739 906 809 mrum.
1043 765 1103 838 191

94 860 273 939 trabatur,
289 859 314 922 si
330 859 469 922 alienum
488 858 661 945 imperium
678 858 785 922 invitis
801 861 953 924 Romanis
970 885 1109 951 occupa·

112 985 212 1049 quos
229 961 345 1048 utique
358 960 562 1023 aemulatione
577 958 728 1046 potentiae
742 975 846 1022 certos
859 960 966 1026 hostes
978 965 1112 1049 putabat

93 1066 250 1145 iturum,
269 1061 416 1151 quisquis
438 1060 570 1149 AEgypti
590 1061 752 1147 Syriaeque
769 1083 867 1149 regna
882 1063 1110 1141 conjunxisset.

93 1189 165 1246 tre,
184 1164 370 1228 convocatis
388 1164 421 1224 in
436 1162 628 1225 concionem
641 1163 929 1244 Antiochensibus,
946 1181 1021 1251 post
1034 1189 1111 1231 enu-

93 1285 161 1331 rata
183 1264 341 1329 beneficia
358 1287 430 1344 sua,
455 1264 488 1325 in
509 1262 598 1326 hunc
622 1264 759 1326 maxime
774 1264 910 1328 modum
933 1265 1109 1333 disseruit:

93 1382 164 1431 ant
180 1365 251 1428 haec
266 1365 403 1428 omnino
420 1363 513 1442 talia,
528 1378 564 1425 ut
580 1386 676 1426 nemo
692 1380 900 1451 praestaturus
914 1367 1003 1430 alteri
1021 1368 1111 1433 vidc-

93 1485 178 1532 tur:
201 1466 341 1553 ideoque
359 1466 504 1553 plerique
522 1464 562 1528 ad
583 1487 720 1554 regnum
739 1468 836 1554 Syriae
858 1471 1111 1557 comparandum

93 1590 133 1631 ec
147 1590 167 1630 a
177 1589 231 1630 me
245 1564 314 1630 fieri
328 1565 508 1630 sentiebant
521 1581 553 1628 et
566 1566 793 1652 loquebantur.
808 1568 959 1650 Quorum
973 1594 1034 1662 ego
1047 1576 1112 1661 opi·

93 1691 201 1732 ionem
212 1669 288 1755 quia
300 1669 389 1730 factis
403 1667 547 1730 refellere
561 1666 783 1750 decreveram,
797 1671 894 1734 verba
902 1673 1008 1737 verbis
1022 1697 1112 1738 coar·

93 1793 168 1834 uere
181 1768 359 1857 supersedi.
372 1769 402 1831 N
405 1791 469 1831 unc
484 1783 592 1831 autem
606 1784 639 1832 et
651 1769 712 1833 illis
729 1770 952 1857 respondebo,
971 1790 1004 1837 et
1020 1798 1110 1840 meo·

93 1895 142 1934 un
169 1872 331 1934 factorum
358 1870 505 1932 omnium
532 1871 689 1932 rationem
716 1870 808 1934 vobis
835 1870 986 1956 reddam3
1014 1871 1112 1956 hujus

94 1973 228 2037 ostremi
251 1972 407 2051 maxime,
424 1969 513 2057 quod
532 1985 564 2033 et
589 1972 732 2058 accipere
752 1972 850 2060 Syriae
873 1970 1009 2062 regnum
1032 1977 1112 2041 mibi

93 2075 204 2154 lacuit,
222 2090 255 2137 et
270 2073 404 2137 reddere
418 2087 585 2159 acceptum
601 2073 714 2160 placet.

94 2177 191 2240 XLll.
211 2175 310 2239 «Non
329 2175 415 2236 enim
432 2190 487 2237 aut
502 2195 583 2236 caeca
599 2174 752 2261 cupidine
768 2191 876 2263 raptus
893 2175 956 2241 boc
966 2177 1113 2244 diadema

93 2279 162 2365 epi,
178 2293 237 2341 aut
260 2291 389 2340 coactus
410 2299 427 2338 a
447 2297 628 2362 quoquam,
647 2276 698 2339 vel
718 2277 824 2364 aliqua
848 2300 1016 2366 perperam
1039 2282 1113 2346 facti

93 2379 258 2462 renitentia
275 2377 422 2465 depono,
440 2375 497 2440 sed
514 2378 685 2464 utriusque
700 2379 854 2465 temporis
868 2379 1051 2459 justissimis
1066 2405 1114 2447 ra·

93 2478 218 2544 tionibus
235 2479 397 2544 inductus.
415 2477 528 2561 Quum
546 2480 632 2541 enim
648 2480 681 2541 in
695 2479 818 2567 Syriam
838 2502 877 2543 eo
892 2496 1037 2569 tempore
1055 2482 1112 2547 de·

93 2581 282 2661 tcendissem,
299 2603 366 2668 quo
383 2579 490 2642 divisae
502 2581 624 2642 mutuis
636 2579 891 2643 dissensionibus
909 2603 1002 2668 opes,
1017 2605 1113 2647 suum

93 2678 262 2746 inmitium
283 2681 371 2745 velut
389 2681 484 2744 ruina
504 2681 702 2760 ferebantur,
724 2694 756 2742 et
773 2680 881 2760 illum,
898 2704 996 2768 quem
1012 2683 1113 2747 bene·

94 2781 210 2847 volentia
228 2804 300 2845 mea
323 2803 430 2870 regem
450 2802 672 2869 generumque
698 2781 832 2857 fecerat,
852 2780 953 2866 ipsius
969 2781 1114 2869 ingratus

94 2881 216 2959 animus,
230 2883 482 2970 compositasque
496 2883 529 2942 in
547 2896 767 2968 caputmeum
785 2879 908 2942 insidiae
922 2881 1048 2944 hostem
1065 2885 1113 2947 ef-

94 2977 235 3063 fecissent3
250 2983 333 3045 nibil
348 2998 412 3045 tam
426 3003 543 3045 nocere
556 2980 653 3043 rebus
670 2978 896 3060 animadverti,
909 3003 1006 3067 quarn
1021 2983 1111 3070 quod
1164 3019 1168 3028 ·

95 3074 208 3148 honesta
219 3107 292 3172 pars
305 3084 439 3162 civium,
457 3083 557 3168 quiin
573 3105 650 3168 pace
668 3096 701 3144 et
712 3081 876 3169 republica
888 3083 1114 3150 constituenda

94 3197 165 3247 mm
187 3183 471 3262 incolumitatem,
486 3205 687 3276 suorumque
708 3184 853 3246 fortunas
873 3205 986 3248 omnes
1011 3187 1117 3251 consi*

96 3295 161 3349 Stere
174 3285 413 3374 intelligebant,
431 3307 497 3347 non
513 3300 577 3348 tam
590 3285 801 3373 praesentibus
819 3286 941 3366 moesti,
958 3309 1054 3374 quarn
1074 3288 1115 3354 dc

98 3378 185 3452 futtuo
195 3389 324 3453 solliciti
338 3405 443 3470 erant3
463 3409 582 3473 neque,
600 3410 666 3474 quo
679 3410 714 3450 se
731 3402 910 3476 verterent,
928 3404 986 3452 aut
999 3389 1031 3452 in
1048 3413 1115 3478 quo

99 3477 190 3554 deinde
203 3514 277 3579 spes
295 3512 438 3578 opesque
454 3512 525 3552 suas
544 3506 723 3575 ponerent,
743 3489 953 3577 reperiebant.

114 3583 209 3656 dell.
230 3591 432 3657 «Alexander
457 3612 562 3677 neque
586 3591 627 3653 ab
650 3590 743 3652 initio
760 3590 865 3669 justus
888 3589 1115 3679 legitimusque

99 3701 168 3754 tera
183 3695 343 3781 plerisque
360 3692 515 3772 creditus,
532 3708 619 3755 tanta
632 3691 749 3754 saevitia
763 3690 978 3778 superbiaque
991 3710 1115 3783 egerat,

93 3802 173 3856 ‘uteo
189 3797 276 3859 salvo
294 3818 400 3882 neque
416 3795 577 3882 publicam
597 3816 683 3872 rem,
698 3815 805 3879 neque
822 3793 978 3880 privatam
997 3798 1115 3884 cuique

93 3886 194 3958 ¹⁸ilum
217 3919 288 3959 esse
310 3907 411 3983 posse·
431 3894 642 3959 confiderent.
665 3893 863 3956 Demetrium
889 3911 1021 3980 paterna
1043 3897 1117 3961 odia

93 3997 330 4080 ‘Pfflgravabann
348 4013 380 4060 et
402 3998 477 4084 quia
496 4018 617 4084 neque,
637 3995 739 4083 qualis
761 3994 891 4059 futurus
911 4013 1009 4078 esset,
1032 4020 1115 4084 prae·

93 4088 174 4175 ¹⁸tiri,
194 4119 313 4186 neque,
332 4115 486 4185 quantam
508 4098 685 4185 potentiam
710 4095 750 4160 ad
775 4095 1013 4177 defendendos,
1033 4120 1117 4185 quos

93 4185 152 4252 ‘libi
161 4199 367 4286 applicuisset,
382 4199 551 4263 habiturus
560 4200 658 4278 foret,
673 4196 835 4285 provideri
846 4212 981 4284 poterat.
991 4194 1117 4262 idcirco

119 4383 192 4516 blm·
201 4401 251 4449 le.
261 4404 465 4468 Epis-Sulpic.
474 4405 555 4452 Ssrsr.
563 4401 714 4459 -Mscbsb
730 4402 758 4457 1,
771 4415 810 4446 ιι.
820 4424 855 4435 -
864 4395 952 4460 Polyb.
961 4397 1026 4462 apud
1035 4400 1116 4452 Voles.

98 4485 121 4497 ³
138 4479 207 4543 uon
216 4484 291 4544 mn,
304 4487 327 4534 s.
