2594 4980
132 747 196 817 132
299 750 367 815 JO.
394 746 736 816 FREINSHEMII
767 746 1010 814 SUPPLEM.

125 887 233 934 tamen
253 868 294 933 de
315 868 488 956 provinciis
513 867 631 950 movit;
654 867 771 930 victam
796 867 895 931 semel
920 865 1157 931 consuetudine·

124 971 242 1036 frustra
256 971 288 1033 in
300 983 405 1056 partes
419 967 597 1049 advocans,
609 989 673 1055 qua
687 967 729 1032 de
736 968 911 1059 provinciis
922 968 1031 1033 sortiri
1040 968 1157 1033 consuler

122 1090 179 1137 aut
204 1092 388 1158 comparare
413 1069 570 1134 solebant.
596 1067 734 1134 Difficile
754 1085 822 1134 erat
847 1070 971 1158 eripere
991 1070 1157 1158 provintiam

122 1277 208 1366 leges
220 1274 334 1341 consul
350 1275 454 1338 factus
466 1290 561 1340 esset.
574 1276 687 1363 Itaque
698 1297 738 1338 ex
748 1276 940 1341 auctoritate
949 1291 1076 1340 senatus
1086 1274 1157 1337 latur

120 1377 161 1442 ad
181 1377 339 1465 popidum
359 1391 423 1457 est,
441 1389 511 1440 uter
524 1377 687 1442 consulum
706 1379 739 1440 in
756 1373 872 1465 Afri'ca
889 1399 961 1440 cum
981 1377 1104 1466 mqienb
1117 1394 1157 1438 era

120 1477 269 1542 deberet?
281 1499 444 1542 consensu
461 1476 634 1567 ch'oiouem
643 1478 819 1558 jusserunt.
840 1479 925 1543 Hinc
941 1476 1157 1556 decretumst

120 1579 272 1644 delectum
289 1579 416 1642 liaberet
429 1580 477 1644 ad
492 1583 645 1644 exeredes
659 1578 806 1668 tifilam
819 1577 1076 1668 supplementum,
1090 1578 1157 1643 dom

121 1705 157 1746 eo
175 1703 305 1746 numero
321 1680 453 1746 militum
469 1681 495 1744 is
508 1696 598 1762 esset,
618 1705 679 1770 quo
695 1705 716 1745 a
725 1681 1015 1771 princmiofitisset.
1032 1682 1157 1746 pretia

118 1785 148 1846 si
156 1787 214 1870 qui
221 1805 264 1844 ex
274 1784 362 1845 sociis
371 1781 506 1846 militare
513 1797 620 1871 sperne
627 1783 746 1847 vellent
751 1831 762 1864 ,
774 1788 906 1872 recq'oere
914 1807 963 1848 eos
974 1783 1146 1872 permissum

120 1882 274 1971 literisque
285 1883 401 1971 populi
414 1887 541 1947 tomani
551 1887 677 1949 nomt'ne
687 1884 816 1949 ouxrb‘a
829 1908 936 1972 regum
942 1883 1157 1973 populorumque

121 1988 236 2049 moire.
252 1985 417 2072 Missaque
433 2002 542 2049 sunta
561 1983 715 2067 diversis3
730 2002 762 2049 et
777 1986 875 2049 rebus
892 1984 1047 2050 omnibus
1061 1981 1099 2047 ad
1110 2000 1157 2071 pm

120 2086 294 2151 sectionem
312 2087 488 2172 apparatis,
499 2087 533 2149 in
550 2086 692 2152 Siciliam
710 2088 841 2168 consul,
857 2102 890 2150 et
906 2084 983 2149 inde
1001 2081 1157 2175 inteifiitt!

121 2186 255 2267 trajecit.

163 2287 351 2351 XXXVIII.
377 2286 459 2367 Quae
482 2286 568 2347 inter
586 2284 654 2348 haec
672 2287 705 2348 in
726 2285 916 2350 Macedonia
938 2309 997 2375 per
1019 2288 1055 2353 P.
1071 2288 1157 2353 Jurttr

118 2391 201 2455 tium
216 2389 375 2477 primum,
389 2378 507 2450 deinde
522 2384 563 2468 Q
575 2387 742 2451 Metellum
755 2403 924 2475 praetores,
937 2386 978 2451 ad
992 2388 1097 2475 ipsum
1107 2381 1157 2451 be!

119 2488 216 2553 finem
227 2503 315 2577 gesta
326 2488 408 2567 sint,
422 2502 549 2574 tempus
559 2503 609 2551 est
621 2487 748 2552 referre.
759 2489 928 2553 Iuventius
939 2488 1099 2569 Andr-iaci,
1107 2502 1157 2551 mr

118 2613 215 2679 quam
237 2588 416 2678 imaginarii
433 2588 616 2676 scenicique
636 2589 735 2677 regis,
754 2610 841 2654 arma
863 2588 1029 2678 despectui
1049 2588 1154 2655 habers

118 2694 209 2781 quasi
227 2692 259 2754 in
275 2691 367 2754 bellis
381 2690 512 2755 fortuna
526 2712 653 2779 semper
668 2712 796 2755 oausam
808 2707 1009 2779 sequeretur,
1021 2686 1157 2755 temereir

118 2792 342 2859 Macedoniam
365 2793 544 2881 irruptione
573 2793 673 2874 facta,
695 2793 870 2857 exercitum
889 2792 1054 2880 vitamque
1074 2788 1157 2856 eder

117 2895 207 2961 clade
223 2895 392 2976 amiserat,
411 2895 465 2958 vix
481 2893 585 2957 noctis
602 2911 800 2981 superventu
814 2893 943 2957 servatis
960 2892 1157 2980 copiarumre

117 2997 236 3085 liquiis.
252 2996 301 3059 Eo
316 3016 467 3060 successu
481 2994 627 3060 sublatus
640 2994 754 3075 victor,
771 3016 833 3058 nec
847 2994 934 3057 enim
950 2993 1035 3057 inter
1048 2994 1157 3058 formu

117 3098 338 3164 blandimenta
352 3114 461 3187 tegere
478 3119 513 3161 se
531 3095 673 3185 degener
687 3096 814 3158 animus
831 3110 977 3184 poterat,
994 3093 1036 3158 de
1051 3109 1151 3158 cretam

116 3201 205 3265 velut
222 3201 411 3264 auctoritate
427 3196 583 3287 regnandi
602 3197 677 3261 satis
696 3191 850 3279 stabilita,
870 3197 938 3260 sine
953 3194 1096 3284 pudore,
1111 3192 1157 3257 sia

118 3316 206 3364 metu
220 3301 261 3365 ad
274 3301 496 3367 crudelitatem
511 3298 780 3386 injustitiamque,
793 3298 952 3387 tyrannici
967 3298 1157 3387 spiritusopt

116 3424 166 3480 ra,
182 3402 434 3489 prorumpebat:
447 3398 610 3481 occidere,
624 3423 749 3487 rapere,
768 3399 849 3465 fictis
860 3400 1052 3464 criminibus
1065 3392 1157 3465 ditittl

117 3525 208 3566 mum
225 3525 389 3592 quemque
400 3502 527 3582 tollere;
537 3515 702 3588 postremo
715 3525 756 3564 ne
769 3501 878 3564 amicis
892 3498 1025 3588 quidem
1036 3516 1157 3588 partae

115 3625 258 3690 quorum
280 3601 367 3666 haud
391 3601 484 3689 pauci
506 3600 672 3665 demedio
693 3602 819 3666 sublati.
840 3602 918 3665 Erat
940 3602 1028 3666 enim
1052 3595 1157 3691 ingeni

115 3700 202 3767 ferus
216 3703 394 3790 avidusque
412 3701 564 3784 caedium,
582 3704 615 3765 in
634 3703 840 3768 sermonibus
859 3725 1030 3792 arrogans,
1046 3696 1157 3767 araritir

116 3806 301 3892 caeterisque
324 3804 407 3868 vitiis
428 3804 494 3867 fere
515 3801 668 3868 omnibus
687 3803 833 3885 deditus,
856 3819 893 3867 ut
918 3804 993 3867 satis
1015 3818 1157 3891 poenam

115 3905 177 3968 sub
189 3928 229 3969 eo
243 3927 318 3992 rege
334 3904 457 3991 populo
469 3927 605 3969 romano
617 3904 729 3969 datura
744 3904 841 3969 fuerit
854 3902 1061 3983 Macedonia,
1072 3901 1097 3966 si
1108 3898 1157 3965 dir.

117 4006 179 4070 tius
191 4006 287 4067 vitam
303 4004 541 4094 imperiumque
555 4029 729 4095 prorogare
747 4005 915 4094 potuisset.
935 4006 1092 4069 Craterum
1103 4020 1157 4089 μ’

116 4104 255 4169 Iuventii
279 4105 424 4191 praetoris
444 4106 562 4171 caedem
583 4109 723 4188 iterum,
746 4108 838 4197 signa
860 4106 1029 4171 Thessaliae
1053 4099 1157 4169 intuli*

148 4336 371 4400 §xxxviivn
383 4342 449 4389 mn.
466 4368 500 4378 -
515 4341 622 4407 appan.
637 4339 701 4405 -s
717 4343 865 4391 xxxviii.
883 4341 937 4389 nv.
954 4341 1019 4407 apte
1033 4332 1157 4383 -w-

118 4433 156 4464 ιι.
168 4445 203 4454 -
215 4420 317 4486 Eutrop.
330 4450 364 4460 -
375 4424 438 4471 Flor.
450 4426 486 4482 11,
500 4431 539 4479 rt.
555 4452 590 4461 -
608 4426 679 4473 Orco.
695 4427 739 4482 w,
751 4441 793 4472 aa.
803 4450 839 4462 —
849 4427 937 4474 Zonar.
950 4449 985 4461 -—
997 4419 1157 4481 etormet

114 4500 240 4549 valesium.
