2594 4980
275 723 332 794 tn
363 724 475 793 noc.
501 725 596 793 nm.
625 726 685 797 nv
717 716 931 795 ttvtsnl.
1072 727 1143 821 ²47

93 860 197 926 nant,
212 846 251 908 in
269 847 407 910 consilio
419 845 581 930 habeatis3
598 869 679 911 neve
693 846 804 935 potius
820 868 893 932 quae
909 843 991 910 facta
1008 847 1142 912 malnis·

93 946 184 1026 retis,
201 970 305 1034 quam
323 969 394 1034 quae
410 948 579 1036 potuerint
595 947 681 1030 fieri,
698 947 857 1038 cogitetis.
869 947 1041 1012 Neminem
1056 949 1147 1037 equi·

93 1047 166 1111 dem
186 1047 332 1130 lacesso,
347 1048 437 1137 quod
452 1065 485 1113 et
497 1074 516 1113 a
529 1049 676 1113 moribus
692 1048 790 1130 meis,
809 1063 843 1112 et
859 1047 901 1111 ab
917 1046 981 1110 hoc
999 1061 1145 1136 tempore

93 1171 169 1213 meo
186 1149 422 1213 alienissimum
439 1167 489 1214 est
503 1174 510 1215 :
526 1149 584 1214 sed
604 1151 676 1238 quis
693 1149 840 1239 ignorat,
856 1164 978 1236 quanta
995 1151 1144 1237 superio·

93 1273 169 1314 rum
198 1252 373 1315 consulum
398 1253 493 1341 culpa
518 1269 645 1317 nostras
668 1252 812 1340 legiones
834 1251 980 1340 ignavia,
1003 1267 1143 1339 quantus

93 1351 277 1440 disciplinae
287 1367 492 1444 contemptus
504 1354 690 1419 incesserit?
701 1354 808 1436 Quam
819 1376 880 1442 ego
895 1353 1054 1443 ignaviam
1067 1375 1149 1440 quo·

93 1451 227 1516 tidianis
249 1453 490 1520 velitationibus
513 1457 691 1544 corrigere,
715 1455 929 1542 animumque
953 1450 1145 1519 confirmare

93 1568 251 1635 conatus,
267 1577 370 1641 quum
388 1555 422 1618 in
442 1577 495 1619 me
515 1556 597 1619 nihil
614 1555 790 1621 desiderari
805 1577 918 1644 passus
933 1577 1054 1635 essem,
1073 1555 1144 1618 sru-

95 1669 163 1718 stra
176 1655 247 1735 sui,
264 1654 475 1743 quodneque
487 1655 612 1745 pudore
623 1655 689 1736 jam
705 1673 873 1745 poterant,
889 1680 996 1745 neque
1010 1656 1145 1745 periculi

96 1754 346 1845 magnitudine,
365 1757 519 1822 excitari:
535 1774 568 1821 et
580 1758 678 1821 rebus
697 1756 828 1844 perditis
845 1757 1042 1823 licentiosius
1058 1780 1077 1820 a
1093 1780 1145 1820 me

94 1853 300 1946 flagitabant,
315 1872 369 1938 ut,
384 1857 460 1944 quia
473 1857 555 1921 nihil
568 1875 652 1922 esset
665 1857 800 1939 melius,
815 1856 856 1922 nd
870 1858 1017 1923 eamdem
1032 1880 1144 1947 pacem

97 1955 350 2038 descenderem,
361 1980 458 2045 quam
471 1974 610 2022 ante‘me
620 1959 795 2047 Pompeius
808 1959 944 2047 impune
957 1959 1144 2049 pepigisset,

96 2060 258 2146 cujusque
270 2081 338 2122 non
352 2076 483 2123 servatae
495 2058 671 2123 vindictam
684 2060 764 2124 irata
778 2061 912 2124 numina
926 2060 1099 2149 exigerent.

119 2161 212 2226 xxl.
233 2161 297 2224 «Et
314 2159 460 2248 profecto
477 2160 505 2224 si
522 2182 636 2225 verum
652 2182 815 2241 amamus,
833 2161 942 2225 minus
958 2177 1006 2224 est
1023 2161 1144 2224 miran-

99 2260 199 2343 dum,
217 2262 245 2324 si
263 2262 298 2324 in
315 2261 400 2326 bello
416 2284 531 2350 parum
549 2278 643 2326 certae
659 2261 832 2348 equitatis,
850 2261 1030 2326 acerbiores
1048 2261 1144 2349 paulo

101 2379 239 2428 eventus
256 2362 418 2427 fuerunt:
440 2361 500 2426 diis
521 2363 626 2443 enim,
645 2362 722 2444 diis,
741 2363 893 2452 inquam,
913 2362 1145 2455 prpdentibus,

101 2461 281 2529 discessum
306 2481 473 2545 nostrum,
496 2463 586 2552 quod
610 2464 797 2528 calamitatis
823 2464 929 2528 omnis
949 2484 1045 2528 causa
1067 2463 1147 2545 fuit,

102 2580 275 2628 senserunt
293 2564 496 2629 Numantini.
514 2565 604 2648 Quid
623 2566 710 2629 enim
729 2579 795 2627 tam
818 2564 1024 2642 incredibile,
1048 2588 1146 2652 quam

93 2664 183 2730 tduos
208 2666 347 2729 omnino
367 2665 453 2729 viros
477 2666 512 2729 id
531 2667 635 2730 noctis
654 2665 696 2729 ad
718 2680 820 2729 castra
839 2682 949 2730 nostra
974 2666 1147 2730 succedere

93 2768 218 2832 ¹ausos?
230 2766 349 2832 deinde
362 2790 470 2848 amor,
485 2766 662 2845 aemulatio,
672 2765 828 2828 accedens
841 2789 860 2829 a
871 2781 961 2853 patre
974 2782 1085 2829 amatae
1094 2767 1148 2829 sti·

93 2869 225 2949 ¹mulus,
242 2884 276 2932 et
295 2868 364 2932 baec
381 2869 489 2932 omnia
509 2868 542 2931 in
559 2865 594 2930 id
611 2867 769 2954 temporis⁸
784 2883 988 2931 momentum
1006 2888 1146 2931 concur-

93 2971 222 3054 ·rentia,
237 2968 318 3058 quid
331 2969 417 3033 aliud
429 2992 528 3059 quam
541 2967 742 3031 voluntatem
756 2967 994 3054 consiliumque
1007 2965 1146 3032 deorum

93 3072 266 3160 arguunt?

125 3174 232 3237 xxti.
251 3205 264 3228 a
276 3175 383 3260 Atque
400 3174 523 3236 utinam
538 3174 668 3237 illorum
681 3187 739 3235 aut
754 3169 963 3235 credidissem
980 3169 1147 3258 auspiciis,

98 3290 162 3337 «aut
178 3275 249 3338 voci
268 3275 491 3338 revocantium
508 3274 684 3362 paruissem
694 3260 709 3337 Γ
717 3274 915 3358 Quanquam
931 3273 959 3336 si
975 3288 1062 3337 recte
1077 3296 1147 3337 rem

101 3391 274 3460 «putamus,
291 3373 452 3464 proficisci
469 3392 567 3439 meet
584 3374 696 3439 adesse
715 3375 813 3438 rebus
829 3375 897 3438 istis
914 3374 1077 3464 oportuit,
1092 3391 1148 3456 ut,

104 3474 139 3537 «si
156 3500 321 3542 necessum
348 3476 406 3558 sit,
431 3478 464 3540 in
490 3501 600 3542 meum
624 3494 737 3565 caput,
765 3476 926 3564 quidquid
950 3479 1150 3566 tempestatis

106 3573 180 3640 -inde
200 3577 420 3667 impenderet,
444 3579 531 3641 salvo
553 3579 695 3642 exercitu
718 3577 885 3643 recideret.
912 3578 994 3643 Sane
1017 3596 1146 3667 patrum

110 3695 294 3743 -nostromrm
311 3680 484 3761 memoria,
499 3671 872 3766 quum,⁴ll0rentissimis
889 3681 1004 3768 populi
1021 3682 1147 3745 romani

112 3781 205 3866 ·topiis
215 3781 412 3845 alienissimo
422 3797 569 3869 tempore
578 3779 726 3868 perditis,
735 3782 839 3844 Varro
852 3782 967 3845 consul
977 3782 1011 3845 in
1025 3782 1147 3846 Urbem

115 3878 196 3944 «solus
211 3884 408 3964 revertisset,
428 3883 535 3971 gratiae
553 3898 630 3945 sunt
646 3882 676 3945 ei
691 3881 732 3944 ab
751 3897 866 3945 senatu
884 3898 980 3964 actae,
998 3881 1088 3970 qued
1107 3881 1150 3946 de-

114 3981 269 4062 ‹npuhlioe
282 4007 349 4047 non
364 3983 580 4071 desperasset,
595 4005 692 4070 quam
704 4004 807 4071 prope
818 3981 1077 4071 desperationem
1090 4003 1149 4046 sua

116 4083 284 4146 -nmerinte
306 4082 466 4172 adegerat.
489 4084 590 4165 Mihi,
616 4099 742 4148 servato
769 4084 931 4164 exercitu,
956 4083 1049 4147 venia
1072 4082 1148 4149 facti

113 4173 269 4245 ‘tuileoerv't
285 4205 293 4246 ε
312 4205 499 4271 quanquam
525 4200 557 4247 et
578 4183 670 4248 istam
694 4185 721 4248 si
744 4183 963 4272 quorumdam
987 4186 1150 4273 negaverit

110 4280 268 4367 'mentam
290 4283 370 4347 dum
394 4308 466 4349 mea
488 4308 586 4375 opera
609 4285 722 4374 viginti
746 4285 883 4375 amplius
904 4283 1022 4348 civium
1041 4307 1150 4353 roma·

124 4459 140 4524 l
153 4464 223 4524 ιιι.
233 4478 342 4535 omn
353 4478 377 4525 5.
