2594 4980
1062 30 1095 46 ..κ

79 29 1201 335 -

249 678 305 747 ru
333 630 442 746 iou.
470 677 563 745 Lm.
589 675 651 744 tv
680 676 893 746 arvum.
1033 679 1102 764 243

79 794 344 887 sdisplicuerat,
358 786 500 886 quorum
516 799 550 861 in
566 797 727 885 suffragiis
744 798 949 864 moderandis
965 823 1102 892 regnum

79 898 219 964 trrabat.
232 901 330 964 Nunc
342 900 369 964 si
384 899 469 963 idem
484 901 517 963 in
531 899 659 979 judiciis
674 900 781 982 lieret,
795 902 889 989 plane
902 903 936 966 in
952 905 1102 969 ordinem

79 1001 153 1092 igi,
179 1001 265 1064 nibil
288 1023 483 1090 magnopere
504 1026 569 1092 prae
594 1000 714 1066 infimis
743 1004 927 1091 quibusque
949 1005 1102 1070 valituros

79 1099 119 1164 rd
134 1101 280 1165 obscure
295 1101 559 1190 indignabantur.
577 1106 690 1191 ltaque
706 1105 751 1168 M.
767 1105 919 1169 AEmilius
937 1128 1002 1171 cos.
1019 1108 1102 1172 clara

79 1203 239 1292 oporibus
255 1204 315 1268 illis
330 1205 528 1292 eloquentia,
545 1205 712 1269 contrariis
726 1206 925 1289 actionibus,
939 1207 1102 1272 vindicare

88 1304 271 1392 antiquum
283 1321 433 1382 conatus,
445 1306 687 1371 inimicitiarum
696 1330 772 1371 cum
779 1309 888 1373 Cassio
897 1309 1020 1374 semina
1030 1332 1104 1373 cau·

79 1427 150 1494 que
165 1405 243 1471 inde
258 1407 400 1496 collegit,
414 1409 480 1472 sive
496 1407 622 1472 dudum
639 1425 818 1473 contractas
835 1410 939 1473 acrius
957 1409 1100 1474 irritavit.

79 1507 155 1572 xll.
175 1507 291 1597 Neque
310 1509 471 1573 absonum
489 1532 569 1572 vero
584 1525 650 1590 est,
667 1532 770 1597 quum
788 1533 807 1573 a
825 1510 860 1574 L.
878 1510 989 1573 Cassio
1005 1533 1103 1574 aceu-

79 1631 141 1673 um
164 1631 234 1673 esse
254 1625 397 1690 constet,
414 1610 455 1673 ab
478 1611 528 1692 illa
552 1633 647 1675 causa
669 1612 821 1698 profectis
842 1611 924 1675 odiis
942 1610 1102 1691 judicium

79 1707 190 1773 issimi
202 1711 346 1774 criminis
360 1710 535 1774 conflatum
549 1712 609 1799 ipsi
620 1712 719 1776 fuisse
731 1735 738 1775 :
751 1712 871 1776 namin
885 1735 963 1801 agro
975 1713 1104 1777 alsiensi

79 1810 144 1876 lam
161 1811 280 1875 babere
297 1810 483 1893 dicebatur,
505 1813 599 1876 nimis
616 1815 649 1876 in
666 1815 804 1877 sublime
824 1813 953 1878 editam.
974 1816 1047 1879 Hoc
1068 1817 1104 1879 in

79 1935 187 2003 tgnam
204 1912 357 1976 invidiam
372 1929 540 1988 accusator
554 1913 678 2000 rapuit,
695 1936 762 1976 non
778 1914 888 1976 villam
902 1915 965 1994 ibi,
981 1913 1038 1977 sed
1055 1936 1105 1998 ar7

79 2035 107 2076 m
128 2013 171 2076 ab
189 2013 324 2078 homine
340 2013 495 2076 libertatis
514 2035 612 2100 aequae
635 2013 768 2076 minime
790 2014 930 2102 patiente
948 2031 1104 2079 structam

79 2136 121 2194 re,
136 2113 298 2179 dictitans.
315 2115 432 2202 Neque
447 2113 536 2178 aliud
553 2136 656 2179 causae
675 2114 786 2196 video,
803 2139 862 2179 cur
878 2117 965 2205 gravi
984 2116 1104 2180 mulcta

79 2215 151 2304 puli
168 2214 295 2296 judicio
310 2216 446 2280 affectus
464 2216 506 2278 sit
524 2237 564 2278 eo
581 2230 744 2305 tempore,
759 2239 826 2304 quo
842 2217 908 2297 jam
924 2240 1008 2306 saepe
1024 2234 1105 2282 atro·

79 2341 88 2381 ι
102 2318 240 2383 crimina
257 2317 416 2405 impunita
432 2318 623 2399 manebant,
636 2340 733 2405 quam
751 2319 827 2405 quia
842 2318 989 2384 dolorem
1006 2342 1103 2383 suum

79 2419 180 2506 rpulus
196 2418 310 2483 iisdem
327 2418 502 2506 suffragiis,
516 2441 658 2506 quorum
675 2415 857 2507 impugnari
869 2419 1002 2484 'libertas
1015 2419 1106 2483 vide·

79 2534 152 2601 rtur,
176 2518 295 2608 cupide
317 2517 497 2582 vindicarit.
523 2518 587 2582 Sed
609 2535 725 2607 praeter
749 2521 916 2585 consulem
939 2522 1106 2585 resistebat

79 2615 148 2684 llatae
163 2619 334 2684 tabellariae
350 2621 411 2710 legi
432 2621 476 2684 M.
494 2620 613 2683 Antius
633 2621 741 2701 Briso,
760 2636 851 2684 tanto
868 2621 1033 2708 potentior
1048 2619 1105 2684 ad·

79 2722 216 2803 maius,
239 2721 329 2811 quod
354 2721 422 2809 ipse
447 2743 579 2809 quoque
604 2721 755 2783 tribunus
779 2720 901 2807 plebis,
923 2721 1105 2785 actionibus

79 2820 144 2891 'ossii
156 2821 228 2901 jure
242 2838 451 2886 sacrosanctae
467 2820 631 2910 potestatis
644 2820 844 2885 intercedere
857 2836 993 2908 poterat.
1006 2823 1106 2885 Caete-

79 2940 121 2985 am
131 2921 182 2986 bic
195 2922 236 2986 ad
253 2939 433 2986 extremum
449 2943 515 2984 non
530 2921 687 3009 perstitit,
699 2921 888 2985 auctoritate
903 2921 938 2985 P.
949 2921 1107 3009 Scipionis

79 3021 185 3089 llricani
207 3024 248 3088 de
268 3025 426 3088 sententia
446 3022 606 3086 deductus
629 3022 693 3108 (sic
715 3023 801 3086 enim
825 3021 984 3086 creditum
1007 3021 1106 3107 fuit):

79 3123 210 3206 profacto
226 3125 277 3188 lex
293 3125 412 3213 perlata
428 3141 486 3188 est.

103 3223 177 3290 lllll.
195 3229 321 3290 lnterea
335 3228 370 3289 C.
385 3225 541 3289 Hostilius
558 3224 746 3305 Mancinus,
763 3222 899 3287 assiduis
915 3224 1108 3288 velitationi·

79 3319 222 3392 buomnia
235 3327 454 3417 nequidquam
464 3344 631 3416 expertus,
642 3349 744 3414 quum
756 3341 915 3413 perpetuo
927 3327 1109 3416 superiorcs

79 3419 234 3493 Numantini
252 3445 374 3509 essent,
390 3428 485 3493 taedio
501 3427 703 3492 assiduarum
717 3426 857 3491 cladium
874 3427 1045 3508 subactus,
1063 3452 1111 3492 re·

79 3517 191 3613 linquere
206 3548 308 3596 eastra
322 3547 425 3595 noctu
441 3529 601 3610 decrevit3
613 3546 650 3595 ut
665 3529 794 3618 longius
808 3528 987 3593 abductum
1001 3552 1020 3592 a
1035 3552 1111 3593 con·

79 3639 161 3706 ‘Pecto
170 3632 314 3698 bostium
326 3631 478 3713 militem,
491 3620 547 3718 qui
558 3631 623 3710 jam
639 3653 699 3694 nec
709 3653 824 3694 vocem
835 3631 895 3693 viri
909 3631 1109 3711 numantini,

79 3737 120 3786 ¹¹⁰⁰
131 3735 236 3797 oculos
252 3734 337 3795 ferre
355 3748 499 3820 poterat,
517 3732 628 3819 quiete
646 3749 679 3795 et
698 3733 868 3795 securitate
890 3730 930 3794 ad
953 3732 1112 3819 recipien-
1132 3739 1137 3745 ”

79 3813 134 3892 lam
148 3835 291 3899 animum
308 3833 400 3914 data,
418 3831 633 3897 confirmaret.
654 3833 703 3895 Eo
722 3830 859 3895 consilio
881 3854 941 3919 per
963 3831 1111 3894 tenebras

79 3916 168 4000 *lueto
185 3935 297 4000 castris
318 3934 479 4015 exercitu,
500 3931 708 3998 solitudinem
724 3933 821 4021 petit,
836 3933 1031 4020 locumque,
1054 3932 1112 3995 nbi

79 4013 179 4101 'ulvius
192 4037 342 4101 Nobibor
354 4051 456 4099 castra
470 4058 575 4123 nuper
586 4033 755 4098 habuerat.
770 4035 862 4098 Hanc
876 4032 1112 4121 profectionem

82 4239 99 4305 ς
114 4255 158 4310 ¹1.
166 4262 218 4312 Cic.
231 4262 262 4310 de
275 4263 349 4324 begg.
361 4261 415 4317 111,
425 4258 543 4319 rentem
555 4257 582 4304 in
594 4255 682 4313 LoeIIo,
694 4272 716 4302 c.
729 4253 846 4314 ra;idem
856 4253 882 4301 in
892 4253 982 4310 Bruto,
992 4267 1014 4299 c.
1024 4251 1066 4299 25.
1076 4279 1111 4288 -

79 4320 195 4393 ‘Its-1.
206 4347 276 4395 anx.
287 4344 364 4401 VIII,
382 4358 404 4389 r.
417 4369 452 4379 —
465 4343 517 4393 cte.
529 4341 557 4388 in
569 4342 660 4398 Brut03
673 4336 741 4386 idem
759 4338 789 4386 de
805 4339 878 4400 lagg.
895 4362 930 4371 -
943 4334 1008 4382 ator.
1018 4336 1055 4391 11,
1073 4337 1112 4383 aa.

91 4411 159 4476 ¹²luo
171 4429 197 4475 in
210 4425 344 4483 Graccho,
357 4441 380 4473 c.
391 4439 429 4483 17·

878 4511 933 4583 16,
