<?xml version="1.0" encoding="UTF-8"?>
<!DOCTYPE html PUBLIC "-//W3C//DTD XHTML 1.0 Transitional//EN"
    "http://www.w3.org/TR/xhtml1/DTD/xhtml1-transitional.dtd">
<html xmlns="http://www.w3.org/1999/xhtml" xml:lang="en" lang="en">
 <head>
  <title>
</title>
<meta http-equiv="Content-Type" content="text/html;charset=utf-8" />
  <meta name='ocr-system' content='tesseract 3.04.00' />
  <meta name='ocr-capabilities' content='ocr_page ocr_carea ocr_par ocr_line ocrx_word'/>
</head>
<body>
  <div class='ocr_page' id='page_1' title='image "./titusliviuspata00freigoog_0322.png"; bbox 0 0 2594 4980; ppageno 0'>
   <div class='ocr_carea' id='block_1_1' title="bbox 320 725 1188 810">
    <p class='ocr_par' dir='ltr' id='par_1_1' title="bbox 320 725 1188 810">
     <span class='ocr_line' id='line_1_1' title="bbox 320 725 1188 810; baseline 0.005 -6"><span class='ocrx_word' id='word_1_1' title='bbox 320 736 379 806; x_wconf 88' lang='lat' dir='ltr'><strong>IN</strong></span> <span class='ocrx_word' id='word_1_2' title='bbox 412 725 649 807; x_wconf 42' lang='lat' dir='ltr'><strong>LOC.&#39;LIB.</strong></span> <span class='ocrx_word' id='word_1_3' title='bbox 676 738 766 805; x_wconf 87' lang='lat' dir='ltr'><strong>LIX</strong></span> <span class='ocrx_word' id='word_1_4' title='bbox 794 735 1001 809; x_wconf 81' lang='lat' dir='ltr'><strong>LIVIANI.</strong></span> <span class='ocrx_word' id='word_1_5' title='bbox 1122 736 1188 810; x_wconf 82' lang='lat'><strong>331</strong></span> 
     </span>
    </p>
   </div>
   <div class='ocr_carea' id='block_1_2' title="bbox 64 857 1199 1758">
    <p class='ocr_par' dir='ltr' id='par_1_2' title="bbox 64 857 1199 1758">
     <span class='ocr_line' id='line_1_2' title="bbox 124 857 1195 946; baseline 0.006 -28"><span class='ocrx_word' id='word_1_6' title='bbox 124 858 244 921; x_wconf 76' lang='lat' dir='ltr'><strong>«rebus</strong></span> <span class='ocrx_word' id='word_1_7' title='bbox 271 859 347 945; x_wconf 90' lang='lat' dir='ltr'><strong>ipsis</strong></span> <span class='ocrx_word' id='word_1_8' title='bbox 376 857 624 922; x_wconf 85' lang='lat' dir='ltr'><strong>admonemini:</strong></span> <span class='ocrx_word' id='word_1_9' title='bbox 653 880 735 946; x_wconf 90' lang='lat' dir='ltr'><strong>quos</strong></span> <span class='ocrx_word' id='word_1_10' title='bbox 762 858 788 921; x_wconf 94' lang='lat' dir='ltr'><strong>si</strong></span> <span class='ocrx_word' id='word_1_11' title='bbox 816 873 907 921; x_wconf 87' lang='lat' dir='ltr'><strong>tanto</strong></span> <span class='ocrx_word' id='word_1_12' title='bbox 932 881 1074 923; x_wconf 90' lang='lat' dir='ltr'><strong>numero</strong></span> <span class='ocrx_word' id='word_1_13' title='bbox 1099 860 1195 939; x_wconf 64' lang='lat' dir='ltr'><strong>vobi,</strong></span> 
     </span>
     <span class='ocr_line' id='line_1_3' title="bbox 122 959 1192 1049; baseline 0.003 -25"><span class='ocrx_word' id='word_1_14' title='bbox 122 989 134 1013; x_wconf 81' lang='grc' dir='ltr'><strong>ι</strong></span> <span class='ocrx_word' id='word_1_15' title='bbox 147 977 267 1047; x_wconf 79' lang='lat' dir='ltr'><strong>praesto</strong></span> <span class='ocrx_word' id='word_1_16' title='bbox 280 961 407 1024; x_wconf 90' lang='lat' dir='ltr'><strong>futuros</strong></span> <span class='ocrx_word' id='word_1_17' title='bbox 422 960 560 1049; x_wconf 85' lang='lat' dir='ltr'><strong>putatis,</strong></span> <span class='ocrx_word' id='word_1_18' title='bbox 575 975 613 1023; x_wconf 89' lang='lat' dir='ltr'><strong>ut</strong></span> <span class='ocrx_word' id='word_1_19' title='bbox 624 959 799 1048; x_wconf 79' lang='lat' dir='ltr'><strong>quotannis</strong></span> <span class='ocrx_word' id='word_1_20' title='bbox 815 959 893 1023; x_wconf 88' lang='lat' dir='ltr'><strong>alios</strong></span> <span class='ocrx_word' id='word_1_21' title='bbox 907 959 1051 1047; x_wconf 89' lang='lat' dir='ltr'><strong>aliosque</strong></span> <span class='ocrx_word' id='word_1_22' title='bbox 1060 963 1192 1048; x_wconf 89' lang='lat' dir='ltr'><strong>possitis</strong></span> 
     </span>
     <span class='ocr_line' id='line_1_4' title="bbox 122 1060 1191 1151; baseline 0.003 -26"><span class='ocrx_word' id='word_1_23' title='bbox 122 1060 309 1151; x_wconf 77' lang='lat' dir='ltr'><strong>«deligere,</strong></span> <span class='ocrx_word' id='word_1_24' title='bbox 329 1085 458 1142; x_wconf 88' lang='lat' dir='ltr'><strong>vereor,</strong></span> <span class='ocrx_word' id='word_1_25' title='bbox 477 1085 517 1127; x_wconf 90' lang='lat' dir='ltr'><strong>ne</strong></span> <span class='ocrx_word' id='word_1_26' title='bbox 535 1060 626 1126; x_wconf 85' lang='lat' dir='ltr'><strong>valde</strong></span> <span class='ocrx_word' id='word_1_27' title='bbox 643 1061 812 1140; x_wconf 87' lang='lat' dir='ltr'><strong>fallamini,</strong></span> <span class='ocrx_word' id='word_1_28' title='bbox 827 1060 979 1142; x_wconf 82' lang='lat' dir='ltr'><strong>Quirites.</strong></span> <span class='ocrx_word' id='word_1_29' title='bbox 997 1061 1100 1125; x_wconf 88' lang='lat' dir='ltr'><strong>Multa</strong></span> <span class='ocrx_word' id='word_1_30' title='bbox 1113 1079 1191 1129; x_wconf 88' lang='lat' dir='ltr'><strong>sunt</strong></span> 
     </span>
     <span class='ocr_line' id='line_1_5' title="bbox 126 1161 1199 1252; baseline 0.001 -26"><span class='ocrx_word' id='word_1_31' title='bbox 126 1193 137 1215; x_wconf 88' lang='grc' dir='ltr'><strong>ιι</strong></span> <span class='ocrx_word' id='word_1_32' title='bbox 150 1179 248 1248; x_wconf 91' lang='lat' dir='ltr'><strong>atque</strong></span> <span class='ocrx_word' id='word_1_33' title='bbox 261 1185 394 1250; x_wconf 88' lang='lat' dir='ltr'><strong>magna,</strong></span> <span class='ocrx_word' id='word_1_34' title='bbox 412 1186 484 1251; x_wconf 87' lang='lat' dir='ltr'><strong>quae</strong></span> <span class='ocrx_word' id='word_1_35' title='bbox 497 1185 557 1250; x_wconf 90' lang='lat' dir='ltr'><strong>pro</strong></span> <span class='ocrx_word' id='word_1_36' title='bbox 571 1162 682 1252; x_wconf 87' lang='lat' dir='ltr'><strong>populi</strong></span> <span class='ocrx_word' id='word_1_37' title='bbox 692 1161 765 1241; x_wconf 91' lang='lat' dir='ltr'><strong>jure</strong></span> <span class='ocrx_word' id='word_1_38' title='bbox 776 1177 1057 1251; x_wconf 88' lang='lat' dir='ltr'><strong>propugnaturum</strong></span> <span class='ocrx_word' id='word_1_39' title='bbox 1071 1163 1199 1247; x_wconf 85' lang='lat' dir='ltr'><strong>habere</strong></span> 
     </span>
     <span class='ocr_line' id='line_1_6' title="bbox 123 1263 1188 1351; baseline 0.002 -25"><span class='ocrx_word' id='word_1_40' title='bbox 123 1295 136 1319; x_wconf 89' lang='grc' dir='ltr'><strong>ιι</strong></span> <span class='ocrx_word' id='word_1_41' title='bbox 149 1287 316 1327; x_wconf 81' lang='lat' dir='ltr'><strong>necessum</strong></span> <span class='ocrx_word' id='word_1_42' title='bbox 334 1280 399 1345; x_wconf 93' lang='lat' dir='ltr'><strong>est,</strong></span> <span class='ocrx_word' id='word_1_43' title='bbox 419 1265 562 1346; x_wconf 81' lang='lat' dir='ltr'><strong>Quirites</strong></span> <span class='ocrx_word' id='word_1_44' title='bbox 577 1264 662 1344; x_wconf 89' lang='lat' dir='ltr'><strong>:jam</strong></span> <span class='ocrx_word' id='word_1_45' title='bbox 677 1263 820 1351; x_wconf 89' lang='lat' dir='ltr'><strong>primum</strong></span> <span class='ocrx_word' id='word_1_46' title='bbox 839 1263 1007 1350; x_wconf 81' lang='lat' dir='ltr'><strong>ingenium</strong></span> <span class='ocrx_word' id='word_1_47' title='bbox 1026 1278 1188 1328; x_wconf 90' lang='lat' dir='ltr'><strong>tantarum</strong></span> 
     </span>
     <span class='ocr_line' id='line_1_7' title="bbox 64 1360 1189 1453; baseline -0.001 -26"><span class='ocrx_word' id='word_1_48' title='bbox 64 1360 66 1365; x_wconf 60' lang='grc'>’</span> <span class='ocrx_word' id='word_1_49' title='bbox 123 1396 136 1420; x_wconf 94' lang='grc' dir='ltr'><strong>ιι</strong></span> <span class='ocrx_word' id='word_1_50' title='bbox 149 1389 257 1429; x_wconf 90' lang='lat' dir='ltr'><strong>rerum</strong></span> <span class='ocrx_word' id='word_1_51' title='bbox 279 1388 395 1453; x_wconf 86' lang='lat' dir='ltr'><strong>capax,</strong></span> <span class='ocrx_word' id='word_1_52' title='bbox 411 1366 524 1430; x_wconf 88' lang='lat' dir='ltr'><strong>notitia</strong></span> <span class='ocrx_word' id='word_1_53' title='bbox 543 1365 747 1453; x_wconf 85' lang='lat' dir='ltr'><strong>reipublicae,</strong></span> <span class='ocrx_word' id='word_1_54' title='bbox 766 1364 934 1427; x_wconf 86' lang='lat' dir='ltr'><strong>tolerantia</strong></span> <span class='ocrx_word' id='word_1_55' title='bbox 953 1363 1090 1444; x_wconf 88' lang='lat' dir='ltr'><strong>laboris,</strong></span> <span class='ocrx_word' id='word_1_56' title='bbox 1109 1385 1189 1427; x_wconf 89' lang='lat' dir='ltr'><strong>con·</strong></span> 
     </span>
     <span class='ocr_line' id='line_1_8' title="bbox 123 1463 1189 1554; baseline -0.002 -24"><span class='ocrx_word' id='word_1_57' title='bbox 123 1498 136 1521; x_wconf 88' lang='lat'>«</span> <span class='ocrx_word' id='word_1_58' title='bbox 149 1483 289 1554; x_wconf 86' lang='lat' dir='ltr'><strong>temptus</strong></span> <span class='ocrx_word' id='word_1_59' title='bbox 312 1466 540 1554; x_wconf 89' lang='lat' dir='ltr'><strong>periculorum.</strong></span> <span class='ocrx_word' id='word_1_60' title='bbox 562 1471 669 1554; x_wconf 81' lang='lat' dir='ltr'><strong>Atque</strong></span> <span class='ocrx_word' id='word_1_61' title='bbox 685 1467 753 1529; x_wconf 78' lang='lat' dir='ltr'><strong>haee</strong></span> <span class='ocrx_word' id='word_1_62' title='bbox 771 1465 880 1527; x_wconf 89' lang='lat' dir='ltr'><strong>omnia</strong></span> <span class='ocrx_word' id='word_1_63' title='bbox 898 1465 1017 1526; x_wconf 87' lang='lat' dir='ltr'><strong>frustra</strong></span> <span class='ocrx_word' id='word_1_64' title='bbox 1038 1463 1189 1545; x_wconf 86' lang='lat' dir='ltr'><strong>inerunt,</strong></span> 
     </span>
     <span class='ocr_line' id='line_1_9' title="bbox 123 1563 1191 1656; baseline -0.003 -25"><span class='ocrx_word' id='word_1_65' title='bbox 123 1600 136 1623; x_wconf 83' lang='grc' dir='ltr'><strong>ιι</strong></span> <span class='ocrx_word' id='word_1_66' title='bbox 150 1569 175 1631; x_wconf 93' lang='lat' dir='ltr'><strong>si</strong></span> <span class='ocrx_word' id='word_1_67' title='bbox 189 1568 271 1632; x_wconf 84' lang='lat' dir='ltr'><strong>desit</strong></span> <span class='ocrx_word' id='word_1_68' title='bbox 284 1570 427 1650; x_wconf 87' lang='lat' dir='ltr'><strong>animus,</strong></span> <span class='ocrx_word' id='word_1_69' title='bbox 440 1569 548 1640; x_wconf 88' lang='lat' dir='ltr'><strong>omnia</strong></span> <span class='ocrx_word' id='word_1_70' title='bbox 559 1591 619 1656; x_wconf 88' lang='lat' dir='ltr'><strong>pro</strong></span> <span class='ocrx_word' id='word_1_71' title='bbox 629 1568 720 1632; x_wconf 86' lang='lat' dir='ltr'><strong>robis</strong></span> <span class='ocrx_word' id='word_1_72' title='bbox 730 1582 858 1655; x_wconf 91' lang='lat' dir='ltr'><strong>paratus</strong></span> <span class='ocrx_word' id='word_1_73' title='bbox 869 1567 948 1653; x_wconf 87' lang='lat' dir='ltr'><strong>pati,</strong></span> <span class='ocrx_word' id='word_1_74' title='bbox 961 1564 1122 1629; x_wconf 90' lang='lat' dir='ltr'><strong>blanditiis</strong></span> <span class='ocrx_word' id='word_1_75' title='bbox 1133 1563 1191 1628; x_wconf 90' lang='lat' dir='ltr'><strong>mi·</strong></span> 
     </span>
     <span class='ocr_line' id='line_1_10' title="bbox 125 1667 1189 1758; baseline -0.002 -26"><span class='ocrx_word' id='word_1_76' title='bbox 125 1669 266 1756; x_wconf 80' lang='lat' dir='ltr'><strong>«nisque</strong></span> <span class='ocrx_word' id='word_1_77' title='bbox 280 1671 371 1749; x_wconf 84' lang='lat' dir='ltr'><strong>juxta</strong></span> <span class='ocrx_word' id='word_1_78' title='bbox 386 1670 662 1758; x_wconf 85' lang='lat' dir='ltr'><strong>inexpugnabilis,</strong></span> <span class='ocrx_word' id='word_1_79' title='bbox 679 1668 809 1733; x_wconf 84' lang='lat' dir='ltr'><strong>avaritia</strong></span> <span class='ocrx_word' id='word_1_80' title='bbox 825 1684 857 1731; x_wconf 89' lang='lat' dir='ltr'><strong>et</strong></span> <span class='ocrx_word' id='word_1_81' title='bbox 871 1667 1048 1732; x_wconf 83' lang='lat' dir='ltr'><strong>ambitione</strong></span> <span class='ocrx_word' id='word_1_82' title='bbox 1058 1688 1189 1730; x_wconf 83' lang='lat' dir='ltr'><strong>vacuus.</strong></span> 
     </span>
    </p>
   </div>
   <div class='ocr_carea' id='block_1_3' title="bbox 124 1767 1190 1955">
    <p class='ocr_par' dir='ltr' id='par_1_3' title="bbox 124 1767 1190 1955">
     <span class='ocr_line' id='line_1_11' title="bbox 167 1767 1190 1858; baseline -0.002 -25"><span class='ocrx_word' id='word_1_83' title='bbox 167 1771 283 1833; x_wconf 88' lang='lat' dir='ltr'><strong>XLIII.</strong></span> <span class='ocrx_word' id='word_1_84' title='bbox 300 1802 311 1824; x_wconf 89' lang='grc' dir='ltr'><strong>ι</strong></span> <span class='ocrx_word' id='word_1_85' title='bbox 327 1771 387 1833; x_wconf 91' lang='lat' dir='ltr'><strong>Hic</strong></span> <span class='ocrx_word' id='word_1_86' title='bbox 402 1793 551 1858; x_wconf 91' lang='lat' dir='ltr'><strong>quoque,</strong></span> <span class='ocrx_word' id='word_1_87' title='bbox 568 1771 637 1835; x_wconf 91' lang='lat' dir='ltr'><strong>sine</strong></span> <span class='ocrx_word' id='word_1_88' title='bbox 656 1771 806 1835; x_wconf 82' lang='lat' dir='ltr'><strong>facultate</strong></span> <span class='ocrx_word' id='word_1_89' title='bbox 823 1768 930 1856; x_wconf 88' lang='lat' dir='ltr'><strong>aliqua</strong></span> <span class='ocrx_word' id='word_1_90' title='bbox 945 1767 1092 1847; x_wconf 90' lang='lat' dir='ltr'><strong>dicendi,</strong></span> <span class='ocrx_word' id='word_1_91' title='bbox 1107 1789 1190 1855; x_wconf 83' lang='lat' dir='ltr'><strong>saepe</strong></span> 
     </span>
     <span class='ocr_line' id='line_1_12' title="bbox 124 1863 1189 1955; baseline -0.006 -19"><span class='ocrx_word' id='word_1_92' title='bbox 124 1903 136 1927; x_wconf 94' lang='grc' dir='ltr'><strong>ιι</strong></span> <span class='ocrx_word' id='word_1_93' title='bbox 149 1873 258 1936; x_wconf 88' lang='lat' dir='ltr'><strong>fructu</strong></span> <span class='ocrx_word' id='word_1_94' title='bbox 275 1872 494 1937; x_wconf 90' lang='lat' dir='ltr'><strong>contentionis</strong></span> <span class='ocrx_word' id='word_1_95' title='bbox 511 1894 577 1935; x_wconf 86' lang='lat' dir='ltr'><strong>suae</strong></span> <span class='ocrx_word' id='word_1_96' title='bbox 594 1863 812 1935; x_wconf 76' lang='lat' dir='ltr'><strong>frustrabitur.</strong></span> <span class='ocrx_word' id='word_1_97' title='bbox 831 1871 924 1934; x_wconf 86' lang='lat' dir='ltr'><strong>Tales</strong></span> <span class='ocrx_word' id='word_1_98' title='bbox 944 1867 1096 1955; x_wconf 90' lang='lat' dir='ltr'><strong>equidem</strong></span> <span class='ocrx_word' id='word_1_99' title='bbox 1114 1890 1189 1955; x_wconf 86' lang='lat' dir='ltr'><strong>per·</strong></span> 
     </span>
    </p>
   </div>
   <div class='ocr_carea' id='block_1_4' title="bbox 123 1971 1197 4588">
    <p class='ocr_par' dir='ltr' id='par_1_4' title="bbox 123 1971 1193 3072">
     <span class='ocr_line' id='line_1_13' title="bbox 124 1971 1190 2060; baseline -0.003 -25"><span class='ocrx_word' id='word_1_100' title='bbox 124 1973 242 2060; x_wconf 86' lang='lat' dir='ltr'><strong>«pauci</strong></span> <span class='ocrx_word' id='word_1_101' title='bbox 265 1990 343 2037; x_wconf 91' lang='lat' dir='ltr'><strong>sunt</strong></span> <span class='ocrx_word' id='word_1_102' title='bbox 362 1974 396 2035; x_wconf 92' lang='lat' dir='ltr'><strong>in</strong></span> <span class='ocrx_word' id='word_1_103' title='bbox 417 1973 561 2048; x_wconf 88' lang='lat' dir='ltr'><strong>civitate,</strong></span> <span class='ocrx_word' id='word_1_104' title='bbox 581 1987 614 2035; x_wconf 93' lang='lat' dir='ltr'><strong>et</strong></span> <span class='ocrx_word' id='word_1_105' title='bbox 634 1994 706 2059; x_wconf 87' lang='lat' dir='ltr'><strong>pars</strong></span> <span class='ocrx_word' id='word_1_106' title='bbox 723 1994 837 2035; x_wconf 87' lang='lat' dir='ltr'><strong>eorum</strong></span> <span class='ocrx_word' id='word_1_107' title='bbox 853 1971 922 2036; x_wconf 87' lang='lat' dir='ltr'><strong>aliis</strong></span> <span class='ocrx_word' id='word_1_108' title='bbox 941 1971 1045 2034; x_wconf 87' lang='lat' dir='ltr'><strong>causis</strong></span> <span class='ocrx_word' id='word_1_109' title='bbox 1061 1993 1080 2032; x_wconf 93' lang='lat' dir='ltr'><strong>a</strong></span> <span class='ocrx_word' id='word_1_110' title='bbox 1100 1991 1190 2034; x_wconf 91' lang='lat' dir='ltr'><strong>com·</strong></span> 
     </span>
     <span class='ocr_line' id='line_1_14' title="bbox 123 2061 1193 2160; baseline -0.002 -24"><span class='ocrx_word' id='word_1_111' title='bbox 123 2103 137 2127; x_wconf 85' lang='grc' dir='ltr'><strong>ι</strong></span> <span class='ocrx_word' id='word_1_112' title='bbox 150 2074 322 2137; x_wconf 90' lang='lat' dir='ltr'><strong>modorum</strong></span> <span class='ocrx_word' id='word_1_113' title='bbox 340 2090 522 2138; x_wconf 86' lang='lat' dir='ltr'><strong>vestrorum</strong></span> <span class='ocrx_word' id='word_1_114' title='bbox 538 2096 617 2138; x_wconf 87' lang='lat' dir='ltr'><strong>cura</strong></span> <span class='ocrx_word' id='word_1_115' title='bbox 633 2075 876 2137; x_wconf 88' lang='lat' dir='ltr'><strong>abstrahuntur.</strong></span> <span class='ocrx_word' id='word_1_116' title='bbox 896 2076 1009 2154; x_wconf 83' lang='lat' dir='ltr'><strong>Quum</strong></span> <span class='ocrx_word' id='word_1_117' title='bbox 1026 2073 1125 2160; x_wconf 90' lang='lat' dir='ltr'><strong>igitur</strong></span> <span class='ocrx_word' id='word_1_118' title='bbox 1138 2061 1193 2135; x_wconf 87' lang='lat' dir='ltr'><strong>ali-</strong></span> 
     </span>
     <span class='ocr_line' id='line_1_15' title="bbox 124 2172 1192 2262; baseline -0.001 -25"><span class='ocrx_word' id='word_1_119' title='bbox 124 2199 247 2262; x_wconf 81' lang='lat' dir='ltr'><strong>«quem</strong></span> <span class='ocrx_word' id='word_1_120' title='bbox 273 2175 470 2262; x_wconf 90' lang='lat' dir='ltr'><strong>quandoque</strong></span> <span class='ocrx_word' id='word_1_121' title='bbox 497 2176 582 2239; x_wconf 88' lang='lat' dir='ltr'><strong>nacti</strong></span> <span class='ocrx_word' id='word_1_122' title='bbox 609 2199 648 2239; x_wconf 87' lang='lat' dir='ltr'><strong>ex</strong></span> <span class='ocrx_word' id='word_1_123' title='bbox 671 2191 749 2239; x_wconf 81' lang='lat' dir='ltr'><strong>roto</strong></span> <span class='ocrx_word' id='word_1_124' title='bbox 774 2175 924 2253; x_wconf 91' lang='lat' dir='ltr'><strong>fueritis,</strong></span> <span class='ocrx_word' id='word_1_125' title='bbox 950 2196 1017 2236; x_wconf 91' lang='lat' dir='ltr'><strong>non</strong></span> <span class='ocrx_word' id='word_1_126' title='bbox 1039 2172 1192 2236; x_wconf 83' lang='lat' dir='ltr'><strong>fruemini</strong></span> 
     </span>
     <span class='ocr_line' id='line_1_16' title="bbox 124 2271 1193 2364; baseline -0.003 -25"><span class='ocrx_word' id='word_1_127' title='bbox 124 2277 246 2357; x_wconf 75' lang='lat' dir='ltr'><strong>«hujus</strong></span> <span class='ocrx_word' id='word_1_128' title='bbox 272 2300 389 2364; x_wconf 89' lang='lat' dir='ltr'><strong>opera,</strong></span> <span class='ocrx_word' id='word_1_129' title='bbox 416 2299 483 2339; x_wconf 91' lang='lat' dir='ltr'><strong>non</strong></span> <span class='ocrx_word' id='word_1_130' title='bbox 505 2276 655 2340; x_wconf 86' lang='lat' dir='ltr'><strong>tenebitis</strong></span> <span class='ocrx_word' id='word_1_131' title='bbox 683 2293 781 2364; x_wconf 88' lang='lat' dir='ltr'><strong>atque</strong></span> <span class='ocrx_word' id='word_1_132' title='bbox 803 2274 1061 2364; x_wconf 89' lang='lat' dir='ltr'><strong>amplectemini,</strong></span> <span class='ocrx_word' id='word_1_133' title='bbox 1088 2271 1193 2337; x_wconf 85' lang='lat' dir='ltr'><strong>donec</strong></span> 
     </span>
     <span class='ocr_line' id='line_1_17' title="bbox 125 2374 1192 2466; baseline -0.002 -26"><span class='ocrx_word' id='word_1_134' title='bbox 125 2378 280 2465; x_wconf 73' lang='lat' dir='ltr'><strong>«aliquod</strong></span> <span class='ocrx_word' id='word_1_135' title='bbox 305 2401 409 2466; x_wconf 74' lang='lat' dir='ltr'><strong>operae</strong></span> <span class='ocrx_word' id='word_1_136' title='bbox 438 2380 578 2466; x_wconf 88' lang='lat' dir='ltr'><strong>pretium</strong></span> <span class='ocrx_word' id='word_1_137' title='bbox 604 2377 769 2442; x_wconf 83' lang='lat' dir='ltr'><strong>efficiatis?</strong></span> <span class='ocrx_word' id='word_1_138' title='bbox 796 2380 847 2442; x_wconf 84' lang='lat' dir='ltr'><strong>An</strong></span> <span class='ocrx_word' id='word_1_139' title='bbox 872 2399 948 2440; x_wconf 87' lang='lat' dir='ltr'><strong>vero</strong></span> <span class='ocrx_word' id='word_1_140' title='bbox 971 2374 1192 2462; x_wconf 85' lang='lat' dir='ltr'><strong>nequidquam</strong></span> 
     </span>
     <span class='ocr_line' id='line_1_18' title="bbox 124 2476 1192 2567; baseline -0.002 -26"><span class='ocrx_word' id='word_1_141' title='bbox 124 2478 236 2565; x_wconf 75' lang='lat' dir='ltr'><strong>«apud</strong></span> <span class='ocrx_word' id='word_1_142' title='bbox 254 2502 311 2542; x_wconf 87' lang='lat' dir='ltr'><strong>vos</strong></span> <span class='ocrx_word' id='word_1_143' title='bbox 331 2480 398 2542; x_wconf 88' lang='lat' dir='ltr'><strong>baec</strong></span> <span class='ocrx_word' id='word_1_144' title='bbox 410 2481 563 2560; x_wconf 89' lang='lat' dir='ltr'><strong>jacimus,</strong></span> <span class='ocrx_word' id='word_1_145' title='bbox 582 2480 669 2543; x_wconf 87' lang='lat' dir='ltr'><strong>fatali</strong></span> <span class='ocrx_word' id='word_1_146' title='bbox 686 2480 746 2544; x_wconf 92' lang='lat' dir='ltr'><strong>hac</strong></span> <span class='ocrx_word' id='word_1_147' title='bbox 764 2479 876 2567; x_wconf 88' lang='lat' dir='ltr'><strong>populi</strong></span> <span class='ocrx_word' id='word_1_148' title='bbox 894 2478 1019 2541; x_wconf 88' lang='lat' dir='ltr'><strong>romani</strong></span> <span class='ocrx_word' id='word_1_149' title='bbox 1036 2476 1192 2564; x_wconf 86' lang='lat' dir='ltr'><strong>simplici·</strong></span> 
     </span>
     <span class='ocr_line' id='line_1_19' title="bbox 125 2573 1193 2667; baseline -0.003 -24"><span class='ocrx_word' id='word_1_150' title='bbox 125 2612 137 2635; x_wconf 89' lang='grc' dir='ltr'><strong>ιι</strong></span> <span class='ocrx_word' id='word_1_151' title='bbox 151 2595 231 2660; x_wconf 85' lang='lat' dir='ltr'><strong>tate,</strong></span> <span class='ocrx_word' id='word_1_152' title='bbox 247 2597 283 2643; x_wconf 92' lang='lat' dir='ltr'><strong>ut</strong></span> <span class='ocrx_word' id='word_1_153' title='bbox 299 2580 389 2643; x_wconf 91' lang='lat' dir='ltr'><strong>illudi</strong></span> <span class='ocrx_word' id='word_1_154' title='bbox 404 2581 464 2643; x_wconf 90' lang='lat' dir='ltr'><strong>sibi</strong></span> <span class='ocrx_word' id='word_1_155' title='bbox 482 2581 572 2644; x_wconf 91' lang='lat' dir='ltr'><strong>facile</strong></span> <span class='ocrx_word' id='word_1_156' title='bbox 587 2582 686 2660; x_wconf 88' lang='lat' dir='ltr'><strong>serat,</strong></span> <span class='ocrx_word' id='word_1_157' title='bbox 704 2603 762 2643; x_wconf 90' lang='lat' dir='ltr'><strong>uec</strong></span> <span class='ocrx_word' id='word_1_158' title='bbox 777 2602 836 2667; x_wconf 89' lang='lat' dir='ltr'><strong>pro</strong></span> <span class='ocrx_word' id='word_1_159' title='bbox 849 2577 1072 2666; x_wconf 83' lang='lat' dir='ltr'><strong>magnitudine</strong></span> <span class='ocrx_word' id='word_1_160' title='bbox 1089 2576 1135 2639; x_wconf 90' lang='lat' dir='ltr'><strong>rei</strong></span> <span class='ocrx_word' id='word_1_161' title='bbox 1151 2573 1193 2640; x_wconf 90' lang='lat' dir='ltr'><strong>ad</strong></span> 
     </span>
     <span class='ocr_line' id='line_1_20' title="bbox 127 2678 1192 2769; baseline -0.002 -28"><span class='ocrx_word' id='word_1_162' title='bbox 127 2711 138 2734; x_wconf 90' lang='grc' dir='ltr'><strong>ιι</strong></span> <span class='ocrx_word' id='word_1_163' title='bbox 152 2703 208 2742; x_wconf 86' lang='lat' dir='ltr'><strong>sua</strong></span> <span class='ocrx_word' id='word_1_164' title='bbox 233 2682 373 2769; x_wconf 87' lang='lat' dir='ltr'><strong>pericula</strong></span> <span class='ocrx_word' id='word_1_165' title='bbox 391 2680 579 2744; x_wconf 79' lang='lat' dir='ltr'><strong>moveatur?</strong></span> <span class='ocrx_word' id='word_1_166' title='bbox 598 2685 706 2767; x_wconf 82' lang='lat' dir='ltr'><strong>Atque</strong></span> <span class='ocrx_word' id='word_1_167' title='bbox 724 2701 793 2743; x_wconf 88' lang='lat' dir='ltr'><strong>eam</strong></span> <span class='ocrx_word' id='word_1_168' title='bbox 808 2681 858 2742; x_wconf 84' lang='lat' dir='ltr'><strong>vel</strong></span> <span class='ocrx_word' id='word_1_169' title='bbox 875 2678 1046 2742; x_wconf 87' lang='lat' dir='ltr'><strong>maximam</strong></span> <span class='ocrx_word' id='word_1_170' title='bbox 1063 2698 1192 2741; x_wconf 90' lang='lat' dir='ltr'><strong>causam</strong></span> 
     </span>
     <span class='ocr_line' id='line_1_21' title="bbox 126 2777 1193 2868; baseline -0.005 -24"><span class='ocrx_word' id='word_1_171' title='bbox 126 2812 138 2835; x_wconf 92' lang='grc' dir='ltr'><strong>ιι</strong></span> <span class='ocrx_word' id='word_1_172' title='bbox 151 2804 219 2844; x_wconf 89' lang='lat' dir='ltr'><strong>esse</strong></span> <span class='ocrx_word' id='word_1_173' title='bbox 240 2805 330 2862; x_wconf 89' lang='lat' dir='ltr'><strong>reor,</strong></span> <span class='ocrx_word' id='word_1_174' title='bbox 362 2805 421 2845; x_wconf 90' lang='lat' dir='ltr'><strong>cur</strong></span> <span class='ocrx_word' id='word_1_175' title='bbox 448 2781 542 2868; x_wconf 90' lang='lat' dir='ltr'><strong>prodi</strong></span> <span class='ocrx_word' id='word_1_176' title='bbox 566 2782 746 2845; x_wconf 88' lang='lat' dir='ltr'><strong>libertatem</strong></span> <span class='ocrx_word' id='word_1_177' title='bbox 773 2796 910 2842; x_wconf 88' lang='lat' dir='ltr'><strong>vestram</strong></span> <span class='ocrx_word' id='word_1_178' title='bbox 937 2799 1105 2842; x_wconf 88' lang='lat' dir='ltr'><strong>necessum</strong></span> <span class='ocrx_word' id='word_1_179' title='bbox 1134 2777 1193 2856; x_wconf 85' lang='lat' dir='ltr'><strong>sit,</strong></span> 
     </span>
     <span class='ocr_line' id='line_1_22' title="bbox 126 2877 1193 2970; baseline -0.005 -25"><span class='ocrx_word' id='word_1_180' title='bbox 126 2885 226 2969; x_wconf 65' lang='lat' dir='ltr'><strong>«quia</strong></span> <span class='ocrx_word' id='word_1_181' title='bbox 256 2907 364 2970; x_wconf 49' lang='lat' dir='ltr'><strong>,neque</strong></span> <span class='ocrx_word' id='word_1_182' title='bbox 390 2883 598 2946; x_wconf 91' lang='lat' dir='ltr'><strong>inimicorum</strong></span> <span class='ocrx_word' id='word_1_183' title='bbox 623 2881 793 2945; x_wconf 90' lang='lat' dir='ltr'><strong>conatibus</strong></span> <span class='ocrx_word' id='word_1_184' title='bbox 818 2895 942 2943; x_wconf 91' lang='lat' dir='ltr'><strong>mature</strong></span> <span class='ocrx_word' id='word_1_185' title='bbox 967 2879 1020 2944; x_wconf 92' lang='lat' dir='ltr'><strong>itis</strong></span> <span class='ocrx_word' id='word_1_186' title='bbox 1046 2877 1193 2958; x_wconf 85' lang='lat' dir='ltr'><strong>obviam,</strong></span> 
     </span>
     <span class='ocr_line' id='line_1_23' title="bbox 132 2971 878 3072; baseline -0.009 -23"><span class='ocrx_word' id='word_1_187' title='bbox 132 3008 255 3072; x_wconf 52' lang='lat' dir='ltr'><strong>tneque</strong></span> <span class='ocrx_word' id='word_1_188' title='bbox 278 2984 466 3065; x_wconf 82' lang='lat' dir='ltr'><strong>defenditis,</strong></span> <span class='ocrx_word' id='word_1_189' title='bbox 484 2971 638 3070; x_wconf 89' lang='lat' dir='ltr'><strong>aquibus</strong></span> <span class='ocrx_word' id='word_1_190' title='bbox 656 2980 878 3046; x_wconf 89' lang='lat' dir='ltr'><strong>defendimini.</strong></span> 
     </span>
    </p>

    <p class='ocr_par' dir='ltr' id='par_1_5' title="bbox 126 3080 1197 4283">
     <span class='ocr_line' id='line_1_24' title="bbox 168 3080 1192 3173; baseline -0.004 -26"><span class='ocrx_word' id='word_1_191' title='bbox 168 3087 282 3150; x_wconf 88' lang='lat' dir='ltr'><strong>XLIV.</strong></span> <span class='ocrx_word' id='word_1_192' title='bbox 299 3118 312 3141; x_wconf 84' lang='grc' dir='ltr'><strong>ι</strong></span> <span class='ocrx_word' id='word_1_193' title='bbox 324 3088 392 3149; x_wconf 89' lang='lat' dir='ltr'><strong>Jam</strong></span> <span class='ocrx_word' id='word_1_194' title='bbox 409 3085 533 3173; x_wconf 88' lang='lat' dir='ltr'><strong>pridem</strong></span> <span class='ocrx_word' id='word_1_195' title='bbox 551 3107 603 3148; x_wconf 93' lang='lat' dir='ltr'><strong>me</strong></span> <span class='ocrx_word' id='word_1_196' title='bbox 618 3083 740 3148; x_wconf 87' lang='lat' dir='ltr'><strong>revolvi</strong></span> <span class='ocrx_word' id='word_1_197' title='bbox 756 3081 797 3146; x_wconf 90' lang='lat' dir='ltr'><strong>ad</strong></span> <span class='ocrx_word' id='word_1_198' title='bbox 809 3081 1001 3146; x_wconf 88' lang='lat' dir='ltr'><strong>domesticas</strong></span> <span class='ocrx_word' id='word_1_199' title='bbox 1017 3080 1192 3167; x_wconf 81' lang='lat' dir='ltr'><strong>lacrymas,</strong></span> 
     </span>
     <span class='ocr_line' id='line_1_25' title="bbox 126 3182 1195 3275; baseline -0.002 -28"><span class='ocrx_word' id='word_1_200' title='bbox 126 3216 137 3237; x_wconf 86' lang='lat'>«</span> <span class='ocrx_word' id='word_1_201' title='bbox 151 3187 346 3275; x_wconf 84' lang='lat' dir='ltr'><strong>intelligitis:</strong></span> <span class='ocrx_word' id='word_1_202' title='bbox 363 3209 468 3273; x_wconf 88' lang='lat' dir='ltr'><strong>neque</strong></span> <span class='ocrx_word' id='word_1_203' title='bbox 493 3185 679 3249; x_wconf 87' lang='lat' dir='ltr'><strong>mehercule</strong></span> <span class='ocrx_word' id='word_1_204' title='bbox 704 3182 889 3250; x_wconf 87' lang='lat' dir='ltr'><strong>mirandum</strong></span> <span class='ocrx_word' id='word_1_205' title='bbox 913 3197 978 3264; x_wconf 88' lang='lat' dir='ltr'><strong>est,</strong></span> <span class='ocrx_word' id='word_1_206' title='bbox 1000 3183 1033 3245; x_wconf 93' lang='lat' dir='ltr'><strong>in</strong></span> <span class='ocrx_word' id='word_1_207' title='bbox 1053 3196 1145 3245; x_wconf 91' lang='lat' dir='ltr'><strong>tanto</strong></span> <span class='ocrx_word' id='word_1_208' title='bbox 1161 3196 1195 3245; x_wconf 85' lang='lat' dir='ltr'><strong>et</strong></span> 
     </span>
     <span class='ocr_line' id='line_1_26' title="bbox 126 3286 1196 3374; baseline -0.004 -25"><span class='ocrx_word' id='word_1_209' title='bbox 126 3318 139 3341; x_wconf 90' lang='grc' dir='ltr'><strong>ιι</strong></span> <span class='ocrx_word' id='word_1_210' title='bbox 152 3289 352 3374; x_wconf 85' lang='lat' dir='ltr'><strong>reipublicae,</strong></span> <span class='ocrx_word' id='word_1_211' title='bbox 369 3304 401 3350; x_wconf 91' lang='lat' dir='ltr'><strong>et</strong></span> <span class='ocrx_word' id='word_1_212' title='bbox 417 3303 534 3351; x_wconf 79' lang='lat' dir='ltr'><strong>nostrae</strong></span> <span class='ocrx_word' id='word_1_213' title='bbox 550 3286 667 3352; x_wconf 89' lang='lat' dir='ltr'><strong>domus</strong></span> <span class='ocrx_word' id='word_1_214' title='bbox 683 3287 837 3366; x_wconf 88' lang='lat' dir='ltr'><strong>vulnere,</strong></span> <span class='ocrx_word' id='word_1_215' title='bbox 852 3308 903 3349; x_wconf 91' lang='lat' dir='ltr'><strong>me</strong></span> <span class='ocrx_word' id='word_1_216' title='bbox 921 3308 988 3348; x_wconf 94' lang='lat' dir='ltr'><strong>non</strong></span> <span class='ocrx_word' id='word_1_217' title='bbox 1004 3306 1099 3373; x_wconf 88' lang='lat' dir='ltr'><strong>posse</strong></span> <span class='ocrx_word' id='word_1_218' title='bbox 1113 3304 1196 3370; x_wconf 66' lang='lat' dir='ltr'><strong>que7</strong></span> 
     </span>
     <span class='ocr_line' id='line_1_27' title="bbox 127 3385 1195 3474; baseline -0.003 -25"><span class='ocrx_word' id='word_1_219' title='bbox 127 3419 139 3442; x_wconf 90' lang='grc' dir='ltr'><strong>ιι</strong></span> <span class='ocrx_word' id='word_1_220' title='bbox 152 3390 363 3453; x_wconf 88' lang='lat' dir='ltr'><strong>rimoniarum</strong></span> <span class='ocrx_word' id='word_1_221' title='bbox 377 3405 410 3453; x_wconf 90' lang='lat' dir='ltr'><strong>et</strong></span> <span class='ocrx_word' id='word_1_222' title='bbox 422 3389 544 3453; x_wconf 91' lang='lat' dir='ltr'><strong>doloris</strong></span> <span class='ocrx_word' id='word_1_223' title='bbox 557 3389 713 3452; x_wconf 84' lang='lat' dir='ltr'><strong>oblivisci.</strong></span> <span class='ocrx_word' id='word_1_224' title='bbox 731 3388 796 3470; x_wconf 90' lang='lat' dir='ltr'><strong>Te,</strong></span> <span class='ocrx_word' id='word_1_225' title='bbox 815 3403 867 3466; x_wconf 89' lang='lat' dir='ltr'><strong>te,</strong></span> <span class='ocrx_word' id='word_1_226' title='bbox 884 3386 1008 3474; x_wconf 88' lang='lat' dir='ltr'><strong>optime</strong></span> <span class='ocrx_word' id='word_1_227' title='bbox 1021 3385 1195 3470; x_wconf 88' lang='lat' dir='ltr'><strong>animoque</strong></span> 
     </span>
     <span class='ocr_line' id='line_1_28' title="bbox 128 3487 1195 3577; baseline 0.002 -29"><span class='ocrx_word' id='word_1_228' title='bbox 128 3518 139 3539; x_wconf 93' lang='grc' dir='ltr'><strong>ιι</strong></span> <span class='ocrx_word' id='word_1_229' title='bbox 154 3509 226 3550; x_wconf 90' lang='lat' dir='ltr'><strong>meo</strong></span> <span class='ocrx_word' id='word_1_230' title='bbox 243 3489 403 3553; x_wconf 89' lang='lat' dir='ltr'><strong>carissime</strong></span> <span class='ocrx_word' id='word_1_231' title='bbox 419 3491 536 3571; x_wconf 89' lang='lat' dir='ltr'><strong>frater,</strong></span> <span class='ocrx_word' id='word_1_232' title='bbox 555 3489 720 3570; x_wconf 88' lang='lat' dir='ltr'><strong>desidero,</strong></span> <span class='ocrx_word' id='word_1_233' title='bbox 738 3513 836 3577; x_wconf 91' lang='lat' dir='ltr'><strong>quem</strong></span> <span class='ocrx_word' id='word_1_234' title='bbox 857 3489 920 3570; x_wconf 92' lang='lat' dir='ltr'><strong>illi,</strong></span> <span class='ocrx_word' id='word_1_235' title='bbox 937 3510 1039 3576; x_wconf 93' lang='lat' dir='ltr'><strong>quum</strong></span> <span class='ocrx_word' id='word_1_236' title='bbox 1056 3487 1129 3566; x_wconf 87' lang='lat' dir='ltr'><strong>jure</strong></span> <span class='ocrx_word' id='word_1_237' title='bbox 1144 3506 1195 3550; x_wconf 81' lang='lat' dir='ltr'><strong>es·</strong></span> 
     </span>
     <span class='ocr_line' id='line_1_29' title="bbox 129 3586 1196 3678; baseline 0.003 -31"><span class='ocrx_word' id='word_1_238' title='bbox 129 3603 226 3648; x_wconf 84' lang='lat' dir='ltr'><strong>«sent</strong></span> <span class='ocrx_word' id='word_1_239' title='bbox 243 3590 395 3675; x_wconf 86' lang='lat' dir='ltr'><strong>impares,</strong></span> <span class='ocrx_word' id='word_1_240' title='bbox 416 3615 474 3678; x_wconf 85' lang='lat' dir='ltr'><strong>per</strong></span> <span class='ocrx_word' id='word_1_241' title='bbox 496 3592 690 3657; x_wconf 86' lang='lat' dir='ltr'><strong>seditionem</strong></span> <span class='ocrx_word' id='word_1_242' title='bbox 711 3591 886 3655; x_wconf 89' lang='lat' dir='ltr'><strong>crudeliter</strong></span> <span class='ocrx_word' id='word_1_243' title='bbox 906 3590 1116 3669; x_wconf 88' lang='lat' dir='ltr'><strong>oeciderunt,</strong></span> <span class='ocrx_word' id='word_1_244' title='bbox 1135 3586 1196 3651; x_wconf 89' lang='lat' dir='ltr'><strong>mi-</strong></span> 
     </span>
     <span class='ocr_line' id='line_1_30' title="bbox 129 3688 1196 3779; baseline 0.001 -29"><span class='ocrx_word' id='word_1_245' title='bbox 129 3718 141 3742; x_wconf 90' lang='grc' dir='ltr'><strong>ιι</strong></span> <span class='ocrx_word' id='word_1_246' title='bbox 156 3688 316 3751; x_wconf 87' lang='lat' dir='ltr'><strong>tissimum</strong></span> <span class='ocrx_word' id='word_1_247' title='bbox 330 3691 453 3772; x_wconf 89' lang='lat' dir='ltr'><strong>virum,</strong></span> <span class='ocrx_word' id='word_1_248' title='bbox 468 3709 500 3758; x_wconf 92' lang='lat' dir='ltr'><strong>et</strong></span> <span class='ocrx_word' id='word_1_249' title='bbox 513 3715 554 3756; x_wconf 87' lang='lat' dir='ltr'><strong>ne</strong></span> <span class='ocrx_word' id='word_1_250' title='bbox 568 3692 700 3779; x_wconf 90' lang='lat' dir='ltr'><strong>quidem</strong></span> <span class='ocrx_word' id='word_1_251' title='bbox 712 3693 745 3755; x_wconf 92' lang='lat' dir='ltr'><strong>in</strong></span> <span class='ocrx_word' id='word_1_252' title='bbox 760 3693 876 3756; x_wconf 91' lang='lat' dir='ltr'><strong>ultimo</strong></span> <span class='ocrx_word' id='word_1_253' title='bbox 891 3691 1037 3778; x_wconf 88' lang='lat' dir='ltr'><strong>periculo</strong></span> <span class='ocrx_word' id='word_1_254' title='bbox 1051 3689 1091 3754; x_wconf 87' lang='lat' dir='ltr'><strong>ad</strong></span> <span class='ocrx_word' id='word_1_255' title='bbox 1103 3688 1196 3753; x_wconf 86' lang='lat' dir='ltr'><strong>civile</strong></span> 
     </span>
     <span class='ocr_line' id='line_1_31' title="bbox 130 3790 1195 3882; baseline 0.008 -35"><span class='ocrx_word' id='word_1_256' title='bbox 130 3805 316 3852; x_wconf 65' lang='lat' dir='ltr'><strong>«certamen</strong></span> <span class='ocrx_word' id='word_1_257' title='bbox 337 3790 454 3855; x_wconf 88' lang='lat' dir='ltr'><strong>adduci</strong></span> <span class='ocrx_word' id='word_1_258' title='bbox 480 3816 627 3881; x_wconf 76' lang='lat' dir='ltr'><strong>gnarum.</strong></span> <span class='ocrx_word' id='word_1_259' title='bbox 655 3794 759 3882; x_wconf 83' lang='lat' dir='ltr'><strong>Igitur</strong></span> <span class='ocrx_word' id='word_1_260' title='bbox 784 3793 856 3871; x_wconf 90' lang='lat' dir='ltr'><strong>ille,</strong></span> <span class='ocrx_word' id='word_1_261' title='bbox 880 3815 922 3854; x_wconf 86' lang='lat' dir='ltr'><strong>ne</strong></span> <span class='ocrx_word' id='word_1_262' title='bbox 946 3792 1039 3871; x_wconf 87' lang='lat' dir='ltr'><strong>cujus</strong></span> <span class='ocrx_word' id='word_1_263' title='bbox 1064 3790 1195 3856; x_wconf 70' lang='lat' dir='ltr'><strong>alterius</strong></span> 
     </span>
     <span class='ocr_line' id='line_1_32' title="bbox 128 3890 1195 3979; baseline 0.006 -32"><span class='ocrx_word' id='word_1_264' title='bbox 128 3922 140 3947; x_wconf 69' lang='lat' dir='ltr'><strong>a</strong></span> <span class='ocrx_word' id='word_1_265' title='bbox 153 3891 342 3979; x_wconf 87' lang='lat' dir='ltr'><strong>sanguinem</strong></span> <span class='ocrx_word' id='word_1_266' title='bbox 358 3890 527 3975; x_wconf 88' lang='lat' dir='ltr'><strong>funderet,</strong></span> <span class='ocrx_word' id='word_1_267' title='bbox 539 3917 636 3957; x_wconf 89' lang='lat' dir='ltr'><strong>suum</strong></span> <span class='ocrx_word' id='word_1_268' title='bbox 648 3893 758 3956; x_wconf 89' lang='lat' dir='ltr'><strong>dedit:</strong></span> <span class='ocrx_word' id='word_1_269' title='bbox 771 3893 842 3955; x_wconf 90' lang='lat' dir='ltr'><strong>aliis</strong></span> <span class='ocrx_word' id='word_1_270' title='bbox 854 3891 983 3978; x_wconf 88' lang='lat' dir='ltr'><strong>reliquit</strong></span> <span class='ocrx_word' id='word_1_271' title='bbox 994 3890 1195 3978; x_wconf 85' lang='lat' dir='ltr'><strong>exemplum,</strong></span> 
     </span>
     <span class='ocr_line' id='line_1_33' title="bbox 129 3988 1197 4084; baseline -0.002 -28"><span class='ocrx_word' id='word_1_272' title='bbox 129 4025 141 4049; x_wconf 90' lang='grc' dir='ltr'><strong>ιι</strong></span> <span class='ocrx_word' id='word_1_273' title='bbox 154 4011 189 4056; x_wconf 91' lang='lat' dir='ltr'><strong>ut</strong></span> <span class='ocrx_word' id='word_1_274' title='bbox 207 3993 334 4057; x_wconf 83' lang='lat' dir='ltr'><strong>casdem</strong></span> <span class='ocrx_word' id='word_1_275' title='bbox 351 3994 493 4057; x_wconf 90' lang='lat' dir='ltr'><strong>actiones</strong></span> <span class='ocrx_word' id='word_1_276' title='bbox 508 3995 667 4084; x_wconf 83' lang='lat' dir='ltr'><strong>aggressi,</strong></span> <span class='ocrx_word' id='word_1_277' title='bbox 683 3993 745 4057; x_wconf 90' lang='lat' dir='ltr'><strong>sibi</strong></span> <span class='ocrx_word' id='word_1_278' title='bbox 763 4016 829 4056; x_wconf 86' lang='lat' dir='ltr'><strong>non</strong></span> <span class='ocrx_word' id='word_1_279' title='bbox 845 3992 943 4056; x_wconf 90' lang='lat' dir='ltr'><strong>alium</strong></span> <span class='ocrx_word' id='word_1_280' title='bbox 960 3993 1083 4057; x_wconf 88' lang='lat' dir='ltr'><strong>exitum</strong></span> <span class='ocrx_word' id='word_1_281' title='bbox 1097 3988 1197 4054; x_wconf 86' lang='lat' dir='ltr'><strong>desti·</strong></span> 
     </span>
     <span class='ocr_line' id='line_1_34' title="bbox 128 4092 1197 4178; baseline -0.005 -21"><span class='ocrx_word' id='word_1_282' title='bbox 128 4127 142 4152; x_wconf 82' lang='grc' dir='ltr'><strong>ι</strong></span> <span class='ocrx_word' id='word_1_283' title='bbox 155 4113 267 4159; x_wconf 87' lang='lat' dir='ltr'><strong>natum</strong></span> <span class='ocrx_word' id='word_1_284' title='bbox 284 4118 354 4178; x_wconf 19' lang='lat' dir='ltr'><strong>,esse</strong></span> <span class='ocrx_word' id='word_1_285' title='bbox 372 4095 595 4175; x_wconf 87' lang='lat' dir='ltr'><strong>meminerint,</strong></span> <span class='ocrx_word' id='word_1_286' title='bbox 611 4095 716 4158; x_wconf 89' lang='lat' dir='ltr'><strong>donec</strong></span> <span class='ocrx_word' id='word_1_287' title='bbox 730 4109 762 4158; x_wconf 90' lang='lat' dir='ltr'><strong>et</strong></span> <span class='ocrx_word' id='word_1_288' title='bbox 777 4092 869 4157; x_wconf 83' lang='lat' dir='ltr'><strong>robis</strong></span> <span class='ocrx_word' id='word_1_289' title='bbox 885 4094 954 4158; x_wconf 85' lang='lat' dir='ltr'><strong>haec</strong></span> <span class='ocrx_word' id='word_1_290' title='bbox 968 4092 1116 4157; x_wconf 88' lang='lat' dir='ltr'><strong>socordia</strong></span> <span class='ocrx_word' id='word_1_291' title='bbox 1130 4111 1197 4153; x_wconf 85' lang='lat' dir='ltr'><strong>ma·</strong></span> 
     </span>
     <span class='ocr_line' id='line_1_35' title="bbox 129 4194 934 4283; baseline -0.005 -22"><span class='ocrx_word' id='word_1_292' title='bbox 129 4199 263 4278; x_wconf 76' lang='lat' dir='ltr'><strong>«nebit,</strong></span> <span class='ocrx_word' id='word_1_293' title='bbox 281 4215 313 4262; x_wconf 91' lang='lat' dir='ltr'><strong>et</strong></span> <span class='ocrx_word' id='word_1_294' title='bbox 327 4197 387 4260; x_wconf 88' lang='lat' dir='ltr'><strong>illis</strong></span> <span class='ocrx_word' id='word_1_295' title='bbox 404 4197 473 4261; x_wconf 74' lang='lat' dir='ltr'><strong>haec</strong></span> <span class='ocrx_word' id='word_1_296' title='bbox 490 4211 555 4260; x_wconf 85' lang='lat' dir='ltr'><strong>tam</strong></span> <span class='ocrx_word' id='word_1_297' title='bbox 571 4194 731 4282; x_wconf 90' lang='lat' dir='ltr'><strong>impunita</strong></span> <span class='ocrx_word' id='word_1_298' title='bbox 747 4194 934 4283; x_wconf 82' lang='lat' dir='ltr'><strong>superbia.»</strong></span> 
     </span>
    </p>

    <p class='ocr_par' dir='ltr' id='par_1_6' title="bbox 129 4290 1197 4588">
     <span class='ocr_line' id='line_1_36' title="bbox 172 4290 1196 4363; baseline -0.005 -2"><span class='ocrx_word' id='word_1_299' title='bbox 172 4300 269 4363; x_wconf 88' lang='lat' dir='ltr'><strong>XLV.</strong></span> <span class='ocrx_word' id='word_1_300' title='bbox 293 4299 404 4362; x_wconf 86' lang='lat' dir='ltr'><strong>Multis</strong></span> <span class='ocrx_word' id='word_1_301' title='bbox 432 4295 551 4361; x_wconf 88' lang='lat' dir='ltr'><strong>deinde</strong></span> <span class='ocrx_word' id='word_1_302' title='bbox 577 4312 648 4358; x_wconf 92' lang='lat' dir='ltr'><strong>tum</strong></span> <span class='ocrx_word' id='word_1_303' title='bbox 673 4296 707 4359; x_wconf 93' lang='lat' dir='ltr'><strong>in</strong></span> <span class='ocrx_word' id='word_1_304' title='bbox 735 4311 883 4360; x_wconf 87' lang='lat' dir='ltr'><strong>auctores</strong></span> <span class='ocrx_word' id='word_1_305' title='bbox 910 4293 1074 4358; x_wconf 85' lang='lat' dir='ltr'><strong>tiberianae</strong></span> <span class='ocrx_word' id='word_1_306' title='bbox 1101 4290 1196 4356; x_wconf 82' lang='lat' dir='ltr'><strong>caedis</strong></span> 
     </span>
     <span class='ocr_line' id='line_1_37' title="bbox 129 4392 1196 4483; baseline -0.006 -21"><span class='ocrx_word' id='word_1_307' title='bbox 129 4401 242 4464; x_wconf 87' lang='lat' dir='ltr'><strong>acerbe</strong></span> <span class='ocrx_word' id='word_1_308' title='bbox 259 4417 291 4464; x_wconf 92' lang='lat' dir='ltr'><strong>et</strong></span> <span class='ocrx_word' id='word_1_309' title='bbox 307 4400 514 4463; x_wconf 88' lang='lat' dir='ltr'><strong>vehementer</strong></span> <span class='ocrx_word' id='word_1_310' title='bbox 531 4398 678 4460; x_wconf 81' lang='lat' dir='ltr'><strong>invectus</strong></span> <span class='ocrx_word' id='word_1_311' title='bbox 693 4413 757 4472; x_wconf 86' lang='lat' dir='ltr'><strong>cst,</strong></span> <span class='ocrx_word' id='word_1_312' title='bbox 774 4413 847 4461; x_wconf 89' lang='lat' dir='ltr'><strong>tum</strong></span> <span class='ocrx_word' id='word_1_313' title='bbox 863 4398 896 4460; x_wconf 91' lang='lat' dir='ltr'><strong>in</strong></span> <span class='ocrx_word' id='word_1_314' title='bbox 914 4395 1121 4474; x_wconf 71' lang='lat' dir='ltr'><strong>Africanum,</strong></span> <span class='ocrx_word' id='word_1_315' title='bbox 1138 4392 1196 4483; x_wconf 91' lang='lat' dir='ltr'><strong>qui</strong></span> 
     </span>
     <span class='ocr_line' id='line_1_38' title="bbox 130 4493 1197 4588; baseline -0.005 -27"><span class='ocrx_word' id='word_1_316' title='bbox 130 4522 195 4562; x_wconf 90' lang='lat' dir='ltr'><strong>non</strong></span> <span class='ocrx_word' id='word_1_317' title='bbox 215 4501 366 4566; x_wconf 87' lang='lat' dir='ltr'><strong>timuerat</strong></span> <span class='ocrx_word' id='word_1_318' title='bbox 382 4500 506 4581; x_wconf 86' lang='lat' dir='ltr'><strong>dicere,</strong></span> <span class='ocrx_word' id='word_1_319' title='bbox 524 4498 680 4564; x_wconf 74' lang='lat' dir='ltr'><strong>Ilbent&#39;ttm</strong></span> <span class='ocrx_word' id='word_1_320' title='bbox 687 4499 765 4588; x_wconf 79' lang='lat' dir='ltr'><strong>jure</strong></span> <span class='ocrx_word' id='word_1_321' title='bbox 781 4519 897 4560; x_wconf 71' lang='lat' dir='ltr'><strong>caesum</strong></span> <span class='ocrx_word' id='word_1_322' title='bbox 912 4496 1020 4560; x_wconf 71' lang='lat' dir='ltr'><strong>videri.</strong></span> <span class='ocrx_word' id='word_1_323' title='bbox 1040 4495 1144 4577; x_wconf 89' lang='lat' dir='ltr'><strong>Dum,</strong></span> <span class='ocrx_word' id='word_1_324' title='bbox 1162 4493 1197 4568; x_wconf 85' lang='lat' dir='ltr'><strong>in</strong></span> 
     </span>
    </p>
   </div>
   <div class='ocr_carea' id='block_1_5' title="bbox 0 0 1309 4980">
    <p class='ocr_par' dir='ltr' id='par_1_7' title="bbox 0 0 1309 4980">
     <span class='ocr_line' id='line_1_39' title="bbox 0 0 1309 4980; baseline 0 0"><span class='ocrx_word' id='word_1_325' title='bbox 0 0 1309 4980; x_wconf 95' lang='lat' dir='ltr'><strong> </strong></span> 
     </span>
    </p>
   </div>
  </div>
 </body>
</html>
