2594 4980
133 627 204 701 510
290 602 1042 711 tornmusunssstibtirrtnss

130 753 224 818 allam
232 746 398 816 Nunadioe
405 746 519 836 populi
531 748 658 811 romani
665 742 833 813 mlum
844 747 978 811 reu'n'm
988 742 1102 825 hbeat,
1115 764 1223 811 amu

131 853 252 919 labem
263 852 370 913 anim
380 850 570 937 positurum.
580 844 668 911 Tum
684 868 764 913 vero
779 846 939 930 Manlius,
956 876 971 903 ι
981 844 1088 931 Quod
1102 844 1148 913 de
1160 848 1222 913 lu·

132 986 146 1010 a
156 955 281 1045 gurthae
297 974 401 1040 regno
416 967 525 1029 tenes,
542 949 605 1029 ait,
619 970 677 1013 rex
687 948 834 1031 Bocche,
848 948 987 1037 majores
1001 948 1111 1015 nostri
1121 948 1221 1031 justo

131 1057 277 1145 «pioque
298 1053 385 1117 beIIo
406 1068 555 1139 captum,
568 1050 754 1117 Masinissa
771 1048 863 1117 dono
881 1049 1069 1118 dederunt:
1088 1052 1147 1117 cui
1166 1052 1218 1117 rei

134 1189 148 1214 ι
157 1159 226 1222 haec
244 1157 328 1220 inest
344 1152 506 1228 conditio,
522 1168 579 1233 ut,
596 1149 704 1217 donec
718 1152 846 1219 maeuii
862 1154 1055 1244 populoque
1068 1174 1218 1220 romam

132 1259 261 1323 «visum
283 1255 402 1335 hierit,
426 1255 561 1335 habeat,
586 1253 644 1342 qui
669 1255 805 1344 accepit.
830 1255 930 1321 Nunc
949 1276 1046 1339 vero,
1071 1270 1216 1321 morem

133 1360 235 1426 «olim
256 1359 443 1436 Masinissa,
470 1355 646 1443 nepotibus
666 1354 737 1436 ejus
760 1355 804 1421 ab
827 1356 989 1448 Iugurtha
1008 1356 1215 1439 interfectis,

132 1484 263 1550 «neque
278 1481 380 1549 penes
394 1460 523 1522 hostem
540 1478 628 1540 esse,
652 1456 745 1545 quod
765 1458 871 1524 amico
892 1456 1039 1535 dederit,
1062 1458 1214 1549 populus

132 1595 146 1620 α
157 1584 312 1628 romanus
324 1561 463 1648 patitur,
478 1581 603 1647 neque,
620 1556 712 1647 quod
727 1580 826 1625 suum
839 1575 907 1641 est,
921 1558 956 1623 id
969 1580 989 1624 a
1002 1574 1037 1625 te
1050 1574 1212 1649 tanquam

132 1664 324 1754 «Iugurthae
340 1661 530 1749 ademptum
545 1658 716 1750 possideri.
727 1692 742 1717 ι

178 1765 319 1831 XXXII.
330 1765 388 1828 His
402 1765 490 1827 ultro
504 1764 655 1851 citroque
663 1762 807 1845 jactatis,
821 1784 941 1852 quum,
952 1763 980 1825 si
992 1782 1053 1851 per
1064 1760 1211 1829 uarium

133 1869 261 1948 liceret,
279 1868 401 1956 legatos
424 1866 465 1929 ad
487 1881 637 1951 senatum
658 1866 788 1931 mittem
802 1860 886 1931 velle
899 1886 957 1929 rex
970 1862 1158 1947 adiecisset,
1173 1864 1210 1929 in

135 1970 304 2059 praesentia
321 1969 498 2034 discessum
519 1984 578 2033 est.
601 1966 769 2033 Bocchum
789 1966 905 2049 amici,
922 1988 942 2030 a
957 1964 1119 2056 Iugurtha
1133 1986 1210 2031 cor·

135 2070 224 2158 rupti
241 2070 347 2156 (nam,
365 2085 531 2156 comperta
546 2068 643 2133 Sullae
660 2068 839 2157 Manliique
853 2068 1030 2158 legatione,
1046 2088 1161 2157 preces
1175 2082 1211 2133 et

136 2171 223 2236 dona
251 2170 507 2256 cumulaverat),
534 2192 553 2233 a
580 2169 751 2258 proposito
781 2190 958 2258 parumper
986 2166 1209 2234 dimoverant.

135 2272 263 2338 Deinde
289 2258 468 2336 mobilitate
498 2271 662 2361 ingenita,
685 2286 719 2337 et
745 2270 877 2352 amicis,
902 2269 1024 2357 quibus
1047 2268 1212 2361 Iugurtha

136 2374 220 2438 nihil
235 2373 383 2457 dederat,
400 2372 660 2462 impellentibus,
681 2372 815 2462 iugenio
831 2388 865 2437 et
885 2370 949 2436 fide
974 2372 1114 2437 maxime
1129 2392 1210 2461 pm·

136 2477 229 2541 batos
254 2478 399 2565 quinque
425 2474 559 2564 delegit,
578 2474 636 2564 qui
659 2474 703 2540 ad
726 2474 889 2556 Marium,
911 2490 963 2556 et,
981 2475 1008 2538 si
1029 2474 1138 2539 visum
1160 2472 1212 2539 illi

135 2578 268 2660 fuisset,
284 2581 420 2642 Romam
435 2575 730 2664 proficiscerentur,
747 2598 824 2642 cum
840 2576 951 2642 liberis
967 2574 1129 2641 mandatis
1140 2574 1212 2641 bel·

135 2680 204 2744 lum
216 2704 353 2768 quoquo
364 2678 463 2743 modo
477 2676 708 2767 componendi.
721 2676 842 2743 Iisdem
853 2678 1057 2759 injunctum,
1070 2692 1110 2741 ut
1120 2676 1211 2743 Sulla

136 2783 285 2871 inprimis
301 2781 451 2862 adjutore
466 2782 554 2868 pacis
572 2795 753 2846 uterentur.

181 2884 338 2949 XXXIII.
358 2885 399 2947 Hi
416 2907 520 2971 quum
538 2882 579 2947 ad
597 2882 735 2949 hiberna
753 2883 849 2948 Marii
865 2881 1160 2972 proficiscerentur,
1174 2880 1211 2945 io

138 2988 271 3075 gaetulos
292 2986 432 3049 latrones
456 2984 661 3067 inciderunt,
685 2986 843 3073 aquibus
858 2985 1002 3074 spoliati,
1018 2982 1213 3099 dimissique

137 3103 357 3176 pervenerunt
379 3086 420 3149 ad
440 3088 561 3150 Sullam
570 3108 696 3175 ,quem
720 3087 912 3175 imperator,
933 3082 1073 3150 donec
1063 3104 1134 3174 ipse
1157 3104 1214 3149 re·

137 3188 249 3253 diisset
256 3211 339 3276 ,pro
355 3204 492 3274 praetore
505 3187 690 3273 reliquerat.
710 3188 819 3252 Nam
810 3210 845 3253 tn
860 3187 1004 3253 Gaemlos
1018 3208 1095 3251 cum
1110 3206 1214 3274 expe-

138 3288 212 3353 ditis
224 3288 415 3353 cohortibus
429 3305 460 3351 et
473 3303 564 3375 parte
576 3288 738 3375 equitatus
750 3289 931 3377 profectus,
943 3288 1060 3352 turrIm
1070 3286 1213 3378 regiam,

138 3389 173 3451 in
190 3412 254 3475 qua
269 3389 429 3477 Iugurtha
446 3390 598 3476 perfugas
613 3410 729 3455 omnes
746 3391 924 3479 presidio
915 3402 1131 3480 imposuerat,
1148 3388 1215 3455 ob-

138 3490 272 3554 sidebat.
293 3491 428 3554 Interim
446 3491 534 3554 Sulla
550 3492 672 3580 legatos
685 3492 823 3574 bocchi,
841 3493 1075 3556 humanissime
1091 3490 1217 3557 libera·

137 3590 505 3679 lissimequeexceptos,
523 3592 584 3656 hac
598 3592 756 3681 opinione
771 3592 909 3677 imbuit,
925 3608 965 3658 ut
982 3608 1016 3659 et
1031 3593 1153 3658 binam
1170 3590 1218 3659 de

138 3693 270 3759 avaritia
278 3695 501 3777 Romanorum
511 3694 642 3777 falsam,
656 3709 691 3759 et
699 3710 895 3784 quaestorem
906 3695 968 3760 sibi
979 3693 1217 3763 amicissimum

138 3796 392 3861 arbitrarentur:
419 3797 496 3884 ipsis
521 3796 610 3860 enim
635 3794 705 3861 dari
726 3797 903 3885 putabant,
926 3796 1018 3887 quod
1039 3796 1218 3864 ambitioni

139 3921 205 3963 suae
225 3897 313 3963 Sulla
330 3898 509 3978 tribuebat,
528 3914 567 3962 ιιι
581 3919 622 3963 ex
636 3899 782 3988 oppressi
799 3897 942 3964 deditive
959 3898 1129 3989 Iugurthae
1144 3898 1220 3991 gas

138 4000 186 4064 ria
202 4000 481 4088 quamplurimum
496 4001 558 4065 sibi
572 4000 770 4091 decerperet.
782 4000 848 4068 Sed
860 4002 924 4080 iIli,
949 3999 1109 4067 beneficio
1118 4002 1219 4085 victi,

140 4102 220 4187 quid
236 4104 269 4166 in
285 4102 444 4167 mandatis
459 4103 633 4185 haberent,
649 4119 776 4171 moreto
791 4120 984 4193 exponunt,
998 4126 1096 4192 opem
1109 4105 1222 4171 consi·

174 4306 937 4375 §xxx1.appian-saluu.—ntoeor—smn
950 4306 1212 4375 &Ilm-Apph.

140 4391 270 4439 -uPItar
270 4392 332 4439 chi
335 4394 474 4449 nSulIa,c
461 4410 514 4457 cap
533 4393 558 4442 3.
