2594 4980
313 703 369 770 IN
400 702 509 770 LOC.
536 702 630 769 LIB.
657 702 718 769 LV
749 701 961 807 LIYIANI.
1100 702 1171 796 249

101 823 215 886 «ribus
231 836 317 884 natu
333 822 378 884 sic
393 822 592 909 accepimus,
608 821 734 885 duabus
751 822 890 887 maxime
903 822 1001 886 rebus
1012 823 1171 911 populum

101 955 115 977 ι
124 946 307 986 romanum
323 922 491 1005 excellere,
503 924 641 1004 virtute,
658 946 695 987 ac
702 925 826 1004 justitia
839 947 846 988 :
857 924 897 991 ab
909 924 1025 1004 altero,
1036 923 1171 1004 habere,

103 1041 164 1087 -ut
185 1023 277 1088 bello
299 1023 444 1111 superari
464 1041 623 1112 nequeat,
648 1025 688 1088 ab
711 1026 829 1106 altere,
852 1041 891 1089 ut
913 1026 994 1089 nolit
1013 1024 1171 1091 beneficio

102 1126 224 1188 «vitici.
244 1126 361 1208 Quum
386 1148 511 1188 servare
534 1143 591 1189 aut
613 1126 749 1215 perdere
770 1143 914 1191 vestrum
938 1127 1114 1206 exercitum
1138 1126 1172 1188 in

104 1249 231 1290 «manu
250 1242 362 1289 nostra
379 1243 479 1308 esset,
504 1227 592 1315 quod
614 1228 789 1313 humanius
811 1245 879 1291 erat
898 1229 1050 1308 fecimus,
1066 1244 1103 1291 ut
1123 1227 1173 1290 di·

105 1329 336 1391 mitteremus
352 1329 560 1393 incolumem.

148 1430 274 1494 XXVI.
293 1431 381 1493 «Pro
396 1430 459 1493 hoc
471 1430 604 1511 meritc,
620 1446 656 1493 ut
666 1431 731 1510 jam
745 1430 886 1519 pristinae
903 1428 1060 1493 foederum
1077 1451 1175 1518 spon·

105 1562 118 1584 «
128 1531 239 1594 siones
258 1529 390 1610 sileant,
410 1547 524 1594 nostro
536 1532 610 1612 jure
627 1555 738 1620 pacem
754 1532 993 1619 amicitiamque
1009 1532 1173 1620 postulare

107 1648 339 1721 ·p0teramus;
357 1632 414 1696 sed
435 1635 595 1696 malumus
612 1634 762 1723 precibus
780 1657 890 1723 agere,
907 1657 1030 1721 rosque
1046 1656 1104 1722 per
1119 1634 1174 1714 ju·

108 1751 198 1798 «rata
213 1735 312 1797 toties
328 1734 482 1815 numina,
496 1757 555 1822 per
573 1736 658 1823 ipsos
674 1736 744 1799 illos
761 1753 826 1799 tam
844 1751 949 1799 certos
965 1735 1086 1797 ultores
1100 1756 1175 1821 per·

109 1865 121 1888 ·
127 1835 205 1915 jurii
218 1835 316 1916 deos,
333 1859 391 1924 per
402 1836 541 1917 liberos,
555 1837 773 1924 propinquos,
788 1837 872 1900 cives
887 1835 1028 1922 denique
1037 1850 1175 1924 vestros,

110 1936 188 2023 ·qui
208 1953 324 2000 nostro
346 1935 503 2001 beneficio
518 1937 626 2000 lucem
645 1937 730 2001 hanc
749 1937 878 2018 vident,
896 1938 1116 2018 obtestamur,
1133 1959 1175 1999 ne

112 2037 297 2125 «perditum
310 2040 518 2127 excisumque
530 2040 608 2103 eatis
621 2040 800 2122 civitatem,
815 2041 907 2121 cujus
922 2063 958 2102 ca
970 2041 1003 2102 in
1016 2039 1174 2127 populum

114 2159 308 2202 «mmanum
324 2142 518 2221 reverentia,
535 2141 562 2203 is
576 2141 703 2204 animus
716 2158 781 2221 est,
797 2159 834 2207 ut
851 2165 892 2205 ne
906 2157 956 2205 tot
970 2141 1102 2228 quidem
1119 2164 1176 2204 an-

116 2260 253 2303 ·norum
268 2241 409 2321 injuriis,
427 2241 567 2328 bellique
584 2257 649 2306 tam
667 2243 764 2324 acris,
782 2265 879 2329 quam
894 2241 998 2328 iniqui
1013 2241 1175 2319 cladibus,

119 2339 175 2403 «ad
188 2340 341 2404 vindictae
364 2342 550 2430 rapiendam
576 2344 778 2407 occasionem
802 2344 946 2432 potuerit
965 2342 1174 2405 commoveri.

122 2441 168 2504 «Si
189 2441 237 2505 fas
254 2443 401 2530 gentium
422 2445 592 2531 respicitis,
610 2444 714 2508 foedus
738 2462 803 2525 est,
819 2444 909 2532 quod
930 2443 1133 2532 pepigimus,
1150 2444 1177 2504 si

125 2543 327 2633 nreligionem
351 2545 543 2626 numinum,
572 2547 617 2610 dii
642 2563 737 2629 sunt,
758 2569 817 2635 per
836 2569 918 2634 quos
939 2546 1083 2624 juratum
1107 2561 1176 2607 est:

128 2667 204 2708 «non
223 2645 380 2710 debemus
405 2648 534 2727 timere,
559 2671 600 2710 ne
623 2650 739 2710 factam
764 2670 877 2736 pacem
903 2669 1028 2709 serrare
1050 2645 1177 2727 nolitis,

131 2768 254 2833 uquam,
273 2749 300 2811 si
317 2772 368 2812 res
381 2748 489 2813 adhuc
505 2750 629 2836 integra
644 2750 742 2833 foret,
758 2750 801 2812 ita
815 2765 847 2812 et
859 2749 997 2828 meritis,
1014 2763 1047 2810 et
1063 2748 1178 2809 mereri

133 2847 362 2934 -cupientibus,
384 2866 534 2937 praestare
556 2849 783 2914 debuissetis.»
803 2852 845 2912 At
862 2866 1010 2930 senatus,
1033 2848 1180 2934 quolibet

135 2948 221 3030 pretio
236 2973 348 3038 pacem
370 2966 435 3013 tam
451 2950 639 3015 indecoram
658 2952 741 3014 bene
758 2951 908 3038 abrumpi
930 2948 1084 3030 credens,
1102 2971 1179 3012 cen·

138 3047 201 3130 suit,
217 3062 265 3130 ut,
283 3055 514 3140 quamprimum
530 3055 603 3116 novi
619 3050 757 3114 comules
774 3052 991 3139 magistratum
1008 3051 1178 3128 infuissent,

141 3145 294 3236 desedere
309 3153 530 3231 rescindendo,
549 3168 581 3216 et
592 3152 770 3216 auctoribus
786 3152 850 3241 ejus
861 3149 980 3240 populo
993 3150 1180 3212 numantino

143 3245 265 3318 dedendis
286 3252 462 3344 referretur.
485 3257 574 3318 Dum
598 3255 667 3318 haec
686 3254 719 3316 in
738 3252 827 3316 Urbe
848 3251 947 3332 fiunt,
969 3251 1014 3315 M.
1029 3251 1180 3316 AEmilius

146 3354 250 3434 unsel,
265 3372 399 3443 accepto
413 3357 572 3436 exercitu,
587 3357 748 3442 quietem,
764 3371 800 3419 ut
814 3353 1066 3436 infructuosam,
1079 3376 1181 3441 asper·

147 3464 231 3535 ssatus,
240 3455 315 3519 belli
326 3479 437 3520 causas
447 3456 774 3521 adversumVaccaeos
787 3478 929 3543 quaerere
941 3455 1093 3537 instituit,
1105 3457 1181 3543 quia

145 3542 337 3621 Numantinos
351 3581 407 3620 sna
419 3559 535 3639 virtus,
548 3574 580 3621 et
590 3559 711 3622 incerta
724 3558 832 3621 adhue
841 3574 972 3621 senatus
981 3558 1130 3622 voluntas
1140 3559 1181 3620 ab

143 3641 235 3725 fssjun'a
249 3660 449 3749 protegebat.

170 3750 300 3823 xxvlt.
314 3760 511 3824 Criminatus
521 3761 636 3850 igitur,
649 3773 825 3825 commeatu
828 3762 948 3850 juvisse
960 3764 1182 3825 nuntaretinum

132 3837 251 3947 Quem,
273 3885 388 3952 agrum
407 3885 520 3925 eorum
538 3864 732 3951 populatur;
750 3861 866 3925 urbem
883 3862 1087 3941 Pallantiam,
1105 3861 1182 3924 locis

128 3938 184 4014 ¹¹5⁸
211 3963 399 4038 maximam,
427 3962 575 4044 obsidet;
604 3980 719 4028 vocato
749 3965 781 4025 in
814 3964 1079 4027 communionem
1107 3962 1180 4024 belli

124 4034 158 4106 ⁰·
180 4057 295 4143 Bruto,
313 4087 457 4151 quocum
481 4063 670 4143 affinitatem
691 4080 909 4145 contraxerat,
932 4063 1092 4128 ulterioris
1108 4063 1183 4128 His·

119 4154 225 4226 f³¹1iae
240 4164 444 4251 proconsule.
468 4166 604 4250 Jamque
621 4164 728 4251 copias
748 4164 791 4227 illi
813 4165 1062 4244 conjunxerant,
1080 4186 1183 4250 quum

147 4363 172 4426 S
193 4379 282 4429 mn.
293 4381 357 4429 rior.
370 4383 409 4435 n,
423 4383 461 4426 ιε.
474 4409 507 4416 -
519 4381 580 4428 ven.
591 4383 629 4440 11,
653 4398 673 4426 1.
687 4408 720 4416 -
733 4381 790 4427 nte.
807 4409 841 4418 ..
859 4381 964 4446 appan.
983 4406 1017 4415 -
1032 4380 1135 4442 corrup.
1148 4407 1180 4416 -

115 4435 201 4507 Ante
211 4461 293 4512 (levir.
304 4464 340 4512 ill.
352 4491 387 4502 -
400 4464 462 4512 Plut.
478 4467 502 4512 in
512 4465 568 4513 Tib.
581 4464 706 4523 Graccho,
719 4481 773 4529 cap.
787 4482 810 4527 9.
