2594 4980
114 107 989 175 10.FRE1NS.SUPP.illuminetis
1028 132 1082 199 ¹7¹

54 233 129 299 eujus
146 227 232 277 filiam
250 227 413 295 Cleopatram
437 228 463 277 in
483 229 678 279 rrratriumuiuui
700 240 850 295 :receperat‚
868 228 934 278 bello
949 228 1089 278 interemit.

56 311 231 370 Ptolemaeus,
247 309 274 360 iu
285 321 362 379 caput
373 311 486 380 graviter
499 312 667 373 vulneratus,
682 310 750 363 inter
760 313 940 376 curationem,
955 312 1019 364 dum
1031 333 1089 365 ossa

59 392 152 446 medici
168 393 304 446 terebrare
320 392 499 459 contendunt,
514 393 673 467 exspiravit:
688 405 767 464 atque
783 392 812 445 iu
830 394 920 449 locum
935 398 992 469 ejus
1008 398 1089 449 irater

62 477 146 530 minor
167 477 340 540 Ptolemaeus,
362 477 408 547 qui
429 478 539 550 Cyrenis
562 477 706 551 regnabat,
724 477 860 531 successit.
884 478 1032 532 Demetrius
1055 481 1091 533 ob

62 560 258 624 crudelitatem,
272 579 353 634 quam
364 578 413 633 per
423 573 554 615 tomenta
569 562 598 613 in
615 578 676 614 suns
688 560 840 625 exercebat,
858 579 875 613 a
890 559 1005 615 Diodoto
1023 582 1091 635 quo-

64 643 136 707 dam,
150 665 206 699 uno
217 664 249 698 ex
259 645 396 717 subjectis,
408 646 453 716 qui
464 644 605 698 Alexandri
619 644 686 708 lilio,
695 645 798 696 bimulo
809 643 968 709 admodum,
976 664 1089 717 regnum

63 730 208 794 menas,
235 729 306 783 bello
328 740 482 799 asperatus,
506 728 654 787 Seleuciam
676 729 804 800 confugit.
828 731 861 783 L.
886 730 1033 785 umatus
1054 729 1089 782 de

63 811 161 865 amsi·
175 811 366 883 triumphavit,
383 811 460 885 signa
475 831 558 877 terea,
572 830 791 887 marmoreaque,
808 823 835 865 et
848 812 952 867 tabulas
963 813 1048 885 pictas
1060 813 1088 868 in

65 895 198 973 triumpho
210 896 281 948 tulit.

30 1059 168 1160 tsDuu
193 1093 355 1158 Critolaus
373 1094 457 1157 iuter
478 1094 614 1160 Achaeos
630 1095 740 1160 omnia
761 1096 872 1163 turbat
893 1096 1090 1184 miscetque,

30 1191 146 1256 Thebis
156 1193 256 1257 altera
269 1195 321 1257 fax
336 1217 445 1261 rerum
459 1218 617 1263 novarum
633 1196 770 1285 Pytheas
778 1198 989 1265 ¹Boeotarchus
1003 1197 1093 1263 haud

30 1293 205 1359 remissiore
221 1295 347 1382 impetu
363 1297 446 1365 cives
462 1320 540 1365 suos
556 1299 589 1363 in
610 1299 732 1369 bellum
752 1323 926 1365 romanum
946 1300 1092 1388 impelle·

32 1393 100 1457 bat.
115 1395 143 1463 ls
157 1395 372 1467 adolescentia
387 1398 526 1486 turpiter
546 1399 750 1485 transducta,
767 1399 845 1469 mox
866 1402 963 1468 etiam
981 1403 1017 1467 in
1039 1426 1091 1469 re·

35 1492 154 1580 pultlim
171 1522 230 1589 per
248 1497 414 1563 audaciam
431 1516 528 1595 atque
548 1503 711 1570 avaritiam
729 1504 831 1571 multa
848 1503 1037 1594 designabat
1057 1506 1092 1568 iu

39 1597 201 1683 perniciem
221 1599 365 1683 ,civitatis
377 1617 534 1690 eruptura
555 1626 564 1668 t
587 1603 645 1669 sed
661 1604 720 1671 ubi
735 1605 902 1687 Metellus,
920 1606 974 1671 cui
992 1609 1092 1694 nego-

43 1695 116 1762 tium
130 1701 190 1765 hoc
204 1718 335 1769 senatuis
354 1701 502 1785 dederat,
519 1706 674 1773 muletam
690 1729 751 1797 pro
767 1707 861 1777 illatis
874 1707 1093 1793 Phooensinm
1181 1698 1188 1707 ”

46 1800 165 1887 populo,
186 1803 556 1895 Amphissensibusque‚
577 1823 610 1873 et
631 1808 715 1895 parti
735 1807 864 1877 Eutoeae
882 1808 1006 1889 injuriis
1032 1809 1094 1873 sol·

49 1913 123 1981 tere,
133 1902 241 1985 jussit,
257 1904 303 1967 ibi
312 1904 450 2001 Pytheas
461 1908 661 1976 exulceratos
674 1909 811 1977 molesto
820 1911 958 1998 imperio
967 1912 1093 1977 animos

54 1992 177 2086 tdeptus,
206 2006 297 2094 prius
327 2007 531 2077 exstimulare
556 2032 624 2079 non
652 2009 793 2095 destitit,
822 2034 920 2098 quam
943 2012 1094 2098 professis

56 2115 142 2169 torua
157 2109 321 2173 llomanos
336 2107 436 2192 odiis,
451 2111 493 2176 ad
508 2133 597 2175 arma
615 2134 691 2177 curn
707 2111 832 2177 Achaeis
847 2110 1094 2198 conjungenda,

59 2192 181 2276 inseret,
199 2211 391 2279 trahuntur
406 2212 440 2282 in
457 2214 645 2278 societatem
662 2211 888 2279 Chalcidenses
904 2235 911 2275 :
926 2227 992 2277 tam
1004 2210 1094 2273 infir·

60 2298 252 2377 ulltsulrnisus
265 2313 413 2379 amicitiis
425 2314 458 2377 in
475 2315 640 2377 Romanos
650 2336 779 2379 sumere
792 2313 914 2379 bellum
932 2310 1094 2376 Critolaus

60 2399 144 2508 {lieu
160 2435 200 2478 ne
221 2414 287 2481 ulla
305 2413 437 2501 quidem
455 2414 489 2484 in
506 2430 661 2483 eventum
683 2414 866 2502 sequiorem
883 2412 945 2477 sibi
961 2434 1094 2477 excusa·

61 2510 124 2609 {⁰¹¹0
137 2514 252 2580 relicta.
274 2515 406 2611 Quippe
424 2516 604 2607 impingere
622 2534 655 2581 et
677 2516 779 2593 vinci,
800 2516 897 2583 etiam
916 2531 991 2605 post
1013 2536 1094 2579 cou-

61 2598 174 2678 ⁸¹¹huon
188 2616 301 2707 inepte
317 2632 425 2705 capta,
442 2618 625 2688 humanum
641 2634 711 2696 ost,
728 2634 761 2683 et
775 2618 915 2687 fortune
929 2617 1013 2681 solet
1030 2616 1093 2685 im·

61 2712 136 2782 puufi
149 2737 157 2781 z
169 2732 201 2781 at
216 2717 352 2783 audacia
362 2741 438 2783 cum
453 2719 689 2802 imbellicitate,
703 2742 770 2787 non
786 2718 1023 2798 infortunium,
1038 2717 1096 2783 sed

61 2814 164 2910 Quia
174 2834 263 2889 recte
274 2836 419 2889 vocatur.
434 2822 550 2911 ltaque
564 2843 632 2886 nou
647 2819 808 2886 difficilior
826 2819 981 2885 Romanis
995 2818 1096 2883 vieto·

61 2917 93 2967 ¹¹³
103 2910 166 2999 luit,
181 2942 281 3007 quam
294 2919 330 2984 in
347 2936 435 2987 tanta
446 2920 592 2991 hostium
608 2922 744 2989 stultitia
760 2922 917 3009 oportuit.

89 3006 123 3077 ll·
136 3017 298 3103 Metellus,
315 3037 354 3088 ut
367 3021 498 3109 pondus
514 3022 695 3115 legatorum
713 3045 849 3087 suorum
869 3021 976 3087 verbis
994 3020 1094 3089 adde·

60 3118 107 3191 ¹⁹¹»
122 3118 228 3185 eodem
252 3122 320 3187 fere
345 3138 507 3210 ternpore,
528 3110 596 3215 quo
618 3124 757 3214 prol'ecti
778 3124 824 3189 illi
843 3139 954 3206 erant,
972 3140 1005 3188 et
1026 3123 1095 3209 ipse

59 3217 200 3293 “mltum
212 3246 272 3318 per
287 3223 484 3295 Thessaliam
499 3243 616 3316 preter
629 3227 815 3293 Lamiacum
826 3226 936 3290 sinum
954 3224 1096 3293 instituit

59 3296 156 3389 ducem,
170 3325 242 3393 lam
254 3325 430 3409 Critolaus,
446 3326 577 3409 adjutus
592 3327 690 3397 etiam
708 3327 857 3397 boeoticis
872 3327 1016 3406 auxiliis,
1031 3327 1097 3391 He·

60 3410 164 3489 ”llum
183 3424 372 3513 obsidebat,
391 3428 426 3493 in
449 3429 621 3499 Thessaliae
646 3429 766 3501 finibus
786 3432 881 3499 sitam
906 3429 1040 3508 urbem,
1063 3444 1097 3493 et

60 3502 156 3585 Achuis
170 3526 333 3591 contribui
347 3548 558 3596 recusantem.
575 3532 638 3597 Sed
648 3531 792 3597 adventu
807 3532 928 3596 Metelli
942 3530 1074 3619 cognito
1086 3579 1095 3611 ,

132 3619 283 3715 hiumque
295 3626 429 3695 flurium
443 3633 484 3698 ab
497 3656 537 3698 eo
550 3650 755 3725 superatum,
767 3656 807 3703 ex
819 3634 932 3696 insana
946 3631 998 3697 illa
1011 3632 1096 3699 fero-

87 3829 1093 3919 ltucsomsc.ne-rsm.s0m0.-ra5s.ap.vn.-m.upn.
