2594 4980
315 732 367 799 tlt
399 730 510 797 LOC.
537 730 630 799 LlB.
657 731 739 797 LVI
768 731 976 800 LIVIANI.
1104 733 1168 803 261

115 848 274 912 «consilio
291 849 477 929 interesses,
498 849 558 914 nisi
579 850 690 939 religio
714 865 746 913 et
770 851 856 940 leges
880 867 1037 934 vetarent,
1061 871 1173 919 contra

117 973 217 1036 «quas
238 972 280 1013 ne
298 951 377 1013 meis
394 950 525 1038 quidem
544 950 728 1015 caritatibus
749 951 910 1040 integrum
930 969 1013 1015 esset
1034 976 1172 1040 parcere.

118 1055 216 1133 «Quo
230 1068 375 1139 tempore
392 1067 481 1139 pater
498 1067 657 1139 patratus,
673 1052 713 1115 ad
727 1052 912 1116 solvendam
929 1054 1083 1142 religione
1098 1056 1174 1119 civi·

118 1169 257 1227 «tatem,
281 1154 482 1216 hostibus'te
505 1153 617 1241 populi
647 1147 771 1216 romani
797 1152 938 1232 dedidit,
962 1154 1039 1217 civis
1064 1171 1174 1219 noster

117 1286 128 1307 ιι
139 1277 206 1317 csse
227 1254 370 1318 desiisti:
388 1277 493 1341 neque
510 1255 568 1316 tibi
588 1253 733 1342 prodest,
756 1254 843 1341 quod
860 1277 927 1317 nou
945 1277 978 1318 es
999 1271 1145 1344 receptus
1166 1278 1174 1320 t

117 1385 129 1408 «
140 1355 307 1419 excludere
318 1372 349 1418 te
363 1378 419 1419 sua
429 1355 556 1418 civitate
566 1355 756 1419 Numantini
770 1371 965 1443 potueruut;
977 1377 1043 1418 non
1057 1360 1174 1442 p‘otue·

117 1475 215 1521 «runt
231 1459 264 1520 in
281 1449 424 1521 nostram
439 1458 618 1521 restituere.

160 1559 247 1622 xvt.
269 1559 541 1622 «postliminium
556 1575 664 1621 autem
684 1558 802 1622 frustra
827 1557 983 1645 appellas3
1007 1580 1110 1645 quum
1133 1557 1179 1631 sit,

117 1693 128 1714 «
141 1661 303 1723 memoriae
316 1660 501 1748 proditum,
520 1683 616 1747 quem
631 1676 722 1746 pater
735 1681 833 1741 suus,
847 1676 903 1723 aut
913 1658 1053 1748 populus
1066 1657 1175 1722 vendi·

117 1761 254 1842 «disset,
270 1779 326 1825 aut
343 1778 432 1850 pater
446 1777 590 1850 patratus
606 1760 799 1843 dedidisset,
818 1762 847 1825 ei
868 1761 993 1825 nulltuu
1015 1759 1174 1849 postlimi-

118 1892 129 1914 ιι
141 1861 228 1924 nium
256 1885 333 1926 esse.
357 1863 481 1924 Invitus
500 1861 584 1942 ltoec,
607 1884 712 1949 eoque
729 1863 850 1944 lenius,
871 1885 968 1949 quam
990 1884 1050 1949 pro
1071 1882 1174 1924 causae

117 1963 360 2050 «magnitudine
377 1962 468 2042 dico;
483 1964 540 2050 qui
559 1965 716 2026 sermonis
733 1985 865 2026 omnem
877 1963 1085 2027 acrimoniam
1101 1985 1176 2026 con·

118 2095 129 2117 ιι
139 2078 185 2125 tra
203 2065 303 2126 malos
319 2064 441 2150 potius,
461 2083 559 2149 quam
572 2079 687 2126 contra
703 2064 905 2128 calamitosos
922 2064 1049 2151 cupiam
1068 2064 1176 2128 effun-

117 2162 225 2225 «dere.
246 2165 298 2226 Tu
313 2187 390 2226 vero
406 2165 475 2228 talis
493 2164 526 2226 in
546 2185 581 2226 ea
598 2179 653 2226 tua
668 2164 799 2227 fortuna
815 2165 920 2244 fuisti,
938 2181 976 2228 ut
992 2165 1034 2228 sis
1051 2164 1176 2229 miseri·

117 2263 269 2344 «cordia,
294 2288 390 2350 quam
414 2264 490 2328 odio
512 2263 641 2353 dignior
666 2286 674 2327 :
699 2262 757 2326 sed
781 2264 1007 2327 misericordiae
1031 2265 1084 2343 jus
1109 2287 1177 2329 nou

119 2363 299 2427 «dedimus.
313 2366 440 2429 Salvum
453 2381 483 2429 tc
493 2365 713 2452 sospitemque
728 2364 768 2427 ad
778 2374 856 2429 'tuos
869 2366 1036 2431 revertisse
1049 2383 1177 2457 gratum

119 2483 215 2528 «estz
240 2489 346 2553 neque
370 2482 578 2554 conspectum
600 2464 697 2544 hujus
720 2466 829 2546 urbis,
851 2466 1178 2555 propinquorumque

118 2598 129 2619 ιι
141 2583 173 2629 et
188 2568 365 2629 amicorum
380 2567 489 2630 solatia
500 2565 683 2629 invidemus
697 2567 865 2655 :usurpari
881 2590 897 2628 a
911 2583 942 2630 te
950 2569 1003 2648 jus
1016 2568 1177 2649 alienum,

119 2699 130 2720 ιι
141 2684 173 2730 et
190 2691 248 2755 pro
266 2684 412 2731 senatore
429 2690 515 2750 esse,
538 2666 594 2754 qui
612 2666 689 2729 civis
710 2688 864 2730 romanus
881 2688 948 2731 non
966 2668 1025 2749 sit,
1044 2669 1177 2732 minime

119 2800 130 2822 ιι
142 2771 291 2856 patimur.
843 2782 847 2793 '

161 2873 265 2935 XVII.
284 2873 353 2934 «Te
366 2892 496 2957 quoque
510 2891 570 2956 pro
580 2883 692 2930 caetera
703 2882 759 2929 tua
766 2866 960 2929 verecundia
970 2866 1097 2947 deceat,
1108 2890 1178 2930 non

119 3006 129 3024 ιι
140 2975 222 3037 ultra
240 2989 407 3063 appetere,
427 2994 524 3058 quam
543 2970 682 3032 retinere
699 2968 792 3031 salvis
813 2968 958 3040 moribus
978 2985 1011 3032 et
1026 2969 1098 3046 jure
1116 2990 1177 3055 po·

119 3107 130 3126 ιι
141 3076 206 3161 puli
226 3076 352 3138 romani
376 3096 484 3161 queas.
504 3072 604 3136 Paulo
626 3085 701 3133 ante
720 3091 839 3159 magno
856 3069 965 3132 animo
984 3091 1050 3133 non
1072 3070 1179 3132 solum

119 3177 224 3239 «hanc
238 3178 359 3240 curiam
375 3191 407 3238 et
421 3174 537 3237 urbem
549 3173 721 3260 reliquisti,
735 3162 797 3235 sed
804 3169 1005 3258 quidquidin
1017 3192 1054 3234 ea
1068 3192 1179 3234 carum

120 3309 131 3330 «
142 3294 237 3362 atque
246 3277 427 3356 jucundum
442 3276 520 3356 fuit3
534 3290 572 3337 ut
583 3297 700 3362 corpus
716 3275 922 3359 animamque
937 3273 969 3334 in
984 3294 1097 3335 eorum
1112 3295 1179 3336 ma-

120 3408 131 3430 ιι
142 3402 204 3441 nus
213 3380 369 3460 traderes,
378 3398 460 3466 quos
474 3375 695 3440 acerbissimos
703 3375 760 3438 tibi
769 3373 1066 3461 infensissimosque
1075 3374 1180 3438 existi·

120 3511 132 3533 «
143 3503 229 3543 mare
240 3481 380 3546 debuisti
395 3504 402 3544 :
418 3479 476 3544 sed
487 3479 551 3542 hoc
565 3478 685 3559 fecisti,
695 3501 763 3564 quo
772 3478 863 3540 salvae
872 3475 1042 3564 religiones
1054 3491 1178 3540 essent:

120 3613 131 3635 ιι
143 3605 231 3645 nuuc
247 3584 344 3670 igitur
356 3581 560 3646 eamdem-ob
576 3602 723 3659 causam,
736 3601 796 3666 pro
812 3599 876 3666 qua
893 3592 959 3640 tam
975 3599 1086 3664 aspera
1102 3577 1180 3641 sub·

121 3714 133 3737 «
147 3683 210 3745 iisti
226 3683 359 3764 lubens,
375 3683 497 3747 carebis
514 3680 578 3744 hoc
594 3679 724 3761 ordine,
745 3680 798 3742 cui
812 3695 845 3743 te
860 3692 972 3741 contra
991 3680 1037 3741 fas
1053 3694 1085 3740 et
1104 3678 1180 3741 reli·

121 3785 256 3870 «giones
279 3784 401 3848 inseris.
421 3783 629 3848 Nobilissimo
645 3779 732 3868 apud
748 3800 808 3842 nos
825 3793 1069 3866 generenam,
1087 3777 1179 3865 igno-

121 3907 214 3947 «rare
232 3906 299 3947 non
319 3900 428 3972 potes,
448 3907 546 3971 quam
561 3881 693 3971 indigna
713 3902 764 3943 res
788 3879 828 3942 sit
849 3879 915 3942 visa
935 3877 1128 3958 majoribus,
1146 3878 1180 3940 in
1265 3884 1269 3891 “

123 4000 257 4047 «senatu
276 4006 473 4072 quemquam
489 3984 694 4071 peregrinum
710 4002 789 4044 esse.

167 4086 288 4149 XVlll.
306 4087 404 4149 «Haec
417 4084 492 4149 ideo
501 4108 575 4148 sum
591 4083 757 4171 prefatus,
773 4097 811 4145 ut
823 4080 942 4170 pudori
958 4097 1016 4145 tuo
1032 4081 1181 4145 consule·

84 4241 86 4244 .
125 4216 138 4240 ι
149 4208 237 4268 rem,
251 4188 411 4251 Mancino.
425 4184 525 4267 Quod
534 4186 560 4248 si
573 4206 680 4272 neque
690 4183 922 4271 amplissimum
932 4182 1080 4246 ordinem
1089 4168 1184 4246 dede·

125 4314 136 4337 ι
148 4309 239 4366 core,
254 4309 360 4377 neque
370 4303 402 4351 te
411 4285 588 4374 ignominia
597 4286 680 4350 ultra
694 4284 849 4366 exsolvis,
860 4283 954 4348 educi
968 4301 1001 4350 te
1016 4282 1056 4348 de
1068 4300 1182 4351 senatu

160 4483 244 4551 Su.
257 4485 310 4536 Cic.
323 4484 354 4534 de
367 4486 435 4534 Orat.
447 4484 471 4545 1,
486 4491 527 4542 to.
575 4458 576 4463 ,
