2594 4980
308 728 361 799 IN
392 727 503 796 LOC.
530 728 623 796 LIB.
651 728 741 796 LIX
770 724 977 797 leltrtt.
1101 726 1168 822 317

119 850 215 913 vatim
226 865 335 936 pactos
348 845 534 927 credebant,
552 845 765 910 interficiunt:
779 845 967 934 erumpendi
983 847 1170 930 consilium,

119 949 193 1012 licet
211 949 377 1035 aliquoties
395 947 562 1011 infeliciter
580 948 720 1034 experti,
732 961 916 1027 resumunt,
932 947 958 1009 si
973 946 1052 1011 nihil
1065 947 1170 1030 aliud,

120 1050 326 1112 maturiorem
336 1049 407 1112 vitae
418 1049 556 1137 exitum,
569 1049 701 1112 unicum
718 1049 876 1112 malorum
892 1045 990 1110 linem
1000 1050 1171 1137 reperturi.
1264 1110 1272 1125 ,

163 1152 220 1213 lll.
240 1150 316 1212 Erat
337 1136 442 1212 adhirc
460 1148 657 1236 aliquantum
673 1149 705 1210 in
727 1149 807 1212 urbe
824 1148 936 1212 factitii
957 1149 1037 1230 vini3
1059 1147 1170 1226 celiam

120 1250 392 1323 vocaridiximus:
408 1273 447 1313 eo
462 1249 563 1314 diviso
573 1298 582 1331 ,
592 1273 693 1338 quum
705 1251 836 1339 paulum
853 1267 1060 1314 renovassent
1073 1251 1172 1335 vires,

29 1384 32 1389 ·
120 1351 246 1415 duabus
257 1352 358 1438 portis
368 1367 552 1438 erumpunt.
566 1353 780 1415 Concurritur
790 1352 898 1416 subito
910 1353 949 1416 ab
963 1352 1052 1415 omni
1064 1368 1154 1440 parte
1162 1399 1179 1434 „

121 1452 393 1539 quemadmodum
413 1453 587 1541 imperator
607 1452 664 1516 diu
682 1469 756 1517 ante
778 1439 979 1541 providerat,
999 1451 1033 1517 et
1050 1453 1116 1516 vim
1132 1452 1175 1518 ad

120 1576 216 1641 opera
235 1554 425 1617 facientibus
443 1569 574 1617 strenue
590 1553 758 1618 resistitur.
775 1551 838 1617 Sed
853 1554 899 1617 illi
915 1576 1017 1641 quum
1035 1552 1176 1617 audacis·

120 1656 200 1719 sime
218 1656 450 1742 praeliarentur,
470 1671 582 1742 utpote
606 1656 662 1742 qui
679 1678 746 1719 non
769 1655 919 1718 timerent
941 1670 1096 1736 mortem,
1116 1652 1174 1720 sed

121 1743 318 1844 quaererenl,
338 1756 500 1821 difficilem
517 1760 681 1840 Romano,
701 1758 776 1821 licet
788 1758 886 1821 rebus
909 1758 1061 1822 omnibus
1084 1772 1175 1823 tanto
1241 1814 1243 1819 ,

120 1859 293 1947 superiori,
309 1858 474 1922 victoriam
487 1858 674 1924 effecerunt.
693 1857 837 1921 Tandem
850 1858 883 1920 in
898 1857 1032 1940 urbem,
1047 1858 1175 1922 servatis

121 1959 307 2040 ordinibus,
319 1983 377 2023 nec
392 1961 585 2049 fugientium
602 1959 635 2021 in
654 1960 814 2047 speciem,
828 1957 984 2038 redeunt,
996 1958 1175 2024 fortissimis

120 2082 254 2124 suorum
270 2078 366 2149 atque
381 2061 527 2148 plurimis
537 2059 743 2142 desideratis,
761 2081 902 2146 quorum
911 2081 1061 2147 corpora,
1072 2082 1175 2147 quum

121 2160 162 2224 ad
183 2162 378 2249 sepulturam
397 2153 609 2242 offerrentur,
627 2161 769 2248 accipere
791 2160 988 2225 noluerunt:
1010 2162 1096 2224 nulla
1110 2161 1176 2241 jam

120 2282 197 2323 cura
209 2278 265 2324 aut
275 2263 427 2350 religione
441 2263 640 2326 tumulorum
652 2308 661 2341 ,
673 2284 755 2348 quos
769 2277 800 2324 et
813 2261 899 2348 ipsos
913 2263 1009 2349 paulo
1020 2278 1095 2350 post
1106 2285 1176 2327 cer·

121 2362 241 2425 nebant
260 2363 292 2424 in
310 2363 442 2426 arbitrio
463 2363 606 2427 bostium
626 2361 726 2425 'forez
748 2383 854 2449 neque
876 2361 910 2424 in
930 2362 1010 2425 urbe
1033 2347 1177 2451 defuncti

121 2456 338 2524 humabantur
361 2463 477 2552 vulg03
500 2460 557 2526 sed
577 2462 779 2548 consumptis
804 2461 973 2543 omnibus,
996 2463 1114 2549 quibus
1136 2463 1178 2527 ali

123 2558 261 2624 bumana
278 2586 414 2652 corpora
433 2565 552 2645 solent,
568 2579 606 2627 ut
627 2586 692 2627 non
714 2586 866 2650 pomum,
890 2587 955 2628 non
972 2588 1088 2652 pecus,
1109 2589 1176 2630 non

99 2659 254 2735 ¹herbum
276 2664 373 2727 ullam
398 2666 536 2752 reperire
560 2681 658 2745 esset,
682 2686 794 2727 cantes
818 2664 966 2731 humanae
993 2665 1175 2729 minutatim

121 2763 256 2826 concisae
267 2765 299 2825 in
312 2766 420 2828 cibum
437 2765 645 2828 vertebantur
656 2788 663 2828 :
674 2763 762 2827 unde
773 2780 860 2827 tanta
873 2765 1021 2830 vultuum
1032 2788 1178 2831 morum-

123 2888 186 2950 que
203 2866 309 2928 feritas
327 2869 425 2946 lacta,
438 2884 475 2930 ut
498 2889 565 2930 non
582 2865 680 2929 modo
699 2881 829 2953 aspectu
850 2864 938 2947 diro,
961 2867 1089 2953 situque
1104 2890 1178 2932 cor·

121 2988 256 3051 porum,
271 2968 418 3053 squalore
433 2983 466 3032 et
479 2966 551 3054 pilis
563 2967 786 3047 horrentium,
802 2967 923 3031 belluas
936 2968 1109 3050 referrent,
1121 2966 1180 3033 sed

123 3065 218 3128 etiarn
239 3067 317 3131 alios
335 3068 386 3131 alii
407 3066 609 3131 devorandos
632 3066 843 3132 occiderent:
864 3090 971 3156 neque
990 3069 1054 3148 jam
1078 3092 1179 3159 aegros

123 3182 265 3248 tantum,
283 3169 371 3256 quod
387 3167 482 3232 fiebat
497 3169 615 3258 vulgo,
629 3191 741 3232 verum
761 3169 856 3232 etiam
875 3167 1002 3233 fastidio
1026 3168 1181 3234 morbide

123 3269 225 3331 carnis
239 3272 305 3333 sani
320 3270 562 3358 appetebantur,
577 3286 610 3333 et
623 3269 830 3334 infirmiorem
845 3292 1025 3358 quemque,
1037 3271 1094 3358 qui
1106 3272 1180 3359 plus

125 3369 243 3432 viribus
259 3388 401 3460 poterat,
416 3388 567 3459 tanquam
585 3371 742 3460 pecudem
765 3371 931 3435 mactabat.
971 3375 976 3385 “

168 3470 223 3535 lV.
244 3474 332 3554 Quin
356 3491 388 3537 et
411 3475 492 3537 urbe
513 3489 602 3561 capta
626 3473 707 3536 visas
730 3495 797 3536 esse
813 3488 947 3552 matres,
967 3494 1038 3559 quae
1060 3494 1182 3537 semesa

123 3572 298 3636 liberorum
309 3598 443 3661 corpora
460 3591 605 3639 tenerent
616 3575 648 3636 in
659 3575 732 3638 sinu
745 3624 753 3656 ,
764 3574 928 3663 proditum
940 3589 998 3636 est.
1015 3573 1046 3636 N
1047 3595 1091 3635 on
1104 3571 1181 3636 dee·

124 3690 197 3734 rant
216 3691 336 3754 tamen,
349 3676 404 3760 qui
418 3676 524 3740 adbuc
542 3677 583 3741 de
597 3677 662 3739 vita
676 3699 750 3740 cum
765 3674 911 3738 libertate
925 3673 1078 3737 servanda
1094 3673 1181 3761 cogi·

124 3790 249 3853 tarent;
262 3773 343 3837 adeo
355 3798 395 3837 ne
412 3777 446 3838 in
463 3777 529 3864 ipsa
547 3776 680 3864 quidem
695 3775 916 3862 desperatione
931 3773 1111 3836 humanum
1128 3773 1179 3834 in·

125 3876 256 3962 genium
274 3898 307 3938 se
322 3876 456 3940 deserit:
471 3900 569 3964 porro
587 3877 620 3941 id
635 3898 766 3963 quoque
781 3896 899 3937 vanum
917 3873 992 3961 ipsis
1007 3872 1179 3937 'consilium
1211 3934 1214 3942 ,

124 3978 196 4039 fuit.
221 3977 384 4040 Placuerat
400 3991 524 4040 tentare
537 3979 662 4067 fugam,
686 3991 723 4038 ut
740 3997 800 4063 pro
823 3997 857 4038 se
879 3973 1015 4060 quisque
1031 3980 1180 4059 perrum-

125 4078 222 4164 pendi
241 4079 349 4141 locunr
373 4065 538 4165 quereret.
561 4077 624 4142 Sed
651 4076 805 4139 uxoribus
837 4097 950 4138 eorum
979 4071 1179 4135 intellectum

125 4193 321 4265 ruptumque
333 4178 534 4266 propositum
545 4194 609 4265 est,
619 4200 689 4264 quae
700 4226 709 4257 ,
721 4176 865 4241 nolentes
880 4174 1035 4261 relinqui,
1053 4170 1180 4261 cingula
1246 4204 1253 4219 ·

126 4299 283 4364 equorum
307 4279 480 4343 sciderunt.
499 4279 583 4342 Tum
607 4277 738 4342 demum
760 4278 932 4367 permisere
948 4299 989 4345 se,
1005 4273 1117 4337 vicmri
1136 4294 1180 4338 :tt

142 4496 145 4505 i
160 4467 176 4532 s
189 4471 298 4519 rarior.
312 4499 346 4510 -
355 4474 427 4521 oros.
441 4498 474 4511 -
486 4470 503 4537 s
516 4473 563 4520 111.
577 4471 642 4521 Flos·
656 4497 691 4508 -
704 4472 775 4534 Qut·
785 4466 935 4533 decim·
967 4538 970 4546 ,
