2594 4980
143 684 212 768 444
315 685 382 751 JO.
409 684 751 752 FREINSHEMII
781 684 1028 752 SUPPLEM.

141 818 224 866 rent.
246 803 360 888 Neque
381 804 457 866 satis
480 803 590 866 cllicrx
613 802 655 867 ad
676 802 937 893 persuadendum
958 820 1073 873 auctor
1088 827 1221 894 cogua-

141 904 223 967 tioni
241 907 326 993 parci
343 906 475 982 jubebat
490 929 498 985 ;
520 906 593 992 qui,
615 920 716 968 matre
730 904 918 985 interfecta,
935 904 1065 968 fratrem
1082 927 1221 970 veneno

73 1047 75 1050 >
145 1029 260 1071 necare
276 1006 464 1069 studuisset.

185 1108 370 1171 XXXVIII.
387 1108 491 1194 Igitur
506 1108 587 1169 nihil
599 1123 721 1171 morata
732 1107 972 1173 cunctationem
985 1108 1062 1188 viri,
1077 1125 1218 1173 vocatos

140 1207 231 1272 adse
250 1209 366 1271 milites
388 1210 434 1271 ire
457 1210 488 1270 in
510 1210 686 1296 ternplum,
704 1225 753 1289 et,
776 1209 975 1296 ubicumque
993 1210 1217 1297 reperissent,

139 1309 287 1373 occidere
303 1311 506 1397 Cleopatram
520 1310 623 1388 jubet.
638 1308 802 1398 Atqueilli
816 1311 1025 1375 simulacrum
1040 1310 1109 1375 deae
1122 1333 1220 1375 corn·

138 1412 236 1501 plexu
253 1428 417 1475 tenentem
435 1436 535 1499 quum
552 1413 689 1476 avellere
705 1434 773 1476 non
790 1414 988 1500 potuissent,
1003 1434 1121 1500 magua
1135 1436 1218 1477 cru·

137 1512 268 1577 delirate
281 1516 465 1578 miserrimae
478 1515 620 1578 mulieris
632 1536 748 1578 manus
759 1530 987 1602 amputarunt:
997 1514 1042 1576 ita
1053 1515 1215 1578 extremis

137 1616 272 1679 vocibus
285 1617 416 1678 ultrices
428 1616 593 1702 parricidis
610 1615 696 1679 diras
708 1616 750 1680 ab
763 1639 821 1696 eo,
835 1615 926 1704 quod
939 1615 1129 1696 violassent,
1145 1638 1216 1680 nu-

138 1716 226 1778 mine
240 1717 430 1804 imprecata,
450 1718 597 1782 moritur.
615 1716 731 1805 Neque
750 1717 808 1782 diu
824 1718 994 1781 teterrimae
1012 1716 1129 1781 belluae
1146 1718 1215 1781 im-

137 1817 250 1902 punita
262 1817 443 1882 immanitas
457 1819 528 1881 fuit.
542 1818 680 1907 Vulgato
693 1818 870 1907 Cleopatras
881 1841 974 1898 casu,
990 1816 1215 1882 inflammatus

137 1915 179 1979 ad
203 1916 375 1980 vindictam
402 1920 598 2005 Cyzicenus,
622 1941 662 1982 eo
685 1920 793 2006 plures
818 1919 953 2006 reperit,
973 1919 1029 2005 qui
1053 1918 1216 1985 crudelis·

137 2017 211 2080 simi
228 2019 300 2081 lacti
317 2019 412 2100 odio,
431 2022 475 2083 illi
492 2045 526 2084 se
542 2020 766 2109 adjungerent.

181 2121 336 2184 XXXIX.
356 2124 431 2185 Fuit
451 2138 483 2184 et
502 2124 634 2186 fortuna
653 2123 686 2185 iu
703 2122 869 2209 partibus3
891 2143 1076 2209 magnoque
1096 2123 1214 2209 praelio

137 2222 296 2307 superior,
309 2239 341 2284 et
354 2224 504 2285 universo
519 2245 621 2311 regno
635 2223 783 2310 Grypum
797 2222 934 2310 expulit,
946 2238 979 2285 et
990 2222 1212 2310 Tryphaenam

137 2319 261 2409 redegit
278 2324 310 2385 in
330 2340 543 2409 potestatem:
567 2346 673 2410 neque
687 2323 873 2389 dubitatum
887 2323 946 2387 diu
962 2340 1027 2404 est,
1039 2325 1121 2411 quin
1137 2325 1212 2404 ejus

137 2425 296 2511 supplicio
317 2427 466 2488 manibus
486 2425 663 2489 interfectae
686 2426 806 2490 sororis
824 2441 1057 2513 parentaretur.
1080 2426 1212 2491 Exhinc

136 2526 212 2611 quia
236 2527 365 2614 Grypus
387 2527 428 2590 ad
451 2525 632 2613 Aspendios
653 2548 688 2591 se
708 2527 908 2606 contulerat,
927 2549 987 2614 pro
1009 2549 1048 2590 eo
1067 2548 1211 2614 regnum

135 2627 170 2689 in
188 2629 278 2716 Syria
294 2630 471 2715 Cyzicenus
488 2629 647 2710 obtinuit,
664 2629 840 2717 incipiente
854 2627 942 2716 apud
956 2629 1085 2692 Graecos
1101 2630 1212 2715 olym·

135 2728 228 2815 piade
243 2732 416 2793 centesima
434 2733 668 2820 septuagesima
682 2731 834 2820 septima,
850 2753 954 2818 quum
969 2731 1079 2792 Romae
1093 2729 1138 2794 Μ.
1151 2731 1209 2795 Li-

133 2829 206 2893 vius
232 2835 377 2922 Drusus,
406 2835 440 2896 L.
457 2833 653 2920 Calpurnius
679 2833 754 2896 Piso
782 2831 954 2895 consulatu
978 2829 1208 2917 fungerentur.

135 2932 294 2994 Caeterum
319 2956 373 2995 rex
406 2957 526 3013 novus,
552 2956 656 3020 quum
686 2932 784 3021 longe
815 2931 875 2994 alia
903 2930 1049 2994 instituta
1076 2946 1208 3019 tempus

133 3049 298 3115 posceret,
314 3035 403 3095 luxui
422 3035 564 3119 vinoque
581 3033 727 3111 deditus,
749 3034 834 3096 inter
850 3032 967 3095 mimos
983 3048 1015 3094 et
1029 3032 1209 3120 praestigia·

134 3149 238 3213 tores,
258 3149 290 3197 et
314 3157 424 3196 earum
452 3134 599 3196 sordium
622 3132 757 3197 artificia
782 3133 934 3220 degebat,
957 3131 1141 3219 dictataque
1163 3134 1209 3197 ab

132 3232 183 3295 his
200 3252 330 3320 excepta
348 3250 503 3295 contento
520 3233 630 3296 studio
645 3232 879 3297 meditabatur:
894 3231 952 3297 sed
968 3248 1000 3295 et
1016 3233 1207 3297 animalium

134 3334 254 3396 formas
272 3335 462 3413 fabricabat,
478 3357 549 3420 quaa
571 3334 603 3396 in
628 3357 753 3398 morem
778 3335 958 3399 viventium
977 3351 1209 3417 moverentur,

133 3434 299 3497 interdum
331 3437 477 3522 quinque
506 3435 693 3500 cubitorum
722 3435 968 3524 magnitudine,
992 3458 1072 3523 quas
1099 3438 1207 3501 aureis

132 3537 332 3624 argenteisvc
351 3538 477 3599 laminis
497 3537 674 3623 operiebat.

178 3637 244 3700 XL.
265 3637 384 3701 Praeter
405 3639 472 3702 baec
495 3639 610 3702 insano
630 3640 771 3703 venandi
792 3638 903 3703 studio
921 3660 1005 3726 saepe
1022 3660 1099 3702 cum
1117 3638 1205 3703 binis

131 3739 272 3801 ternisve
285 3739 419 3803 servulis
434 3759 533 3804 noctu
548 3742 629 3804 clam
641 3741 754 3805 amicis
769 3742 894 3805 exibat:
908 3759 1040 3827 eratque
1052 3741 1205 3828 projectae

131 3839 165 3902 in
185 3863 254 3903 eam
272 3863 340 3903 rem
362 3843 522 3922 andaciae,
542 3858 578 3905 ut
596 3866 672 3907 cum
691 3843 859 3923 leonibus,
879 3844 980 3931 apris,
997 3841 1105 3930 pardis
1121 3865 1205 3906 con·

131 3941 336 4028 mederetur,
361 3966 468 4029 neque
493 3966 565 4006 raro
583 3945 684 4008 vitam
706 3966 798 4007 suam
822 3945 856 4006 in
880 3944 1066 4033 gravissima
1089 3942 1205 4007 discri-

131 4041 219 4104 mina
235 4042 417 4120 conjiceret.
437 4047 563 4108 Interea
576 4044 653 4109 belli
667 4061 838 4134 apparatus
850 4045 1018 4126 jacebant,
1032 4067 1115 4132 quos
1132 4045 1203 4128 hic,

129 4144 244 4210 tamin
263 4143 395 4207 ludicris
412 4146 707 4211 machinationibus
725 4146 881 4235 diligens,
898 4147 979 4212 nulli
997 4170 1083 4212 ourae
1100 4147 1204 4213 habe-

164 4343 180 4407 ς
193 4347 316 4394 XXXIX.
330 4351 416 4395 Zonnr.
424 4375 458 4383 —
465 4349 585 4413 Porphyr.
597 4350 623 4398 in
636 4350 862 4401 Euseb-Justiu.
873 4352 1001 4410 xxm,
1013 4357 1035 4405 l·
1045 4377 1080 4388 -
1090 4351 1201 4418 Apyrina.

130 4457 164 4466 -
175 4429 279 4477 Diodor.
294 4431 360 4494 apud
372 4432 452 4478 Valet.
