2594 4980
254 674 307 745 ru
336 674 446 743 noc.
472 676 567 744 nm.
595 678 678 745 ιιι
707 658 929 749 ιιιιιιιι
1039 680 1109 779 259

93 813 141 863 tn
159 793 435 876 discurrentibus,
446 811 485 858 ut
499 811 575 859 ante
586 797 692 861 lucem
709 797 770 862 iter
787 798 1053 887 ingrederentur:
1071 827 1108 868 ea

93 896 204 960 instio
222 895 399 959 tumultum
416 894 550 959 mirifice
566 898 671 978 auxit,
694 920 796 985 quum
817 900 926 964 subito
944 901 1106 970 discedere

93 996 180 1077 ctis,
199 995 283 1060 nihil
300 996 335 1060 in
357 1018 454 1060 usum
468 984 607 1078 itineris,
626 998 706 1062 nihil
722 998 874 1064 adversus
889 1001 1015 1068 hostem
1028 1027 1107 1093 pro-

93 1118 145 1161 ιιιι
165 1111 260 1161 esset

93 1196 126 1261 l.
145 1197 215 1262 Sua
231 1210 347 1284 sponte
369 1195 512 1285 trepidos
530 1199 631 1285 magis
648 1199 744 1263 etiam
765 1203 1016 1268 consternabant
1033 1228 1108 1269 sau-

93 1319 169 1361 rum
183 1318 413 1385 aegmrumque
429 1295 524 1362 fletus
539 1313 572 1362 et
587 1300 743 1387 querelae,
760 1303 818 1390 qui
833 1303 1019 1370 circumfusi
1035 1330 1109 1371 vasa

93 1398 289 1489 ligentibus,
314 1399 474 1487 complexi
501 1399 672 1483 abeuntes,
697 1404 807 1466 omnia
832 1405 1107 1471 necessitudinum

93 1521 277 1617 torumque
293 1500 427 1563 nomina
446 1500 593 1576 ciebant,
609 1501 767 1565 invalidos
781 1525 819 1566 ac
834 1502 1020 1569 indefensos
1035 1505 1109 1570 bar·

93 1600 331 1688 oirritatoque
351 1599 438 1668 hosti
457 1600 499 1664 ad
514 1617 655 1666 extrema
673 1601 870 1666 crudelitatis
891 1606 1037 1692 exempla
1058 1628 1110 1670 re·

93 1724 146 1792 qur
135 1701 379 1791 ‘.deprecantes
393 1701 489 1765 Ubi
469 1719 566 1766 umor
576 1703 745 1818 occuparit
757 1703 901 1779 animos,
916 1705 1072 1770 nullus
1041 1729 1110 1794 pre·

93 1803 211 1868 lo'eus
234 1826 304 1868 esse
322 1819 453 1892 potest:
473 1826 533 1891 pro
551 1826 586 1867 se
608 1804 747 1891 quisque
763 1805 907 1869 ricinum
927 1807 1108 1893 periculum

93 1928 129 1970 re
140 1907 291 1995 properi,
303 1905 383 1970 dum
396 1928 454 1969 sua
466 1926 604 1993 corpora
615 1921 794 1987 servarent,
810 1906 891 1969 nihil
903 1928 994 1994 pensi
986 1908 1111 1973 'hahe-

93 2020 121 2071 tt
132 2006 271 2071 aliarum
289 2029 397 2070 rerum
413 2006 563 2069 omnium
576 2006 747 2070 amissione
761 2007 888 2094 pacisci.

93 2108 145 2173 xl.
160 2108 249 2194 Ergo
263 2106 353 2170 nullo
367 2108 558 2194 cujusquam
574 2106 727 2194 imperio,
746 2108 841 2170 nullis
852 2106 1023 2172 ordinibus
1039 2133 1107 2174 ser·

93 2208 254 2295 is,quum
264 2206 380 2297 trepidi
390 2224 487 2295 atque
498 2207 697 2289 semiermes,
707 2207 792 2297 fugas
800 2208 895 2271 simili
907 2209 1108 2296 profectione

93 2324 189 2390 rant,
207 2330 313 2373 acrem
335 2324 368 2371 et
382 2307 567 2397 vigilantem
587 2309 713 2372 hostem
732 2307 821 2372 haud
842 2309 899 2373 diu
915 2309 1079 2375 hmerunt
1100 2335 1120 2376 ε.

93 2430 148 2473 usa
163 2407 300 2472 summis
312 2408 434 2472 viribus
451 2407 705 2473 Pallantinorum
713 2408 885 2491 juventus,
899 2410 940 2474 ab
955 2427 1030 2475 ortu
1045 2413 1110 2477 diei

93 2532 150 2599 quc
162 2510 205 2575 ad
220 2531 371 2574 occasum
387 2510 421 2574 in
440 2525 532 2598 tergo
547 2526 603 2574 aut
619 2510 773 2575 lateribus
794 2511 931 2600 agminis
952 2511 1110 2595 baerebat3

93 2611 207 2700 tltiquc
223 2609 380 2692 subinde,
399 2633 502 2698 quum
520 2613 631 2675 animo
647 2627 680 2676 et
696 2611 818 2676 viribus
836 2613 993 2701 impares,
1013 2615 1111 2678 simul

93 2711 239 2776 brnoscre
257 2712 464 2792 objicientem
481 2735 515 2777 se
533 2712 678 2794 hostem,
693 2712 791 2778 simul
812 2712 875 2776 iter
895 2715 998 2776 facere
1018 2735 1111 2799 coge·

93 2828 169 2896 stur,
185 2814 228 2878 ab
245 2814 395 2903 Hispanis
417 2812 717 2878 interficiebantur:
738 2833 845 2899 neque
866 2812 1041 2900 proconsul
1061 2812 1111 2874 his

93 2912 140 2976 ilis
161 2935 350 2996 occurrere,
371 2930 428 2978 aut
446 2913 618 2978 subvenire
640 2928 783 3001 poterat,
807 2911 907 2975 nimia
929 2911 1014 2975 mole
1037 2933 1110 2974 cor·

93 3012 275 3103 nisineptus
284 3014 325 3078 ad
339 3016 544 3103 imperatoria
554 3014 683 3094 munia,
696 3028 728 3076 et
738 3011 976 3099 propemodum
991 3011 1110 3074 immo·

93 3111 135 3179 h's.
146 3114 332 3180 Sustentata
345 3131 453 3178 tamen
471 3132 651 3202 utcumque
668 3115 751 3177 acies
767 3128 831 3194 est,
849 3110 955 3176 donec
972 3111 1112 3176 tenebrae

93 3210 171 3279 bom
185 3216 354 3280 certamini
368 3217 640 3279 intercesserunt:
660 3214 776 3278 harum
795 3211 954 3278 beneficio
972 3215 1112 3278 Romani
1218 3292 1223 3299 Ι

93 3331 160 3401 tpcr
174 3317 305 3406 globos,
321 3333 359 3380 ut
374 3338 539 3404 quemque
552 3338 616 3379 nox
633 3331 666 3379 et
678 3313 858 3402 desperatio
874 3313 965 3395 tulit,
978 3313 1011 3377 in
1027 3336 1113 3378 cam·

93 3431 121 3476 ns
135 3417 278 3496 ejecere:
308 3440 415 3505 neque
437 3419 522 3480 ultra
541 3417 729 3480 institerunt
754 3416 878 3497 hostes,
902 3416 1113 3505 contentique

93 3507 183 3581 imis
198 3515 337 3581 domum
354 3517 532 3582 redierunt.

110 3610 170 3682 Xll.
185 3619 309 3682 Servati
321 3618 480 3682 exercitus
493 3616 627 3706 gloriam
645 3615 816 3680 bominum
835 3636 932 3679 nemo
949 3616 1032 3681 tulit.
1045 3617 1115 3681 Diis

93 3728 150 3798 Μ
164 3720 295 3808 gratias,
313 3742 454 3807 quorum
474 3717 620 3807 proiecto
632 3717 747 3805 aliquis
760 3717 844 3780 hanc
860 3715 1009 3782 hostibus
1024 3741 1116 3782 men·

93 3828 128 3879 tn
138 3816 308 3903 injecisset,
324 3837 362 3885 ut
382 3820 569 3934 dissipatos,
587 3842 625 3883 ac
646 3819 731 3883 lame
753 3834 786 3884 et
805 3817 914 3882 labore
922 3821 1114 3900 confectos,

93 3929 158 3994 nutu
172 3920 280 3987 delere
300 3924 391 3986 nullo
411 3922 541 4011 negotio
564 3936 712 4009 possent,
729 3941 896 4007 superesse
914 3935 1113 4007 paterentur.

93 4006 154 4087 lfflis
169 4039 279 4088 tamen
294 4023 466 4087 homiuum
487 4045 543 4087 sex
559 4020 736 4086 desiderata
747 4021 949 4108 ,similisque
966 4020 1114 4084 Numan·

93 4111 246 4189 inhabita
262 4124 383 4205 clades,
397 4148 500 4212 quum
516 4123 705 4211 utrobique,
721 4122 839 4188 frustra
851 4122 1045 4211 oppugnatis
1062 4144 1116 4185 ur-

93 4211 164 4306 hus,
181 4240 287 4289 castra
305 4223 472 4302 desertas
463 4247 498 4288 nr
515 4224 630 4289 itincre
653 4240 854 4345 pugnatum,
877 4238 911 4286 et
929 4222 1044 4291 amissa
1059 4244 1115 4287 co·

95 4406 165 4474 511.
180 4413 256 4460 Oros.
271 4439 305 4450 -
320 4412 472 4477 Appisnoe-
438 4411 587 4460 -Diodon
599 4410 666 4475 apud
675 4410 756 4458 vua.

916 4525 972 4594 ¹7·
