2594 4980
10 39 1272 330 u

731 64 794 83 ιι,

282 381 287 388 ,
653 375 657 382 .

330 741 384 810 ΙΝ
413 739 525 809 LOC.
553 740 648 807 LlB.
675 737 798 807 LXIV
827 735 1042 807 LIVIANI.
1150 739 1216 833 471

156 864 232 951 quia
246 863 291 927 M.
306 861 453 926 Minucio
466 858 672 948 proconsuli,
689 880 843 947 prospere
859 874 974 922 contra
992 858 1225 947 thracicos'po·

155 965 251 1052 pulos
270 986 338 1028 rem
361 962 507 1053 gerenti,
525 961 693 1051 prorogari
711 961 745 1026 in
763 960 954 1025 Macedonia
971 959 1145 1047 imperium
1162 954 1230 1048 pla·

156 1083 275 1130 cuerat.
291 1067 407 1153 Neque
425 1063 514 1128 nulla
532 1086 628 1128 causa
645 1079 727 1146 erat,
750 1086 810 1128 cur
825 1063 1074 1128 Narbonensem
1090 1062 1227 1127 Galliam
1271 1067 1276 1078 '

155 1183 285 1230 senatus
304 1166 503 1255 provinciam
529 1166 733 1229 consularem
756 1165 962 1244 decerneret,
986 1162 1078 1251 quod
1099 1163 1134 1226 in
1156 1186 1228 1227 eam

157 1267 345 1357 remigrasse
362 1267 487 1332 Cimbri
505 1266 711 1349 ferebantur,
735 1266 793 1354 qui
811 1281 885 1356 post
904 1263 1063 1329 Carbonis
1086 1263 1228 1329 consulis

156 1370 298 1454 cladem,
316 1394 420 1459 quum
436 1393 476 1433 ex
491 1369 619 1434 Noricis
635 1370 669 1432 in
688 1369 813 1460 Italiam
835 1367 994 1455 irrupturi
1017 1366 1229 1446 timerentur,

156 1474 219 1536 alio
238 1486 418 1536 averterant
433 1473 611 1560 impetum,
628 1472 661 1534 in
680 1471 799 1555 Gallia,
816 1468 935 1536 deinde
953 1469 1124 1557 Hispania,
1141 1490 1230 1555 qute-

157 1573 265 1638 rendis
281 1573 413 1639 sedibus
432 1573 560 1638 intenti.

199 1676 281 1740 LVI.
309 1675 374 1740 Sed
399 1675 467 1738 istis
494 1672 642 1762 populis,
661 1690 700 1759 ut
724 1666 863 1761 quisque
886 1671 1089 1761 possidebat,
1113 1671 1230 1735 acriter

139 1815 142 1822 ·
156 1776 235 1840 fines
249 1799 326 1840 suos
340 1774 538 1860 tutantibus,
558 1774 705 1840 exclusos
720 1790 830 1867 petere
843 1796 1013 1840 romanam
1028 1773 1230 1862 provinciam

157 1879 243 1942 lama
260 1877 441 1942 nuntiabat.
464 1878 578 1959 Quum
598 1876 698 1964 igitur
714 1875 782 1940 duo
801 1876 908 1966 gravia
924 1875 1023 1957 bella,
1037 1875 1177 1939 alterum
1195 1874 1230 1936 in

157 1982 325 2062 manibus,
349 1981 487 2044 alterum
505 1980 539 2043 in
558 1978 799 2067 exspectatione
814 1994 940 2058 essent,
962 1976 1138 2040 intentiore
1154 1997 1232 2038 cura
1251 2043 1254 2049 ,

156 2083 306 2147 consules
328 2083 488 2172 agebant:
510 2081 606 2146 etiam
629 2096 747 2144 senatu
766 2079 959 2169 populoque
982 2077 1024 2143 ad
1050 2074 1231 2159 censenda,

156 2208 228 2272 quae
247 2201 376 2273 tempus
393 2185 591 2272 postularet,
608 2181 729 2271 pariter
744 2180 916 2271 promptis.
931 2180 1054 2270 Igitur,
1072 2202 1176 2268 quum
1188 2177 1230 2243 de

155 2288 321 2376 republica
352 2287 491 2376 graviter
524 2301 739 2373 accurateque
768 2284 867 2349 verba
897 2283 1067 2363 fecissent,
1094 2280 1230 2362 milites,

156 2404 372 2469 commeatus,
392 2403 523 2469 caetera,
537 2409 610 2476 quat
626 2386 751 2451 militia
764 2408 843 2450 usus
858 2384 1041 2465 desiderat,
1057 2383 1234 2447 liberaliter

154 2490 399 2556 decernuntur:
416 2507 466 2571 et,
489 2512 531 2554 ne
548 2487 629 2578 quid
647 2509 788 2576 usquam
804 2487 903 2551 rebus
918 2485 1075 2575 gerundis
1091 2483 1232 2573 impedi·

155 2609 267 2657 mento
282 2607 383 2673 esset,
402 2591 489 2681 leges
506 2591 652 2677 aliquot,
672 2610 745 2676 quaa
759 2586 802 2651 de
817 2585 984 2674 stipendio
1004 2585 1146 2648 militum
1167 2608 1232 2648 aera
1264 2668 1275 2677 .

156 2694 364 2774 minuebant,
391 2693 494 2756 aliove
519 2712 587 2778 quo
616 2687 717 2753 modo
744 2686 885 2752 adversae
911 2684 1092 2763 delentibus
1118 2699 1233 2765 crant,

155 2809 288 2858 auctore
304 2807 421 2855 senatu
438 2790 649 2878 abrogantur.

199 2892 299 2957 LVII.
316 2893 422 2957 Etiam
443 2891 677 2955 socii⁰senatus
696 2889 877 2980 populique
899 2885 1027 2951 romani
1048 2885 1139 2966 jussa
1159 2907 1229 2949 non

155 3010 380 3081 exsequuntur
394 3009 522 3059 tantum
537 2991 697 3074 alacriter,
716 2991 774 3057 sed
787 3014 871 3079 saepe
882 3003 1109 3069 antevortunt,
1124 3010 1231 3076 quum

155 3110 188 3157 et
210 3117 330 3159 nomen
355 3099 454 3157 omne
471 3093 609 3157 latinum
632 3092 795 3182 italicique
818 3092 897 3157 socii
920 3106 1039 3179 praesto
1057 3105 1165 3154 essent
1188 3087 1229 3152 ad

155 3196 304 3285 imperia,
317 3214 350 3262 et
366 3198 408 3261 ab
420 3196 551 3286 regibus
568 3195 686 3260 auxilia
703 3196 788 3261 ultro
807 3195 1026 3259 mitterentur.
1042 3194 1092 3257 Ita
1106 3192 1147 3275 Q.
1157 3191 1230 3256 Me-

156 3299 264 3381 tellus,
279 3299 410 3365 delectu
426 3297 599 3389 diligenter
615 3297 746 3381 habito,
763 3320 868 3387 quum
885 3298 1009 3386 legatos
1025 3318 1064 3361 ex
1080 3317 1145 3360 usu
1160 3315 1229 3358 ma·

156 3401 204 3487 gis
220 3424 318 3488 quam
330 3402 503 3466 ambitiose
518 3400 661 3490 legisset,
676 3402 713 3465 C.
724 3399 885 3481 Marium,
904 3399 941 3463 P.
952 3396 1131 3476 Rutilium,
1146 3416 1229 3482 quo·

155 3523 229 3563 rum
241 3504 371 3591 cognita
381 3503 485 3567 virtus
498 3518 531 3567 et
543 3502 739 3566 abstinentia
751 3517 834 3583 erat,
846 3501 879 3563 in
892 3498 1035 3564 Africam
1051 3496 1232 3586 navigavit:

155 3609 271 3690 ma'gna
282 3604 432 3668 omnium
445 3627 519 3692 spe,
531 3602 622 3692 quod
635 3605 711 3670 belli
725 3603 850 3668 artibus
862 3602 1022 3691 egregius,
1036 3616 1068 3664 et
1076 3598 1232 3665 adversus

154 3701 319 3765 avaritiam
335 3702 451 3768 firmus
466 3720 552 3780 erat,
570 3704 612 3768 ad
629 3727 729 3792 quam
745 3705 942 3793 praecipuam
960 3717 1017 3766 aut
1033 3702 1135 3765 solam
1151 3722 1230 3786 cau·

155 3825 242 3883 sam,
259 3826 360 3869 omne
378 3806 468 3892 quod
485 3807 521 3869 in
536 3805 692 3872 Numidia
707 3819 878 3893 acceptum
895 3801 1037 3868 dedecus
1056 3800 1235 3867 detrimen·

155 3921 297 3991 tumque
310 3906 433 3989 fuerat,
449 3907 661 3971 referebatur.

188 4114 269 4181 SUI.
283 4116 314 4164 U.
325 4116 354 4165 C.
365 4116 431 4174 6433
445 4117 475 4162 Δ.
485 4118 515 4166 C.
528 4130 585 4178 ¹⁰9·
600 4141 633 4153 ·-
645 4115 701 4164 Vol.
714 4117 783 4165 Max.
793 4117 830 4176 11,
843 4131 869 4179 9.
886 4144 921 4154 -
931 4116 948 4183 5
960 4117 1025 4165 tvi.
1038 4113 1120 4179 Pighii
1136 4113 1228 4164 aaut

154 4228 188 4238 -
201 4200 266 4249 Flor.
276 4197 325 4259 111,
339 4201 363 4249 3.
376 4226 411 4237 -
420 4199 518 4249 Sallust.
530 4201 649 4263 sugunt.
661 4217 716 4264 cap.
732 4201 764 4256 43
778 4213 803 4251 et
819 4202 860 4253 50.
872 4201 969 4252 -cte
980 4200 1007 4249 iu
1016 4202 1107 4260 Bruto,
1119 4216 1173 4266 cap.
1185 4198 1230 4258 ss;

154 4283 184 4332 de
198 4287 267 4336 Orat.
282 4287 318 4345 ll,
333 4287 383 4347 68,
394 4295 419 4333 et
432 4300 478 4349 pro
492 4283 592 4335 Cornel.
603 4283 670 4350 apud
684 4285 777 4334 Aacou.

517 4474 855 4511 -ήοβ-
