2594 4980
142 674 210 745 536
312 674 329 736 J
338 676 380 739 0.
408 670 753 738 FRElNSllEMll
782 669 1029 737 SUPPLEM.

138 797 246 877 jubet,
270 810 420 878 tanquam
448 793 515 868 ejus
532 814 629 877 opera
648 813 778 854 usurus.
794 791 868 871 llle,
887 807 1005 878 preter
1017 791 1223 878 opinionem

141 898 306 976 omnium,
327 894 413 956 dicto
435 893 587 972 audiens,
614 891 754 956 dimissis
778 891 820 955 ad
845 891 1009 979 praedam,
1035 909 1070 956 et
1092 895 1224 959 sollici·

141 996 236 1060 tanda
254 996 375 1080 ubique
398 995 524 1056 servitia
548 995 670 1057 caeteris
695 993 813 1080 copiis,
837 1016 913 1056 cum
932 994 1140 1058 delectorum
1157 997 1221 1059 tri·

139 1100 200 1161 hus
214 1098 373 1174 millibus,
393 1114 545 1180 tanquam
564 1095 604 1158 ad
623 1116 730 1183 regem
748 1117 845 1157 suum
857 1096 955 1158 veuit.
972 1097 1016 1158 At
1030 1096 1220 1184 Tryphon,

140 1200 273 1262 homine
293 1214 417 1259 mature
434 1199 465 1258 in
486 1196 667 1259 custodiam
684 1194 819 1276 tradito,
836 1218 877 1259 ne
893 1196 979 1259 forte
991 1219 1025 1260 se
1038 1219 1220 1288 oppugna-

141 1319 206 1379 ret,
226 1300 388 1363 redactum
406 1301 437 1361 in
459 1314 648 1385 potestatem
665 1296 849 1377 castellum,
868 1319 963 1383 supra
982 1298 1120 1384 antiqua
1138 1320 1218 1363 mu·

140 1405 284 1465 nimenta
314 1403 404 1464 noris
431 1401 583 1486 operibus
611 1399 735 1478 firmat3
757 1400 971 1486 spatiumque.
995 1397 1081 1461 circa
1111 1402 1217 1465 unius

141 1505 241 1567 ferme
264 1504 402 1566 milliaris
430 1505 512 1563 fossa
534 1500 696 1589 profunda
719 1499 960 1579 circumducta,
978 1499 1011 1562 in
1031 1499 1127 1563 urbis
1144 1501 1217 1565 for-

142 1628 226 1666 mam
245 1603 436 1682 exedificat,
458 1605 542 1690 regia
563 1618 743 1684 exstructa,
760 1618 793 1664 et
812 1602 884 1664 foro
900 1600 1122 1688 pulcherrimo
1141 1624 1216 1666 am·

141 1704 370 1790 piissimoque:
390 1727 470 1766 neve
489 1703 568 1789 quid
588 1704 638 1766 vel
654 1703 696 1767 ad
712 1726 827 1781 usum,
840 1703 892 1764 vel
905 1702 944 1766 ad
961 1702 1102 1789 speciem
1116 1707 1214 1794 regni

142 1802 398 1884 desideraretur,
417 1805 588 1867 consilium
604 1828 643 1868 ex
658 1805 919 1893 prudentissimis
933 1805 1124 1893 quibusque
1135 1806 1216 1870 deli·

140 1906 206 1992 git:
226 1906 293 1991 ipse
314 1923 386 1994 toga
406 1925 573 1995 praetexta,
593 1907 702 1969 tunica
725 1908 879 1970 laticlavia
897 1907 1034 1970 amictus
1051 1907 1105 1986 jus
1126 1906 1215 1972 dice·

142 2005 198 2068 bat
216 2029 222 2068 :
244 2006 370 2069 lictores
393 2031 466 2069 cum
488 2010 584 2096 virgis
599 2024 632 2071 et
648 2008 816 2071 securibus
829 2023 904 2071 ante
918 2030 952 2070 se
970 2008 1132 2073 babebat:
1149 2010 1211 2082 alia

142 2106 283 2194 denique
308 2110 369 2171 boc
396 2134 496 2197 genus
524 2111 615 2174 solita
642 2110 890 2197 imperatoribus
916 2110 1086 2199 regibusve
1109 2107 1210 2174 usui-

141 2210 248 2296 pabat.
722 2288 726 2295 Δ

185 2312 281 2373 XLV.
312 2312 379 2373 Sub
406 2313 490 2374 idem
520 2329 669 2398 tempus,
697 2311 784 2375 haud
815 2309 915 2372 dubie
943 2312 1020 2397 quia
1047 2312 1212 2377 turnultus

144 2412 263 2474 servilis
292 2415 323 2474 iu
354 2416 476 2489 Sicilia,
501 2414 589 2476 velut
613 2414 744 2477 occluso
769 2413 866 2476 Urbis
887 2412 1211 2493 horreo,unnonam

144 2528 336 2592 arctaverat,
362 2514 396 2576 L.
422 2515 575 2600 Apuleius
599 2515 794 2578 Saturninus
824 2530 965 2600 quaestor
987 2515 1140 2579 ostiensis
1163 2518 1211 2579 rei

143 2611 356 2677 frumentariae
377 2620 545 2701 proiectus
565 2633 631 2697 est,
659 2617 750 2705 quod
776 2638 965 2704 magnarum
988 2616 1210 2681 calamitatum

144 2713 270 2777 initium
290 2718 360 2779 l'uit.
386 2719 496 2799 Quum
524 2719 610 2780 enim
632 2718 836 2796 adolescens,
856 2717 946 2779 luxui
968 2733 1001 2779 ct
1014 2718 1141 2781 incrtiae
1153 2717 1213 2783 de·

141 2813 245 2894 ditus,
267 2822 432 2907 negotium
460 2821 601 2909 segniter
627 2819 884 2898 administraret,
910 2818 1059 2906 adempta
1081 2820 1145 2882 sibi
1168 2821 1211 2884 ab

142 2934 273 2997 senatu,
297 2923 511 3007 translataque
532 2924 563 2983 in
587 2923 631 2985 Μ.
654 2924 809 2985 Scaurum
836 2921 1016 3007 principem
1037 2923 1212 2986 curatione

141 3018 186 3078 sic
202 3020 356 3101 indoluit,
376 3040 412 3084 ut
433 3025 539 3084 statim
562 3047 579 3085 a
602 3024 707 3109 priore
729 3023 854 3086 luxuria
876 3021 917 3085 ad
938 3025 1156 3087 temeritatem
1176 3048 1212 3087 se

142 3121 290 3201 referret,
310 3138 361 3200 ct,
384 3125 572 3208 popularem
600 3125 758 3187 rationem
780 3125 964 3212 amplexus,
984 3124 1134 3188 Patribus
1158 3126 1211 3189 in·

141 3220 330 3283 lestissimus
347 3224 636 3308 acerbissimusque
653 3223 853 3286 adversarius
870 3224 971 3288 ficret.

184 3322 296 3384 XLVI.
325 3324 556 3385 Consularibus
582 3324 704 3387 interea
726 3327 865 3390 comitiis
890 3330 925 3390 C.
949 3326 1052 3389 Mario
1073 3328 1209 3391 tertium

141 3423 245 3499 l'actO,
271 3423 391 3508 collega
416 3426 450 3484 L.
483 3424 630 3488 Aurelius
653 3426 784 3490 Orestes
807 3427 946 3491 additur.
970 3428 1096 3507 Mario,
1114 3428 1209 3514 quod

137 3521 212 3583 belli
240 3523 338 3608 gloria
366 3526 577 3612 praefulgens,
604 3549 708 3614 nuper
734 3529 895 3617 egregiam
918 3529 1050 3607 justitiae
1075 3531 1210 3616 opinio·

139 3644 232 3699 nem,
247 3639 278 3684 et
293 3647 330 3685 ex
346 3648 380 3687 ea
399 3628 561 3690 caritatem
583 3630 721 3693 militum
739 3632 950 3717 quaesiverat,
965 3647 998 3694 et
1016 3632 1210 3696 consulatus

137 3721 260 3785 absenti
283 3724 392 3806 datus,
414 3745 445 3790 et
470 3731 662 3794 cimbricum
685 3731 805 3794 bellum
827 3754 902 3795 cum
921 3733 1084 3819 provincia
1103 3732 1209 3798 Gallia

139 3823 313 3887 decretum.
340 3830 415 3890 llaec
436 3848 521 3893 extra
542 3832 690 3897 ordinem
710 3832 891 3910 dabantur,
912 3833 1007 3896 etiam
1028 3832 1073 3895 Μ.
1093 3833 1208 3897 Scauri

137 3930 405 4018 Metellorumque
429 3938 618 4002 sententiis:
642 3938 732 4024 quod
750 3939 835 4000 inter
857 3961 991 4027 magnos
1010 3955 1116 4001 metus
1135 3941 1207 4028 pri·

136 4033 214 4093 vatis
228 4035 395 4097 affectibus
411 4041 611 4102 necessitates
623 4039 760 4127 publicae
774 4039 917 4126 potiores
931 4054 1032 4102 eraut.
1044 4039 1210 4105 Praetores

171 4252 272 4314 §th
284 4258 428 4305 Freinshem.
442 4261 499 4306 Not.
511 4260 536 4306 in
551 4260 615 4307 Flor.
625 4262 677 4317 111,
694 4274 738 4322 19,
751 4263 774 4308 3.
791 4288 825 4297 -
845 4262 896 4310 Cic.
911 4278 959 4325 pro
976 4260 1042 4307 Sext.
1057 4276 1112 4325 erp.
1125 4276 1169 4322 η,
1180 4274 1208 4313 et

134 4335 164 4380 de
179 4337 367 4403 Haruspllesp.
380 4360 482 4404 capro.
503 4370 536 4378 -
555 4344 659 4391 Diodor.
672 4343 738 4408 apud
752 4345 834 4394 Vales.
852 4373 885 4381 -
903 4344 919 4407 5
938 4344 1027 4391 xm.
1042 4345 1072 4392 U.
1088 4346 1118 4394 C.
1131 4348 1207 4409 ⁶⁴93

133 4419 163 4463 Α,
176 4419 202 4465 C.
216 4420 269 4463 rol.
334 4424 396 4468 Plut.
412 4427 436 4470 in
450 4427 513 4471 Mar.
527 4442 580 4487 cup.
596 4442 639 4475 20.
650 4452 686 4465 ·-·
697 4427 748 4474 Cle·
762 4428 793 4475 ‘lt
807 4430 878 4476 Ptov.
892 4431 967 4479 0⁰⁰⁵·
977 4442 1031 4490 e⁸l’·
1045 4429 1068 4474 8.
