2640 5046
259 794 314 862 IN
342 792 455 859 LOC.
483 792 578 860 LlB.
606 793 768 860 XLVIII
797 792 1007 860 LlVIANI.
1121 791 1164 864 55

146 915 184 978 V.
201 913 405 1001 Asperiorem
422 911 591 975 adversum
609 911 788 975 desertores
804 912 947 976 suturam
963 912 1166 979 crediderant

101 1015 267 1078 victoriam
288 1013 464 1076 Celtiberi:
486 1036 562 1102 ergo
586 1013 789 1077 clementiam
812 1015 1013 1106 imperatoris
1038 1020 1163 1083 romani

101 1116 256 1179 admirata
268 1114 507 1203 Nergobrigum
518 1114 628 1178 civitas
645 1114 732 1177 misit
746 1117 953 1202 quaesituros,
970 1115 1124 1206 quofidei
1136 1134 1168 1184 et

100 1218 239 1306 obsequii
244 1219 378 1305 pignore
391 1218 424 1280 iu
439 1219 582 1302 gratiam
597 1219 694 1304 recipi
695 1232 814 1308 posset.
832 1219 928 1283 Petiit
945 1210 1059 1283 consul
1072 1220 1165 1309 equi-

102 1334 148 1382 tes
163 1317 329 1381 auxiliares
343 1332 475 1380 centum
488 1341 496 1380 :
509 1333 541 1380 et
556 1333 684 1407 accepta
699 1336 747 1382 est
759 1319 913 1383 conditio.
923 1321 1045 1383 Verum
1061 1319 1166 1387 donec

102 1419 199 1508 legati
216 1417 454 1508 Nergobrigum
479 1419 565 1507 pacis
581 1420 647 1482 vias
664 1419 815 1508 legesque
833 1442 908 1484 cum
928 1421 1077 1485 Romano
1100 1437 1165 1487 tra·

101 1535 205 1602 etant,
221 1519 281 1587 alia
302 1542 434 1600 manus,
451 1536 575 1609 partem
597 1521 754 1584 exercitus
772 1521 832 1584 iter
850 1521 1019 1586 facientem
1037 1521 1165 1602 adorta,

100 1622 242 1691 turbavit
253 1638 452 1710 postremos,
463 1621 836 1712 impedimentorumque
848 1621 999 1686 nonnihil
1010 1625 1164 1714 abripuit.

100 1724 282 1789 Redierunt
295 1724 509 1789 nihilominus
529 1746 603 1787 cum
620 1724 786 1813 promissis
803 1723 966 1812 equitibus
983 1724 1094 1813 legati5
1112 1749 1167 1791 ve·

62 1875 67 1882 .
100 1825 253 1915 uiamque
271 1825 380 1891 delicti
398 1841 560 1914 petentes,
580 1825 776 1889 excusabant
794 1826 835 1887 ab
855 1829 976 1913 ignaris
999 1828 1086 1891 ιἠἰῐω
1102 1851 1165 1916 pq-

97 1930 208 1992 ettonis
226 1931 432 1993 commissum.
448 1930 490 1992 At
504 1928 675 1992 Marcellus
691 1928 814 2016 equites
830 1928 864 1990 in
883 1928 1011 1991 vincula
1028 1926 1165 2009 conjici,

99 2051 201 2116 aquos
213 2029 309 2093 vendi
317 2031 430 2110 jussit:
445 2044 477 2093 et
491 2052 567 2093 mox
575 2029 704 2093 vastatis
716 2029 955 2119 Nergobrigum
967 2029 1068 2117 agris,
1082 2051 1165 2115 prae-

97 2129 205 2218 daque
219 2131 376 2195 militibus
395 2130 511 2212 divisa,
528 2129 687 2218 oppidum
705 2128 875 2193 obsidione
895 2127 1005 2191 cinxit.
1026 2128 1165 2216 Conspi·

98 2230 161 2293 cati
177 2231 357 2318 perleulum
368 2231 477 2294 hostes
493 2230 586 2318 (strui
601 2231 688 2294 enim
700 2230 872 2294 Marcellus
885 2252 1032 2318 aggeres,
1049 2228 1164 2293 admo-

96 2332 231 2419 verique
252 2332 415 2396 machinas
444 2331 599 2417 jusserat)
622 2332 866 2395 caduceatorem
895 2333 1027 2412 misere,
1052 2355 1164 2421 pacem

96 2448 235 2495 orantes.
252 2433 400 2496 Amictus
417 2433 468 2496 ille
484 2433 547 2496 fuit
562 2433 644 2519 pelle
661 2431 747 2519 lupi,
765 2429 854 2519 quod
871 2432 909 2495 iis
929 2431 1080 2522 gentibus
1102 2456 1164 2522 pro

94 2531 237 2596 caduceo
251 2533 375 2623 pacifici
391 2534 498 2596 nuntii
516 2533 646 2621 signum
665 2549 722 2597 est.
741 2533 885 2613 Consul,
898 2534 982 2596 nihil
994 2538 1031 2596 iis
1050 2558 1162 2623 exspe-

93 2635 246 2698 ctandum
265 2637 392 2723 pacati,
415 2633 597 2722 respondit,
616 2636 678 2696 nisi
694 2636 834 2698 Arracei
846 2658 968 2715 omnes,
986 2636 1162 2700 Bellorum·
1229 2635 1230 2644 ’

93 2750 199 2823 quaet
223 2737 401 2800 Tittlrorum
418 2733 533 2822 populi
543 2757 609 2798 una
628 2750 777 2822 rogarent
790 2758 922 2822 :neque
941 2759 1031 2799 mora
1048 2738 1080 2799 In
1102 2737 1162 2801 illis

93 2837 175 2916 fuit,
196 2859 313 2900 venere
332 2837 430 2899 trium
447 2836 613 2898 civitatum
633 2837 745 2925 legati,
768 2839 957 2926 rogitantes,
976 2854 1027 2919 ut,
1045 2839 1161 2903 tolera-

94 2937 152 3000 bili
162 2936 281 3000 mulcta
297 2940 451 3024 imperata
456 2984 466 3014 ,
485 2938 630 3024 recuteret
645 2959 748 2999 orrrnas
769 2940 802 3000 in
827 2936 1010 3004 Gracchani
1023 2939 1161 3027 soederis

97 3037 188 3126 leges.

121 3126 193 3204 'Vt
206 3138 478 3203 Contradicebant
492 3139 542 3202 his
553 3138 686 3201 aliarum
700 3140 846 3228 gentium
859 3155 1019 3221 oratores,
1030 3142 1103 3228 qui,
1120 3142 1160 3206 ab

92 3241 239 3307 mvaccis
256 3241 415 3328 sociisque
432 3240 517 3304 hello
540 3240 664 3320 vexati,
679 3240 769 3326 quod
787 3263 996 3303 romanarum
1018 3244 1157 3330 partium

93 3360 219 3425 essent,
235 3341 480 3406 obtestabantur
499 3343 685 3422 consulem,
703 3356 739 3406 ut
751 3365 816 3406 suoe
838 3344 984 3407 iudaeae
1000 3344 1096 3408 simul
1109 3369 1157 3409 se·

91 3446 290 3532 curuatisque
302 3448 454 3507 rotronem
469 3458 584 3532 ageret.
599 3445 738 3527 Consul,
751 3467 817 3507 non
835 3444 942 3506 minus
960 3444 1034 3508 belli
1049 3445 1159 3512 adver·

92 3570 146 3611 sus
159 3546 271 3610 duram
286 3563 416 3634 gentem
429 3545 562 3608 srniendi
573 3545 728 3633 cupidus,
742 3569 839 3634 quam
851 3546 1050 3611 voluntatem
1065 3570 1155 3612 suam

92 3648 204 3711 callide
226 3664 354 3736 tegens,
378 3666 535 3734 utrosque
559 3647 668 3726 rejecit
687 3647 727 3710 ad
750 3663 917 3728 senatum,
945 3647 1156 3738 induciasque

93 3772 168 3813 curn
183 3749 350 3831 hostibus,
366 3749 470 3813 donec
485 3749 580 3838 legati
592 3764 840 3828 reverterentur,
851 3764 984 3834 pactus,
1000 3749 1153 3815 hiberna·

91 3868 164 3916 turn
187 3849 265 3912 abiit
287 3849 489 3932 Cordubam,
513 3873 655 3937 eumque
676 3849 785 3912 locum
807 3848 1049 3914 abundantibus
1073 3853 1153 3925 circa

91 3953 173 4043 agris
191 3948 312 4015 alendae
330 3951 503 4015 hominurn
527 3949 728 4014 multitudini
749 3973 814 4013 non
835 3950 1083 4016 incommodum
1107 3955 1152 4016 vi·

92 4053 228 4133 dens,in
240 4051 329 4115 urbis
340 4052 479 4139 speciem
489 4067 584 4139 atque
597 4049 854 4141 magnitudinem
864 4051 1080 4116 exaedificavit.
1092 4053 1155 4125 Sed

91 4156 123 4219 in
141 4155 317 4235 Lusitania,
335 4169 506 4241 postquam
521 4155 555 4216 L.
571 4153 750 4216 Mummius
766 4151 807 4215 ad
824 4152 1026 4241 triumphum
1044 4152 1154 4219 deces-

91 4257 201 4337 sisset,
224 4255 269 4319 M.
291 4254 408 4320 Atilius
430 4271 547 4342 praetor
566 4255 762 4341 provinciam
784 4255 931 4343 occepit:
957 4253 1014 4315 ubi
1033 4277 1154 4343 quum,

48 4412 52 4417 ,
91 4356 302 4445 septingentis
316 4355 459 4421 hostium
474 4355 665 4436 interfectis,
682 4357 797 4419 urbem
816 4355 1010 4435 Oxtltracas,
1025 4355 1064 4422 iis
1078 4358 1155 4424 locis

91 4460 275 4542 maximam,
291 4474 495 4548 occupasset,
512 4480 616 4547 eoque
638 4475 729 4522 metu
747 4458 850 4523 vicina
867 4455 985 4544 oppida
1000 4459 1154 4527 Romanis

90 4562 284 4640 adjunxisset
295 4562 394 4649 (inter
403 4583 475 4649 quae
486 4584 558 4650 pars
569 4561 676 4650 aliqua
689 4562 871 4627 Vettonum
880 4558 959 4642 fuit,
968 4558 1079 4627 vicina
1090 4563 1155 4628 Lu·
