2594 4980
209 743 260 810 IN
289 744 403 810 LOC.
430 744 525 810 LIB.
553 745 713 811 LXXIV
746 689 960 812 LIVIANI.
1048 741 1119 838 093

53 880 162 944 erant,
186 883 219 927 et
240 864 363 927 accolas
389 863 529 927 habebat
553 865 711 952 scythicas
731 864 893 946 nationes,
913 889 1001 953 quae,
1017 890 1120 954 quum

53 990 148 1052 agros
168 966 291 1045 nullos,
308 981 365 1027 aut
380 966 504 1029 steriles
518 966 693 1046 baberent,
712 965 923 1030 multitudine
940 982 1049 1030 tamen
1068 967 1123 1030 ho·

55 1068 181 1130 minum
197 1068 350 1148 majorem
366 1067 401 1129 in
419 1066 554 1131 modum
569 1065 790 1132 abundabant.

101 1170 185 1232 XVI.
206 1169 309 1257 Igitur
322 1185 355 1231 et
368 1167 410 1232 ad
429 1168 522 1249 istos,
540 1185 573 1231 et
592 1169 625 1231 in
642 1168 781 1232 vicinam
798 1167 917 1233 deinde
933 1169 1122 1233 Sarmatiam

55 1271 139 1333 mitti
156 1272 276 1360 legatos
293 1271 432 1357 placuit,
452 1271 538 1359 larga
555 1269 733 1359 stipendia,
752 1262 945 1335 horioratam
957 1271 1124 1351 militiam,

55 1371 235 1435 luculentas
255 1372 476 1458 possessiones
493 1388 729 1454 ostentaturos,
747 1395 854 1460 operae
873 1388 985 1437 contra
1003 1375 1124 1435 Roma·

56 1496 115 1536 nos
129 1473 284 1536 navandae
302 1489 387 1538 certa
403 1490 437 1537 et
450 1496 567 1562 magna
585 1474 725 1561 praemia.
744 1474 854 1538 Parthi
868 1496 1001 1562 quoque
1019 1472 1125 1537 Medi-

55 1598 137 1662 que,
156 1592 189 1638 et
197 1576 302 1655 Iberi,
320 1598 396 1639 cum
405 1575 608 1664 Gallogroecis
622 1577 849 1663 Bastarnisque
858 1576 892 1638 in
906 1574 1011 1639 foedus
1026 1574 1126 1639 adsci-

56 1694 205 1741 scuntur.
223 1678 299 1741 IIaec
316 1678 420 1742 ferme
440 1700 550 1741 rerum
574 1700 783 1740 romanarum
801 1677 898 1741 facies
919 1693 1004 1758 erat,
1021 1699 1125 1763 quum

56 1781 115 1842 Cu.
130 1780 305 1867 Pompeius
317 1780 388 1842 Sex.
403 1779 439 1842 F.
455 1780 516 1842 Cn.
529 1778 570 1841 N.
583 1778 718 1858 Strabo,
735 1779 770 1842 L.
784 1777 919 1841 Porcius
930 1777 975 1841 M.
985 1777 1073 1840 ΚΜ.
1083 1777 1124 1839 Ν.

56 1883 138 1943 Cato
149 1881 314 1962 consules,
332 1880 555 1969 magistratum
567 1878 723 1942 inierunt.
739 1880 779 1942 In
790 1878 966 1966 Campania
977 1880 1013 1942 L.
1023 1881 1127 1940 Caesar

56 1999 169 2045 contra
188 1985 225 2046 C.
239 1982 376 2069 Papium
395 1982 551 2045 Mutilum
567 1972 670 2044 castra
686 1979 729 2044 ad
746 1985 880 2046 Acerras
897 2002 973 2043 cum
990 2002 1128 2068 procon-

56 2084 155 2146 sulari
178 2083 317 2170 imperio
338 2076 504 2148 babebat:
526 2105 634 2169 neque
658 2098 823 2146 certamen
841 2082 974 2170 aliquod
996 2081 1127 2161 majoris

56 2185 132 2247 aleoe
146 2184 357 2267 movebatur;
375 2182 605 2249 tantummodo
626 2184 882 2248 frumentatione
895 2201 929 2248 et
942 2199 1127 2248 commeatu

57 2287 196 2350 invicem
211 2287 440 2374 prohibebant.

103 2389 205 2452 XVII.
232 2389 361 2470 Quibus
380 2389 478 2453 rebus
504 2389 653 2476 superior
670 2390 794 2470 Caesar,
819 2390 912 2470 cujus
931 2387 1041 2450 castris
1060 2387 1126 2450 I'er·

57 2491 224 2555 tiIissimus
242 2514 319 2580 ager
337 2491 488 2571 suberat,
511 2514 550 2553 eo
569 2488 701 2553 tandem
721 2489 919 2553 necessitatis
939 2485 1046 2575 adegit
1065 2488 1126 2551 ho·
1208 2567 1211 2574 Ι

56 2609 160 2671 stem,
179 2609 217 2657 ut
234 2594 324 2680 prior
346 2594 444 2657 motis
463 2592 575 2655 castris
592 2590 832 2678 profectionem
848 2587 1031 2651 adornaret.
1051 2588 1126 2650 Non

59 2709 183 2780 poterat
199 2695 232 2755 in
249 2710 338 2757 tanta
354 2693 517 2755 vicinitate
531 2706 714 2753 castrorum
727 2690 844 2767 latere,
864 2687 945 2774 quid
958 2704 1126 2775 ageretur:

58 2814 156 2879 ergo,
173 2793 356 2880 praeparatis
370 2790 542 2870 omnibus,
559 2807 623 2853 tam
641 2806 828 2877 opportune
846 2790 1023 2876 proconsul
1038 2789 1128 2876 signa

58 2894 92 2955 in
112 2892 287 2955 abeuntem
306 2892 434 2955 hostem
453 2892 581 2972 intulit,
598 2908 636 2954 ut
658 2891 727 2955 acie
746 2907 813 2955 tota
833 2890 977 2971 turbata,
993 2888 1034 2953 ad
1053 2907 1128 2953 octo

60 2994 231 3057 hominum
261 2994 359 3057 millia
381 2986 622 3081 prosterneret,
645 3016 812 3056 armorum
836 2993 932 3056 etiam
956 2993 988 3053 vi
1012 3014 1128 3081 magna

58 3097 219 3182 potiretur
239 3120 246 3160 ε
269 3119 343 3159 nam
361 3118 529 3184 superea,
547 3119 618 3183 quae
635 3095 724 3159 caesis
745 3093 949 3174 exciderant,
967 3118 985 3156 a
1003 3094 1129 3182 I'ugien·

59 3196 147 3260 tibus
165 3197 283 3284 passim
297 3198 428 3261 fuerant
441 3197 576 3276 abjecta.

103 3301 224 3364 XVIII.
243 3301 358 3387 Neque
377 3298 520 3363 deterius
535 3300 576 3363 ab
589 3300 659 3363 aIiis
681 3321 814 3386 quoque
828 3300 972 3361 romanis
989 3297 1130 3361 ducibus

59 3403 227 3488 copiisque
241 3425 291 3465 res
310 3402 372 3466 sub
388 3399 520 3465 eosdem
537 3399 605 3465 dies
625 3416 731 3489 gestae.
749 3401 809 3465 Cn.
821 3399 998 3484 Pompeius
1015 3399 1129 3462 consui

63 3504 239 3566 Asculanos
258 3520 391 3566 strenua
405 3502 577 3566 obsidione
590 3503 745 3591 urgebat,
760 3524 868 3589 neque
887 3501 1074 3565 Picentibus
1090 3500 1130 3563 ad

61 3603 277 3666 resistendum
295 3605 378 3667 vires
390 3621 499 3685 erant,
517 3606 627 3668 multis
642 3604 782 3669 adversis
794 3604 910 3691 praeliis
921 3604 1131 3667 vehementer

60 3707 180 3769 accisae.
199 3707 316 3792 Igitur,
336 3723 375 3770 ut
392 3708 497 3770 socios
516 3729 612 3794 opem
630 3722 759 3774 orantes
776 3704 941 3768 obsidioni
957 3705 1130 3780 eximeret,

61 3808 176 3893 ingens
193 3806 378 3870 Marsorum
400 3808 560 3871 exercitus
580 3808 679 3872 venit.
704 3808 819 3893 Neque
839 3795 972 3868 territus
998 3805 1129 3882 consul,

62 3907 161 3994 signis
173 3908 296 3971 collatis
308 3930 424 3996 magna
435 3926 468 3972 et
478 3909 563 3972 felici
576 3932 687 3998 pugna
701 3930 778 3972 cum
791 3907 842 3970 bis
855 3906 1029 3970 dimicavit.
1041 3906 1131 3969 Duo·

62 4008 217 4096 ‹leviginti
234 4010 378 4073 hostium
392 4011 582 4074 milliacum
602 4012 797 4099 imperatore
809 4010 950 4090 Franco,
966 4007 1028 4071 nisi
1044 4008 1129 4072 forte

62 4111 216 4174 AI'ranIus
232 4111 350 4191 fuerit,
367 4134 446 4174 caesa
463 4128 549 4176 sunt.

107 4215 196 4277 XIX.
219 4214 371 4294 Quatuor
387 4214 574 4278 Italicorum
593 4214 707 4292 millia,
728 4235 831 4300 quum
849 4212 991 4276 densatis
1007 4211 1131 4275 ordini·

98 4411 113 4473 §
129 4415 198 4459 XVI.
214 4413 244 4459 U.
255 4413 282 4460 C.
294 4414 359 4469 6633
373 4415 402 4458 I.
414 4413 443 4460 C.
455 4413 497 4472 80.
511 4438 545 4446 —
559 4412 686 4458 Memnon.
702 4437 736 4446 -
749 4410 841 4459 Justin.
853 4438 885 4447 -
896 4409 1003 4475 Appiam.
1018 4408 1131 4457 Mithrid.

63 4514 89 4558 p.
105 4504 155 4544 arti
170 4511 195 4545 ct
211 4502 269 4545 230.
281 4525 314 4534 —
325 4495 340 4561 S
352 4497 448 4545 xvut.
464 4496 635 4560 Liv.E1·n.-
646 4497 761 4547 0ros.V,
775 4497 816 4542 28.
