2594 4980
260 686 315 752 IN
347 685 461 753 LOC.
489 685 589 753 LIB.
616 683 775 753 LXXII
804 685 1034 756 LIVIANI.
1109 689 1181 763 655

113 838 126 862 ι
137 828 245 871 carere
263 805 345 868 ultra
362 804 451 883 jure,
468 803 558 891 quod
574 826 608 869 se
629 802 747 867 mereri
763 802 963 883 sentiebant,
987 807 1179 893 noluerunt,

113 941 126 963 ι
137 908 170 972 id
182 929 314 995 quoque
327 929 402 969 oum
414 906 475 969 illis
486 905 764 969 communicatum
777 920 835 968 est.
848 903 948 986 Quod
964 905 1062 995 igitur
1073 914 1180 978 tenuis

113 1026 207 1072 «tum
227 1024 258 1071 et
279 1007 375 1095 inops
397 1007 449 1070 illa
468 1006 654 1094 plebecula,
673 1006 725 1069 illa
741 1028 781 1069 ex
802 1006 897 1068 variis
914 1007 1012 1071 Italian
1032 1012 1178 1097 partibus

114 1143 125 1163 ιι
137 1109 269 1172 collecta
282 1108 452 1187 colluvies,
467 1108 616 1171 obtinere
631 1108 753 1195 potuit,
772 1106 806 1170 id
818 1107 896 1171 huic
911 1107 1007 1171 Italiae
1023 1133 1179 1204 pernega-

113 1241 126 1265 ι
136 1211 228 1287 bitis,
245 1209 406 1271 Romani?
420 1207 500 1296 quid
517 1210 603 1272 enim
618 1209 650 1271 in
664 1209 821 1296 petitione
836 1224 945 1273 nostra
961 1210 1013 1273 vel
1029 1212 1179 1300 iniquum

114 1343 126 1364 ι
133 1312 222 1390 jure,
236 1310 286 1374 vel
299 1310 445 1398 exemplo
460 1308 600 1390 foedum,
618 1310 668 1372 vel
679 1308 721 1373 ad
734 1309 853 1372 lamam
867 1307 1065 1375 dedecorum
1078 1314 1182 1378 inest?

138 1416 244 1494 Quam
256 1412 364 1475 multae
375 1415 509 1475 fuerunt
523 1410 756 1475 llorentissimae
770 1429 889 1473 nostrae
905 1411 1064 1492 civitates,
1079 1415 1181 1500 prius·

115 1537 235 1600 «quam
252 1516 355 1576 Roma
369 1512 588 1576 conderetur?
607 1528 728 1599 quanta
746 1511 871 1597 ubique
889 1512 1072 1599 principum
1086 1516 1181 1579 nobi·

114 1646 125 1668 ίι
135 1617 224 1694 litas,
240 1615 296 1702 qui
309 1614 502 1677 familiarum
519 1613 696 1701 splendor?
711 1611 768 1677 sed
784 1633 891 1699 neque
903 1614 1021 1677 virium
1039 1638 1181 1705 opumve

113 1748 124 1770 ιι
136 1717 340 1804 publicarum
360 1716 624 1802 privatarumque
640 1713 783 1801 poenitet.

157 1818 243 1882 XVI.
262 1817 376 1898 «Quid
393 1815 511 1880 deinde
531 1814 760 1903 postulamus?
778 1829 815 1876 ut
831 1836 923 1900 pares
941 1816 1051 1899 vobis,
1067 1840 1182 1906 quem·

112 1920 312 1984 «admodum
333 1942 466 2000 sumus,
488 1919 532 1982 ita
556 1917 744 1981 habeamur.
770 1918 889 1980 Haecne
915 1933 980 1980 tarn
1007 1919 1180 2007 impudens

112 2023 327 2109 «postulatio,
344 2037 473 2108 tamque
487 2020 722 2084 contumeliosa
740 2035 788 2083 est
804 2034 837 2083 et
858 2020 998 2103 nefaria,
1017 2038 1054 2084 ut
1069 2024 1179 2110 potius

113 2124 245 2185 «omnia
268 2122 417 2212 praesenti
441 2144 603 2210 exponere
630 2121 795 2207 periculo,
819 2136 943 2184 vastare
967 2137 1065 2209 atque
1088 2147 1182 2188 urere

113 2257 126 2281 ιι
136 2224 279 2303 Italiam,
304 2224 337 2286 in
365 2221 516 2286 eumdem
542 2244 652 2285 casum
678 2222 821 2284 colonias
847 2238 968 2286 vestras
989 2224 1180 2313 Urbernque

113 2358 125 2379 ιι
136 2328 236 2414 ipsam
254 2326 456 2413 permittere,
473 2323 614 2409 denique
627 2323 740 2386 caelurn
754 2321 863 2409 (quod
875 2322 982 2410 aiunt)
996 2340 1180 2414 terramque

114 2429 287 2507 amiseere,
305 2449 401 2514 quarn
420 2427 489 2491 haec
506 2424 685 2489 concedere
702 2424 872 2512 oporteat?
888 2424 950 2487 Per
969 2426 1036 2489 baec
1053 2429 1179 2507 omnia,

111 2562 123 2584 ιι
134 2553 205 2618 quae
231 2530 487 2608 nominavimus,
512 2543 544 2591 et
562 2550 620 2614 per
637 2544 773 2608 cuncta,
794 2550 865 2613 quae
891 2527 942 2589 his
967 2530 1180 2593 eontinentur

111 2632 259 2718 apietatis
273 2631 474 2715 all'ectusque
493 2628 667 2707 vocabula,
687 2627 787 2690 nolite
804 2628 1063 2715 consanguineos
1079 2653 1181 2718 popu·

111 2733 202 2809 «los,
232 2752 374 2816 quorum
405 2728 567 2791 deberetis
599 2748 705 2789 amare
733 2724 960 2806 concordiam,
988 2729 1179 2814 parricidiali

111 2831 220 2894 «bello
237 2830 455 2893 committere!
480 2828 581 2890 nolite
605 2849 662 2889 vos
686 2849 812 2912 nosque
832 2827 865 2888 in
885 2849 955 2890 eam
979 2828 1106 2918 adigere
1123 2853 1180 2894 ne·

112 2932 333 3008 «cessitatem,
350 2945 387 2991 ut
405 2950 465 3014 pro
481 2928 589 2991 hostili
606 2926 764 3015 sanguine
781 2944 955 3015 cognatum
973 2930 1178 2996 hauriamus:

112 3032 274 3121 eoppida,
293 3032 382 3109 fana,
397 3031 534 3109 domus,
549 3052 621 3116 quae
643 3029 801 3108 majorum
818 3030 972 3118 utrinque
991 3048 1177 3097 nostrorum

109 3135 282 3199 «manibus
295 3133 425 3197 condita
442 3147 535 3211 sunt,
553 3132 672 3194 nostris
689 3130 879 3211 diruantur3
901 3133 1176 3220 pulcherrimum,

110 3269 123 3295 ι
134 3237 224 3326 quod
236 3259 382 3323 unquam
400 3236 479 3316 fuit,
494 3234 664 3322 imperium
679 3256 752 3297 suas
766 3234 850 3298 intra
862 3237 973 3299 ruinas
988 3237 1177 3324 sepeliatur!

155 3339 258 3401 XVII.
277 3336 369 3400 «Nec
384 3337 471 3399 enim
487 3337 610 3399 nescire
628 3358 702 3417 vos,
716 3352 772 3399 aut
788 3336 951 3426 negligere
966 3338 1177 3422 arbitramur,

111 3455 254 3526 «quanta
273 3439 449 3526 eupiditate
468 3438 591 3501 externi
612 3460 704 3526 reges
725 3438 954 3524 nationesque,
978 3439 1097 3527 quibus
1111 3443 1178 3521 jam

111 3571 123 3595 ιι
135 3540 212 3602 olim
231 3562 391 3629 praegrave
411 3538 538 3602 videtur
561 3539 625 3601 boo
647 3538 840 3624 imperium,
863 3538 947 3603 hanc
968 3541 1059 3604 velut
1079 3566 1096 3606 a
1117 3543 1179 3609 diis

111 3642 275 3705 uoblatanr
296 3643 499 3705 occasionem
524 3644 589 3705 sint
614 3641 784 3727 arreptori.
803 3641 1044 3727 Antiquissimis
1067 3646 1178 3734 populi

111 3773 125 3798 ι
135 3743 260 3806 romani
275 3744 496 3805 monumentis
509 3741 662 3806 traditum
677 3742 873 3828 accepimus,
885 3765 1002 3828 paucas
1012 3747 1178 3810 allomulo

111 3859 240 3929 «raptas
266 3842 460 3904 Sabinorum
486 3843 653 3922 mulieres,
676 3865 779 3928 quum
804 3843 836 3904 in
864 3842 970 3907 media
991 3845 1079 3909 Urbe
1102 3847 1178 3911 inde

111 3976 123 4000 ιι
133 3961 238 4032 patres
252 3967 328 4007 suos
344 3944 541 4029 fratresque,
558 3943 636 4005 hinc
648 3944 780 4006 maritos
792 3942 945 4007 exitiabili
960 3946 1070 4031 praelio
1082 3945 1177 4010 dimi·

111 4070 205 4110 «care
222 4061 410 4123 cernerent,
429 4045 615 4107 interventu
633 4066 695 4107 suo
711 4044 928 4131 precibusque
943 4044 1076 4109 infestas
1092 4046 1177 4112 dire·

110 4180 123 4204 «
135 4149 231 4211 misse
243 4146 343 4225 acies,
357 4144 616 4232 recipiendisque
628 4146 661 4207 in
677 4145 840 4209 civitatem
856 4145 999 4223 Sabinis,
1015 4165 1178 4234 perpetuae

111 4248 315 4314 «concordiae
336 4245 526 4309 stabilivisse.
549 4248 677 4333 pignus.
703 4245 794 4310 Idem
822 4267 911 4308 nune
933 4268 1040 4331 neque
1062 4269 1178 4335 paucas

111 4366 296 4412 «matronas
316 4370 427 4426 orare,
451 4346 508 4409 sed
529 4346 655 4409 inlinita
681 4346 780 4411 millia
803 4344 941 4411 filiarum
964 4370 1179 4437 sororumque

114 4468 337 4533 «nostrarum,
349 4448 472 4537 quasin
483 4450 692 4514 matrimonio
707 4449 848 4529 habetis,
862 4464 1041 4514 vestrarum
1054 4451 1178 4533 itidem,
